2967 4950
448 315 667 376 ADVERSUS
691 317 934 379 catatonum.
1180 317 1241 374 7³1

188 477 221 534 8.
238 473 314 532 Cum
328 479 427 532 autem
445 481 528 551 pater
546 489 601 530 uec
619 471 656 529 ab
673 470 765 542 initio,
778 491 848 528 cum
860 471 982 530 fundum
997 469 1131 542 muniret,
1143 469 1188 529 eis
1199 468 1244 528 iu·

137 565 251 646 juriam
266 564 378 634 fecerit,
392 583 446 624 nec
458 563 505 622 isti
518 582 647 642 unquam
657 561 757 639 ‚questi
769 561 837 630 sint,
846 569 930 621 tanto
943 571 1072 641 tempore
1082 561 1244 640 interjecto,

143 656 363 730 et·alii,multis
381 667 412 716 et
432 657 546 736 magnis
567 654 665 715 affecti
687 654 813 725 damnis,
831 653 924 714 nihilo
941 655 1008 734 plus
1020 675 1074 717 ,me
1095 665 1244 726 accusent,

145 769 261 830 vosque
274 769 376 810 omnes
389 769 496 829 aquam
510 769 548 810 ex
563 748 676 808 aedibus
691 759 722 807 et
733 747 832 807 fundis
848 748 878 806 iu
896 747 958 807 vias
972 748 1096 808 educere
1113 747 1245 821 soleatis,

145 861 210 904 non
224 844 325 910 itame
340 853 419 902 amet
432 843 546 920 Jupiter
560 861 624 900 eam
638 860 704 921 quae
719 841 750 900 in
763 840 811 900 via
828 849 873 899 est
890 841 965 900 iutro
979 840 1144 911 admittere,
1156 847 1244 920 quor·

143 956 216 998 sum
235 936 317 1016 plura
331 936 458 996 dicenda
479 935 566 996 suntl
587 934 691 1013 Neque
712 934 789 994 enim
810 953 850 992 ex
869 933 914 991 his
929 936 1086 994 obscurum
1106 944 1160 1005 est,
1174 932 1244 994 mihi

143 1027 301 1090 manifeste
313 1029 488 1098 calumniam
499 1026 570 1096 fieri,
585 1047 675 1106 quum
690 1045 786 1104 neque
799 1025 932 1106 injuriam
947 1025 1005 1086 illis
1019 1026 1137 1105 faciam,
1149 1012 1249 1106 nequa

144 1103 222 1182 curn
232 1121 272 1180 cis
285 1131 343 1181 tam
356 1121 432 1182 male
447 1125 546 1181 actum
559 1119 597 1180 sit
606 1131 639 1179 ut
654 1120 767 1201 diqunt.
847 1164 850 1171 .

194 1217 228 1275 9..
239 1213 280 1274 Ut
298 1225 401 1274 autem.
412 1213 521 1285 sciatis,
540 1233 591 1273 eos
605 1225 635 1272 et
648 1212 772 1273 eluviem
790 1213 820 1270 iu
841 1213 917 1272 riam
931 1210 1105 1292 projecisser
1121 1222 1162 1285 et,
1176 1231 1245 1292 sepe
1316 1212 1318 1215 ’

145 1305 389 1378 circumductam,
410 1308 485 1366 viam
510 1306 706 1386 angustiorem
726 1305 874 1374 effecisse;
896 1316 927 1366 et
950 1325 996 1365 me
1018 1306 1140 1365 istorum
1161 1307 1246 1366 matri

140 1397 350 1481 jusjurandum
365 1399 514 1470 detulisse,
535 1409 565 1457 et
586 1419 603 1458 a
624 1419 691 1459 moa
711 1398 877 1478 postulasse
896 1409 930 1458 ut
947 1398 1026 1459 idem
1040 1397 1245 1477 jusjurandum

144 1489 242 1563 daret,
252 1511 326 1572 cape
340 1490 411 1550 mihi
424 1489 488 1551 haec
502 1491 669 1552 testimonia
681 1490 971 1570 etproroeatiouem.
1033 1521 1037 1528 ·

399 1720 669 1783 nasamonas.
712 1695 996 1784 ruovoourr'o.

148 1864 231 1934 Quid
252 1865 315 1926 istis
333 1866 499 1926 hominibus
519 1867 580 1926 fieri
600 1867 694 1947 possit
707 1866 927 1945 impudentius?
947 1887 1013 1946 quae
1026 1866 1172 1928 calumnia
1185 1885 1246 1927 ma·

142 1958 296 2019 nilestiori
335 1960 395 2038 qui,
416 1980 505 2039 quum
533 1961 589 2040 ipsi
611 1981 711 2041 sepem
738 1961 931 2040 produxerint
958 1970 988 2020 et
1014 1961 1091 2020 viam
1118 1979 1247 2040 exagge-

145 2052 250 2122 rarint,
268 2051 339 2112 alios
361 2053 421 2112 dati
440 2053 539 2112 damni
553 2064 705 2126 accusant,
722 2065 755 2114 et
775 2053 855 2113 mille
875 2053 1029 2113 drachmas
1050 2053 1113 2113 dari
1135 2053 1190 2112 sibi
1210 2072 1248 2114 ex

146 2143 265 2222 legibus
287 2147 405 2205 omniuo
426 2146 583 2225 postulant,
604 2166 727 2225 quorum
748 2148 881 2207 universa
896 2152 1013 2223 jactura
1030 2165 1089 2206 non
1102 2156 1148 2206 est
1161 2147 1246 2225 quin·

146 2237 293 2316 quaginta
306 2237 531 2298 drachmarum?
566 2239 655 2317 Atqui
674 2241 869 2309 considerate,
884 2240 1016 2309 Judices,
1030 2259 1118 2318 quam
1138 2238 1246 2299 multo-

147 2347 214 2390 rum
235 2329 312 2408 agris
338 2333 374 2390 ab
394 2351 472 2410 aqua
498 2331 638 2391 damnum
663 2333 765 2394 datum
784 2333 832 2402 ait,
854 2333 958 2410 partim
980 2332 1119 2392 Eleusine
1142 2331 1247 2411 partim

147 2420 215 2483 aliis
230 2422 259 2482 iu
273 2422 361 2497 lorias
388 2443 482 2502 neque
501 2435 608 2496 tamen,
628 2445 647 2486 o
667 2424 706 2485 dii
725 2423 912 2497 immortales,
925 2432 1026 2486 eorum
1048 2428 1173 2505 quisque
1195 2423 1247 2484 da·

148 2536 251 2575 muurn
267 2536 284 2575 a
298 2516 399 2575 ricinis
414 2519 530 2595 pensari
553 2520 606 2578 sibi
628 2518 769 2599 postulat.
808 2518 853 2577 Ae
875 2538 932 2596 ego
954 2520 1082 2596 quidem,
1099 2524 1185 2597 quem
1203 2519 1247 2577 iu·
1351 2561 1354 2567 ,

149 2606 267 2682 dignari
286 2608 450 2685 oportebat,
461 2620 580 2687 propter
593 2610 667 2670 viam
682 2621 712 2669 et
725 2610 925 2688 angustiorem
939 2621 971 2669 et
983 2611 1114 2670 altiorem
1128 2612 1247 2683 factam,

149 2694 291 2783 quiesco:
310 2699 373 2759 istis
391 2711 489 2760 autem
503 2722 539 2761 ea
552 2702 668 2764 licentia
680 2704 777 2775 datur,
792 2704 817 2762 si
834 2704 875 2763 ita
890 2704 933 2775 lit,
951 2710 986 2763 nt
1003 2706 1124 2765 affectos
1136 2705 1247 2785 injuriis

147 2794 238 2853 etiam
253 2792 477 2875 calumnientur.
506 2794 767 2877 Atqui,Callicles‚
783 2796 806 2853 si
816 2796 898 2855 vobis
910 2797 1021 2869 munire
1035 2798 1105 2857 licet
1118 2810 1247 2857 restrum

136 2884 384 2969 .iundum,.nobis
399 2886 499 2964 utique
513 2897 644 2947 nostrum
658 2908 775 2967 quoque
788 2888 888 2949 licuit:
911 2890 956 2949 sin
979 2900 1062 2968 pater
1079 2909 1163 2949 meus
1183 2909 1248 2949 mu·

149 2976 262 3037 aiendo
276 2977 357 3037 vobis
373 2978 503 3057 injuriam
527 2979 604 3050 fecit,
620 2991 649 3039 et
669 3001 721 3041 vos
744 3001 824 3041 nunc
842 2981 912 3039 mihi
932 2982 1027 3041 facitis
1050 2982 1185 3062 iujuriam
1204 2983 1248 3042 sio

151 3069 322 3129 muniendo.
365 3070 441 3129 Cum
465 3070 541 3129 enim
564 3080 661 3130 vester
684 3072 796 3130 fundus
817 3071 931 3149 magnis
954 3072 1033 3131 saxis
1054 3072 1248 3144 combussit,

150 3161 225 3223 satis
249 3173 376 3241 apparet,
391 3154 497 3243 aquam
518 3183 618 3223 rursus
639 3162 668 3223 in
692 3184 789 3223 meum
803 3164 926 3223 fundum
940 3174 1110 3224 venturam:
1130 3174 1210 3243 post,
1224 3165 1249 3225 si

148 3256 193 3315 ita
206 3255 353 3326 ceciderit,
367 3256 518 3335 inopinato
532 3276 646 3315 murrum
662 3266 880 3334 prostraturam.
921 3257 981 3317 Sed
995 3276 1052 3335 ego
1065 3267 1182 3338 propter
1190 3258 1249 3319 hoc

147 3367 200 3411 eos
223 3347 314 3408 nihilo
337 3348 432 3427 magis
454 3368 572 3419 accuso,
596 3349 649 3409 sed
668 3349 815 3408 fortunam
838 3350 907 3408 boni
928 3350 1061 3421 consulo,
1078 3361 1108 3410 et
1126 3362 1160 3409 ut
1182 3370 1250 3412 mea

147 3452 235 3502 tuear
248 3461 366 3520 operam
382 3442 468 3502 dabo.
511 3441 588 3501 Nam
602 3452 631 3502 et
651 3442 751 3511 istum,
765 3441 815 3520 qui
836 3461 890 3501 sua
909 3444 1012 3522 sepiat,
1027 3462 1146 3522 sapere3
1168 3444 1249 3523 quod

149 3546 250 3595 autem
276 3534 344 3591 mihi
367 3533 446 3593 litem
460 3545 569 3607 movet,
582 3546 612 3595 et
633 3531 879 3615 improbissimum
900 3548 931 3595 et
947 3536 1054 3596 mentis
1067 3528 1164 3597 error'e
1178 3538 1251 3598 alle·

149 3640 232 3691 ctum
249 3648 325 3697 esse,
339 3628 481 3689 existimo.
593 3629 603 3636 “

194 3723 242 3781 10.
265 3722 312 3781 Ne
336 3741 403 3781 vero
422 3722 576 3800 miremini,
597 3723 731 3793 ludices,
753 3726 838 3783 istius
862 3724 1085 3802 improbitatem,
1099 3720 1196 3803 neque
1218 3726 1250 3785 in

148 3813 342 3893 impingendo
365 3813 440 3872 lalso
459 3815 578 3875 crimine
592 3816 757 3875 audaciam.
784 3817 877 3875 'Nam
891 3816 972 3895 prius
985 3814 1085 3887 etiarn,
1098 3837 1164 3877 cum
1179 3838 1252 3878 con·

148 3906 271 3967 sobrino
286 3926 340 3965 suo
353 3907 546 3985 persuasisset
560 3920 594 3968 ut
607 3909 674 3967 mihi
693 3906 774 3968 liteiu
788 3920 918 3969 moveret
930 3910 969 3969 de
982 3909 1086 3977 fundo,
1100 3910 1252 3989 pactiones

148 4000 368 4061 commentitias
381 4000 514 4078 protulit,
528 4011 560 4060 et
573 4020 651 4059 nunc
666 4000 730 4079 ipse
751 4020 798 4060 me
818 4000 877 4059 alio
885 4001 1000 4080 judicio
1013 4002 1164 4063 absentem
1178 4022 1251 4061 con·

148 4090 302 4153 damnavit
326 4092 423 4152 arbitri
450 4094 604 4162 sententia,
621 4093 729 4153 Callari
752 4093 868 4162 nomine
892 4095 942 4173 qui
961 4115 1036 4155 unus
1057 4106 1104 4155 est
1123 4116 1140 4155 e
1161 4095 1252 4156 servis

149 4185 236 4245 meis.
279 4184 356 4244 Nam
370 4196 477 4263 praeter
495 4186 552 4245 alia
571 4184 685 4246 scelera
702 4186 790 4247 etiam
811 4186 868 4246 hoc
886 4187 1084 4247 commentum
1105 4186 1253 4264 excogita·

148 4286 240 4335 runt:
264 4274 414 4336 Callarum
429 4275 558 4355 ejusdem
569 4276 697 4337 criminis
711 4298 792 4337 reum
807 4290 910 4357 agunt.
951 4279 1024 4345 Quis
1039 4289 1135 4338 autem
1150 4298 1253 4341 servus

150 4367 266 4448 injussu
279 4368 388 4427 domini
403 4388 504 4447 agrum
520 4381 604 4449 septo
618 4370 822 4431 circundaret?
848 4371 923 4430 Cum
935 4382 1032 4431 autem
1045 4371 1124 4449 quod
1135 4371 1254 4433 Callaro

151 4459 294 4540 objiciant
313 4460 385 4521 nihil
405 4460 484 4522 aliud
503 4461 641 4538 habeant,
654 4476 774 4545 propter
797 4464 826 4525 id
848 4473 975 4544 septum,
993 4484 1053 4543 quo
1074 4464 1155 4527 facto
1170 4480 1254 4548 pater
