2967 4950
377 355 378 360 ¹
444 333 925 400 Exortmncoucrouum.
1177 339 1236 399 809

139 509 232 572 quam
247 489 336 563 aliud,
350 491 389 551 oh
412 489 486 551 illud
508 493 612 552 saltem
633 501 821 572 utrorumque
844 491 991 553 orationes
1015 488 1115 557 audire
1136 493 1234 568 velim,

135 583 187 657 uit,
201 583 227 644 si
239 581 375 661 quaeda'rn
388 584 452 663 quis
470 585 578 645 rectius
595 603 684 664 quam
699 586 833 666 impetus
846 599 942 647 vester
963 596 993 646 et
1012 585 1157 666 cupiditas
1174 589 1237 649 »lert

141 677 261 748 diceret,
286 676 351 757 ejus
364 668 525 738 consilium
547 677 814 758 amplecteremini:
836 681 880 739 siu
896 675 1097 741 destitueretur
1108 681 1235 759 ‘iugenio

140 789 239 852 neque
262 771 438 832 seutentiam
461 770 547 831 animi
570 770 783 850 sui-explicare
805 783 917 851 posset,
931 785 965 832 ut
986 774 1017 836 id
1040 774 1068 833 ei
1088 793 1153 845 sue,
1174 794 1235 834 nou

139 873 240 924 vestra
262 862 351 943 culpa
373 865 422 942 qui
446 863 546 923 audire
568 862 675 934 nolitis,
689 863 832 922 accidisse
851 863 1003 925 rideretur.
1046 864 1160 924 Deinde
1174 885 1236 927 uon

140 965 227 1016 tauta
253 955 386 1016 molestia
407 955 604 1028 efficeremini,
624 953 753 1033 siquem
783 956 876 1015 multa
900 967 1061 1035 ungentem
1084 959 1235 1032 audiretis,

140 1055 263 1128 quanta,
277 1046 302 1106 si
316 1067 402 1124 quem
416 1049 465 1126 qui
486 1055 680 1126 oppurtunum
695 1044 806 1125 aliquid
821 1047 900 1107 dictu
913 1048 1036 1109 haberet
1047 1049 1235 1130 prohibeatis.

141 1143 190 1200 Ac
202 1139 373 1220 principium
387 1139 505 1218 quidem
521 1149 566 1199 est
578 1150 657 1199 recte
670 1140 814 1220 probandi
834 1140 940 1212 omnis,
954 1140 986 1200 ut
1007 1161 1044 1202 ne
1062 1143 1134 1220 quid
1148 1153 1236 1206 autea

139 1251 196 1294 vos
208 1243 306 1292 tenere
320 1232 439 1311 putetis,
452 1251 538 1311 quam
551 1231 755 1312 cognoveritis,
768 1252 836 1291 cum
850 1231 1010 1312 praesertim
1023 1233 1133 1305 sciatis
1154 1254 1234 1316 saepe

133 1327 198 1408 jam
212 1324 322 1384 multos
344 1325 466 1385 consilia
484 1333 623 1385 mutasse.
666 1324 756 1393 Quod
778 1325 803 1385 si
826 1343 905 1384 nunc
918 1325 1001 1385 vohis
1018 1321 1084 1401 haec
1095 1345 1236 1406 persuasa

136 1417 258 1491 fuerint,
272 1417 333 1478 fore
345 1426 417 1495 puto
435 1425 469 1476 ut
480 1417 582 1496 paucis
596 1417 691 1477 verbis
702 1428 732 1477 et
745 1417 809 1496 ipse
822 1416 920 1480 dicere
936 1417 1044 1499 aliquid
1053 1418 1119 1500 jure
1133 1419 1233 1481 'videar

137 1521 170 1571 et
186 1529 234 1570 me
245 1509 327 1570 vobis
341 1509 450 1589 optime
461 1509 613 1571 consulere
622 1519 772 1590 appareat.
1055 1504 1082 1512 ”

664 1653 700 1714 V.

180 1760 366 1839 Quanquam,
381 1759 591 1833 Athenienses,
599 1758 692 1820 multa
705 1761 794 1820 verbe
805 1760 885 1821 iacta
897 1770 969 1821 sunt
987 1761 1025 1821 ah
1046 1763 1182 1824 annuus
1195 1762 1232 1832 iis

135 1855 192 1934 qui
204 1853 326 1914 consilia
339 1853 495 1928 dederuut,
509 1873 561 1914 vos
582 1863 684 1912 tamen-
698 1860 779 1912 nuuc
797 1852 890 1914 nihilo
907 1853 1042 1932 proprius
1055 1855 1094 1914 ab
1107 1855 1172 1935 ejus
1185 1857 1232 1915 ln·

135 1948 287 2019 ventione,
301 1947 381 2027 quod
402 1947 550 2026 agendum
574 1945 621 2018 sit,
643 1947 749 2006 abesse
774 1946 871 2018 video,
896 1965 985 2026 quam
1006 1946 1176 2026 priusqumn
1200 1950 1232 2008 in'

137 2038 565 2101 concionem-adscendissetis.
607 2038 701 2118 Cujus
725 2040 768 2098 rei
788 2058 890 2112 causa,
911 2039 1026 2118 opinor,
1048 2048 1094 2100 est
1116 2040 1231 2114 eadem,

137 2141 275 2212 qualest
294 2142 329 2192 ut
348 2152 462 2194 summa
486 2131 572 2212 Reip.
587 2131 708 2192 laboret.
750 2131 815 2190 Nec
832 2131 910 2190 enim
923 2131 962 2190 de
973 2131 1130 2210 propositis
1143 2133 1232 2192 rebus

135 2234 326 2286 vosmouent
338 2235 489 2286 oratores:
510 2224 564 2284 sed
577 2243 608 2284 se
621 2221 749 2283 invicem
763 2236 905 2284 accusant
915 2234 947 2284 et
959 2223 1152 2304 proscindunt
1162 2243 1232 2302 qno,

135 2327 245 2396 ntegri,
256 2313 375 2396 quidem
384 2316 498 2394 judico,
514 2315 696 2378 consuesseti
715 2325 799 2376 extra
813 2315 969 2395 judicium,
980 2326 1117 2397 quantas.
1129 2316 1231 2378 clades

133 2411 291 2483 invexerit,
305 2409 415 2483 audire,
429 2409 582 2490 siquando
603 2409 634 2468 iu
648 2412 698 2483 jus
715 2418 857 2468 vocentur
872 2415 952 2487 (cum
970 2428 1024 2468 vos
1041 2408 1114 2468 nihil
1126 2401 1230 2469 audire

134 2504 207 2563 novi
221 2504 339 2582 putetis,
353 2505 406 2563 aad
427 2524 465 2563 ea
482 2514 676 2583 tantum-qum
690 2521 769 2583 saepe
783 2522 836 2562 vos
856 2502 1087 2577 commoverint),
1100 2503 1139 2563 de
1159 2504 1231 2565 faci·

134 2596 257 2657 notibus
271 2616 370 2657 eorum
388 2595 776 2675 ¹clementiuspronunciatis
796 2605 827 2655 et
844 2596 994 2675 judiceris.
1034 2600 1082 2659 Ac
1101 2596 1233 2675 istaque

135 2690 175 2749 de
189 2708 280 2749 causa
293 2688 552 2761 faciant,'stultitiee
564 2688 688 2749 fortasse
701 2687 789 2746 fuerit
804 2687 944 2769 indagare
957 2688 1099 2749 curiosius
1113 2690 1143 2748 iu
1156 2710 1231 2769 pra·-

136 2782 253 2843 sentia:
272 2780 326 2841 sed
348 2782 417 2860 quia
430 2780 513 2841 vobis
529 2800 597 2839 ‚non
620 2778 788 2861 expediunt,
800 2780 869 2841 ideo
881 2800 918 2841 ea
931 2780 1122 2861 reprehendo.
1165 2782 1231 2861 Ego
1257 2834 1260 2839 .

135 2894 209 2936 veto
222 2892 280 2935 uec
293 2875 436 2937 accusabo
450 2892 624 2952 quemquam
636 2872 733 2945 hodie,
746 2891 843 2950 neque
863 2872 924 2932 tale
941 2874 1098 2951 quiequam
1111 2873 1231 2953 pollice·

133 2973 203 3043 hor,
212 2967 296 3049 ‘quod
307 2986 367 3027 non
380 2986 397 3026 e
410 2967 533 3047 vestigio
546 2966 678 3047 probem,
691 2984 787 3044 usque
800 2966 926 3044 denique
938 2966 1007 3026 illos
1018 2965 1080 3026 ulla
1093 2986 1130 3026 ex
1147 2977 1230 3045 parte

132 3062 289 3125 imitabors
309 3060 363 3120 sed
376 3077 444 3139 qum
464 3070 527 3119 turn
550 3057 738 3119 conficiendis
762 3059 850 3118 rebus
870 3057 1031 3137 aptissima,
1044 3058 1230 3117 tnm'delihess

133 3154 269 3217 rantibus
282 3154 365 3215 vohis
387 3151 470 3212 utilia
484 3150 627 3225 existimo,
640 3149 684 3209 his
701 3168 791 3229 qnam
810 3149 979 3210 brevissime
998 3149 1162 3232 explicatis,
1176 3150 1229 3209 ‹le-⁵

132 3248 284 3311 srrrrrrtlruu⁸
301 3272 305 3279 ·

658 3348 711 3409 vl.

178 3474 239 3544 Qui
251 3477 376 3549 majores
387 3480 498 3529 vestros
510 3466 645 3541 laudaut,
659 3464 864 3537 Athenienses,
879 3464 1038 3525 orationem
1055 3462 1099 3523 illi
1111 3461 1230 3544 quidem

130 3566 289 3629 instituere
312 3564 382 3624 mihi
409 3562 542 3621 videntur
562 3560 723 3641 jucundam
746 3558 857 3630 auditu,
871 3578 931 3618 uon
949 3568 1011 3617 tam
1034 3576 1133 3617 eorum
1156 3576 1231 3635 qnos

129 3662 288 3725 celebrant
314 3657 420 3719 servire
445 3654 616 3717 commodis.
657 3652 799 3733 Aggressi
820 3653 897 3711 cuim
919 3670 976 3723 res,
989 3668 1062 3727 quas
1085 3648 1232 3729 explicare

129 3754 262 3817 diceudo
275 3772 328 3835 pro
342 3750 485 3831 dignitate
498 3766 586 3807 uerno
604 3746 771 3827 queat,‘ipsi
789 3744 906 3824 quidem
925 3740 1231 3821 eloquentioelaudem

128 3854 298 3927 reportant,
313 3844 366 3905 sed
388 3842 475 3903 iidem
489 3840 619 3901 efficiunt
637 3850 671 3899 ut
689 3838 726 3898 de
748 3836 865 3897 illorum
878 3835 985 3894 virtute
996 3843 1138 3912 concepta
1152 3834 1232 3920 apud

128 3939 285 4004 auditores
309 3936 407 4017 opinio
434 3936 590 3994 minuetur.
631 3920 696 4009 Ego
719 3948 788 3989 vero
815 3927 970 3987 maximam
995 3925 1111 3987 virtutis
1131 3944 1232 3985 eorum

128 4034 256 4097 laudem
269 4042 384 4111 tempus
395 4047 457 4088 esse
468 4036 559 4106 puto:
581 4022 662 4105 quod
675 4042 742 4083 cum
755 4022 866 4081 interea
880 4039 938 4080 nou
952 4022 1090 4100 exiguum
1114 4018 1152 4076 sit
1172 4016 1233 4075 era:

126 4134 233 4211 psum,
247 4125 334 4183 rebus
349 4126 447 4180 tainen
461 4118 575 4178 illorum
590 4114 681 4197 gestis
694 4116 807 4195 majora
825 4112 897 4172 nulli
916 4112 964 4172 alii
984 4113 1130 4190 suscipere
1145 4118 1232 4187 potu-

125 4228 233 4283 erunt.
267 4216 332 4295 Ego
355 4222 452 4272 autem
477 4228 595 4291 operam
609 4209 697 4281 dabo,
715 4217 748 4266 ut
769 4207 912 4270 rationem
929 4204 1072 4285 explicem
1081 4212 1144 4289 'qua
1162 4201 1232 4261 mihi

124 4313 246 4395 optime
271 4325 358 4391 posse
383 4305 516 4365 instructi
538 4322 604 4363 esse
627 4300 815 4361 videamini(
842 4300 889 4359 lta
911 4300 989 4374 enim
1012 4316 1044 4357 se
1064 4314 1110 4391 res
1134 4294 1233 4356 habet.

121 4402 267 4469 Tametsi
281 4421 336 4461 nos
350 4408 478 4459 oratores
494 4400 595 4456 omnes
609 4394 782 4472 'eloquentes
799 4392 959 4463 videamur,
972 4389 1063 4448 nihilo
1077 4398 1175 4448 tamen
1188 4408 1233 4450 res

118 4508 247 4563 vestras
264 4492 383 4553 meliore
395 4490 463 4552 loco
477 4488 538 4549 iore
548 4487 619 4548 satis
632 4486 713 4611 scip:
735 4484 788 4545 sed
802 4484 827 4543 si
840 4483 905 4563 quis
918 4481 1064 4561 (quisquis
1074 4480 1123 4541 ills
1134 4481 1236 4568 pluerit)

666 4600 684 4635 u
697 4592 716 4635 u
