2967 4950
207 296 211 304 '
253 300 313 377 o'ro
529 310 748 373 rovenses
770 304 1070 373 mactatarum

253 470 322 529 tiam
336 469 444 529 habeat
455 489 512 529 non
527 470 611 529 nobis
626 468 678 528 sed
693 469 828 541 fortunae,
841 469 921 547 quod
932 469 1030 527 multe
1040 478 1071 526 et
1084 467 1256 525 necessaria
1270 464 1349 527 dila·
1455 463 1456 548 l

254 561 348 621 tiones
362 561 476 621 interim
490 560 664 635 inciderunt,
679 572 713 620 ut
725 582 805 622 nuuc
818 561 935 641 demum
950 561 987 620 de
1000 560 1041 621 eis
1057 559 1212 621 uobiscum
1224 568 1351 619 certent.
1455 551 1456 626 l

299 656 344 713 16.
366 653 419 713 lsti
433 663 529 714 autern
543 654 617 714 tales
630 652 762 715 homines
777 666 856 725 suut,
868 655 1000 725 ludices,
1009 663 1043 713 ut
1052 653 1124 713 nihil
1133 663 1244 725 curent,
1252 673 1350 733 neque
1455 633 1456 714 l

170 772 176 789 ·
256 747 396 807 familiam
410 746 537 826 Hagniae
551 747 723 819 desolatam,
736 767 831 826 neque
845 757 961 817 caetera,
973 747 1004 805 in
1017 746 1121 825 quibus
1131 746 1214 824 leges
1227 745 1350 806 violant.

257 840 315 908 Qui
345 838 471 917 quidem,
493 838 563 919 proh
591 839 691 897 divum
716 838 924 918 hominumque
952 837 1203 918 fidem-reliqua
1231 839 1351 898 narrare

258 950 395 1010 quorsum
412 929 567 990 attineret?
592 929 780 990 multa'enim
799 932 856 991 dici
880 942 1038 1010 queant-,
1058 950 1149 992 unum
1172 929 1295 990 maxime
1317 931 1364 989 et'

256 1023 399 1083 netarium
412 1032 442 1082 et
456 1023 569 1102 legibus
592 1024 769 1082 contrarium
788 1022 905 1084 facinus
925 1033 1136 1107 perpetrarunt,
1158 1041 1218 1109 quo
1232 1022 1351 1101 potissi-

255 1112 337 1175 mum
351 1115 551 1189 ostenderunt,
570 1116 624 1173 sibi
637 1115 706 1173 nihil
716 1104 800 1173 aliud
814 1134 881 1173 esse
894 1135 972 1173 curse
992 1115 1046 1172 nisi
1063 1114 1229 1192 pecuniam.
1270 1114 1350 1171 Nam

257 1206 469 1286 cumprimum
489 1207 697 1287 Theopompus
719 1205 932 1289 nobiscum-de
955 1204 1125 1265 haereditate
1148 1205 1274 1285 Hagniae
1303 1205 1349 1265 di·

258 1309 415 1381 sceptaret,
430 1300 578 1371 eomodo,
592 1319 679 1381 quern
694 1298 827 1372 audistis,
842 1298 939 1359 statim
950 1297 1107 1359 declaravit
1123 1299 1288 1359 existimare
1305 1319 1349 1370 se,

255 1393 351 1454 alicua
364 1410 396 1453 se
410 1412 563 1473 occupare.
598 1391 694 1463 ,Quod
715 1392 792 1451 enim
806 1392 924 1453 maximi
937 1402 999 1453 erat
1011 1392 1096 1470 pretii
1113 1392 1143 1450 in
1156 1392 1273 1473 proediis
1288 1392 1349 1451 Ha·

255 1487 342 1566 guise,
356 1495 386 1545 et
401 1485 535 1543 maximae
547 1484 728 1543 admirationi
747 1494 810 1544 erat
827 1485 929 1544 vicinis
943 1494 974 1545 et
986 1483 1051 1544 aliis
1067 1484 1244 1558 hominibus,
1263 1484 1348 1556 oleae,

255 1599 305 1638 eas
322 1576 486 1637 effoderunt
503 1585 533 1635 et
549 1577 745 1657 exstirparunt
757 1577 881 1657 amplius
900 1576 979 1636 mille
993 1578 1109 1656 stirpes,
1124 1597 1191 1657 quse
1211 1596 1348 1655 maguam

256 1670 313 1731 olei
325 1668 439 1750 copiam
450 1668 617 1743 afferebant,
626 1689 676 1729 eas
690 1670 737 1729 isti
752 1670 924 1749 exstirpatas
934 1669 1129 1729 vendiderunt
1136 1680 1166 1729 et
1177 1668 1349 1728 immensam

256 1758 368 1842 argenti
378 1762 492 1841 copiam
504 1772 687 1841 receperunt,
701 1781 794 1841 eaque
807 1761 940 1822 lecerunt
951 1761 1009 1833 isti,
1018 1779 1084 1821 cum
1101 1760 1210 1821 actioni
1223 1761 1349 1820 obnoxia

256 1864 336 1915 esset
347 1853 504 1913 haereditas
518 1854 647 1932 Hagniae
660 1874 695 1912 ex
707 1874 744 1913 ea
756 1854 832 1931 lege,
847 1873 904 1931 qua
915 1853 962 1911 isti
981 1852 1047 1911 freti
1060 1861 1182 1910 matrem
1194 1850 1283 1930 hujus
1298 1870 1348 1910 ac-

254 1960 400 2013 cusarant.
443 1949 485 2008 Ut
504 1958 602 2008 autem
616 1966 663 2006 me
677 1966 746 2004 vera
764 1945 860 2004 dicere
876 1952 1024 2023 appareat,
1037 1954 1067 2003 et
1083 1944 1156 2003 istos
1172 1942 1348 2021 exstirpasse

256 2044 336 2104 oleas
359 2036 477 2102 constet
497 2060 533 2100 ex
555 2040 590 2099 iis
609 2038 725 2117 praediis
748 2057 815 2116 quse
835 2038 967 2117 Hagnias
986 2036 1112 2116 reliquit,
1132 2028 1345 2097 lro'rum'testes

255 2138 337 2196 vobis
358 2134 555 2215 producemus
569 2132 691 2203 ricinos,
712 2140 744 2191 et
764 2150 800 2189 ex
824 2124 936 2191 ceteris
957 2151 1031 2211 quos
1049 2130 1264 2205 accersivimus,
1280 2152 1346 2192 oum

256 2229 486 2289 testificaremur.
528 2225 634 2285 Recita
647 2221 856 2284 testimouium.

647 2401 967 2490 rasuruoruom

289 2527 412 2574 'testantur
428 2541 453 2572 se
468 2539 562 2572 securos
583 2523 709 2572 accersitos
726 2539 740 2570 a
758 2525 865 2573 Sositheo
879 2527 909 2572 nd
923 2526 1046 2586 Amphora
1060 2526 1085 2574 in
1096 2525 1195 2588 Hsgniss
1205 2541 1284 2588 agros,
1295 2543 1346 2576 curn

259 2603 423 2663 Theopompus
435 2601 536 2663 Haguiae
546 2599 704 2647 haereditatem
714 2601 837 2659 crevisset,
848 2608 873 2649 et
885 2603 931 2650 sibi
942 2603 1071 2651 ostendisse
1082 2604 1213 2653 Sosithcum
1220 2606 1285 2655 oleas
1292 2607 1347 2653 alum

258 2679 443 2740 exstirparentur
453 2693 484 2724 ex
495 2677 596 2739 lingulae
607 2693 671 2739 agro·
726 2717 728 2724 .

258 2795 345 2862 Quod
357 2796 390 2869 si,
405 2794 423 2854 J
426 2793 535 2864 udices,
550 2793 644 2853 solum
658 2793 688 2851 iu
702 2792 870 2880 defunctum
888 2793 983 2874 injurii
993 2795 1125 2865 luissent,
1141 2795 1267 2872 graviter
1279 2816 1347 2875 pec-

258 2898 386 2959 cassent,
401 2886 453 2947 sed
462 2905 525 2970 uon
539 2884 633 2946 adeo:
657 2904 735 2944 nunc
753 2886 818 2946 istoe
839 2886 951 2966 injuriae
964 2896 994 2946 et
1006 2887 1189 2947 contumeliae
1202 2887 1241 2947 ad
1254 2899 1347 2948 totam

257 2982 390 3060 rempub.
404 2978 559 3060 pertinent.
588 2976 679 3056 quue
697 2975 738 3036 ita
751 2997 815 3038 esse
828 2979 894 3057 lege
908 2977 1008 3038 audita
1021 2979 1215 3058 cognoscetis.
1244 2979 1348 3040 Recita

254 3075 362 3156 legem.
535 3143 536 3146 Ἴ
626 3098 628 3106 '
807 3143 810 3148 ¹

756 3217 850 3276 LEX.

288 3334 374 3396 Siquis
386 3334 459 3382 oleum
467 3335 564 3383 Athenis
575 3333 691 3391 effoderit,
702 3333 747 3382 nisi
756 3335 785 3381 ad
796 3334 906 3395 templum
916 3332 1091 3382 Atheniensium
1099 3332 1218 3396 publicum
1225 3339 1265 3380 aut
1273 3333 1344 3381 muni-

256 3411 332 3471 cipale
347 3411 485 3471 requiratur,
493 3411 517 3457 io
534 3427 588 3459 suos
604 3426 661 3486 usus
674 3426 749 3472 usque
759 3412 788 3458 nd
802 3410 867 3458 binas
878 3413 942 3459 oleas
953 3411 1083 3472 quotannis,
1090 3410 1135 3458 nisi
1145 3411 1175 3458 ad
1185 3410 1254 3457 funus
1265 3410 1344 3458 iisdem

256 3487 367 3534 utendum
374 3486 417 3541 ἰὴ,
428 3492 537 3534 centenas
548 3487 578 3534 de
589 3487 686 3548 singuiis
697 3487 755 3536 oleis
766 3488 888 3535 drachmas
903 3488 984 3534 aerario
995 3487 1078 3534 debeto
1084 3505 1093 3548 ;
1108 3493 1177 3548 atque
1192 3490 1243 3548 ejus
1254 3488 1344 3534 mulctsr

258 3561 354 3610 decimae
366 3562 479 3610 Mineruae
490 3567 566 3624 sunto.
590 3563 682 3613 Debeto
693 3568 717 3609 ot
726 3561 813 3609 homiui
824 3562 925 3623 privato,
935 3578 950 3609 a
963 3579 1010 3624 quo
1022 3579 1075 3610 reos
1090 3571 1199 3634 pernotus
1207 3563 1285 3617 luerit,
1294 3578 1346 3610 ceo·

256 3645 322 3685 tenus
333 3637 453 3685 drachmas
467 3638 492 3685 in
504 3637 606 3698 singulas
617 3638 688 3684 oleas.
719 3638 788 3686 Actio
806 3646 883 3686 autem
897 3641 977 3685 harum
989 3654 1062 3686 rerum
1077 3639 1138 3702 apud
1148 3655 1189 3686 eos
1200 3639 1344 3701 magistratus

176 3743 178 3753 ι
256 3713 397 3784 instituatur,
408 3730 503 3776 quarum
514 3715 601 3776 quique
609 3714 701 3776 judices
712 3721 774 3762 sunt.
807 3716 839 3762 Et
852 3721 917 3762 actor
929 3716 1045 3777 sportulas
1056 3722 1128 3777 ponat
1139 3731 1187 3762 suae
1198 3715 1278 3778 partis.
1297 3714 1343 3772 Qui

257 3799 334 3838 autern
350 3791 515 3839 condemnatus
526 3792 604 3849 suerit,
614 3807 666 3839 eum
678 3799 789 3854 praetores
800 3791 943 3839 inscribunto
963 3791 1025 3853 apud
1041 3797 1110 3852 qoos'
1116 3792 1232 3852 J'ndioium
1249 3791 1290 3838 sset
1304 3805 1343 3837 ex·
1386 3800 1401 3846 l

257 3863 376 3916 actoribus¹
386 3869 416 3916 de
425 3884 454 3916 eo
463 3871 524 3931 quod
535 3870 559 3916 in
569 3870 673 3917 aerarium
685 3869 756 3925 redit,
766 3868 919 3930 quaestoribus
929 3869 1044 3916 Minervae
1054 3868 1084 3915 de
1093 3884 1122 3916 eo
1133 3869 1194 3930 quod
1203 3869 1255 3915 dese
1264 3881 1342 3914 conse·

257 3952 346 3992 oratum
357 3951 407 3992 est:
424 3947 486 4006 quod
498 3946 522 3992 rri
532 3945 699 4008 inscripserint,
710 3945 756 4007 ipsi
767 3945 876 3992 dehento.

227 4127 237 4162 p
254 4051 323 4133 Lex'
340 4068 458 4150 quidem
480 4071 545 4131 hacc
565 4073 649 4133 firma
663 4082 724 4132 est:
751 4072 825 4132 illud
846 4071 942 4133 erstem
965 4073 1093 4152 cogitate
1114 4072 1170 4152 ipsi
1183 4071 1339 4141 vobiscum,

255 4165 387 4238 ludices,
401 4163 540 4244 quidnam
555 4166 663 4242 putetis
682 4185 737 4226 nos
750 4185 904 4246 perpessos
916 4185 981 4226 esse
994 4165 1142 4244 superiore
1161 4165 1339 4255 tempore'ab

254 4258 317 4318 istis
330 4255 507 4335 latorumque
522 4256 692 4336 petulantia,
705 4257 755 4336 qui
769 4268 880 4317 tantam
894 4269 1020 4318 vescam
1039 4259 1141 4317 urbem
1161 4268 1338 4336 contempse-

254 4359 322 4408 runt
335 4359 365 4410 et
375 4349 458 4430 leges
471 4358 594 4423 vestras,
607 4360 647 4424 et,
662 4351 741 4430 quod
756 4361 855 4430 aperte
873 4351 987 4431 legibus
1000 4349 1188 4409 interdictum
1201 4360 1257 4422 est,
1269 4348 1337 4408 adeo

255 4442 464 4504 contumeliose
476 4441 586 4522 praedia
608 4440 797 4504 devastarunt
804 4451 876 4522 ‘quoe
896 4443 1013 4521 reliquit
1026 4441 1170 4522 Hagnias.
1212 4437 1273 4501 Lex
1290 4457 1337 4498 au·
