2967 4950
253 243 311 301 ara
640 215 658 236 ⁸
686 195 911 305 nrlsronra.

251 404 403 476 cuperent,
426 404 720 480 propteracceptam
736 399 850 461 cladem
871 420 941 462 esse
964 397 1107 474 infirmos,
1131 417 1221 478 quarn
1244 398 1345 460 adrem

250 487 341 548 sarios
353 488 462 550 viribus
477 490 514 551 ab
533 491 612 550 omni
634 500 717 571 parte
737 491 889 554 suffultos:
911 493 1099 554 nihilominus
1123 501 1223 552 tamen
1236 492 1296 572 ipse
1315 491 1343 550 in

250 600 286 640 ea
300 601 366 658 quse
377 583 487 661 populo
499 584 720 647 commodarent
728 586 934 656 incumbebat;
957 606 993 647 ac
1002 597 1106 668 postea
1118 596 1238 646 strenue
1251 584 1344 665 palam

250 683 280 732 et
305 674 423 736 dicebat
443 686 473 736 et
493 680 600 756 agebat
621 698 657 738 ea
680 698 747 758 qnae
774 681 1002 740 conveniebant:
1034 682 1073 740 ob
1097 699 1163 758 quae
1183 677 1293 749 statim,
1313 686 1344 736 ut

249 785 351 830 omnes
371 779 488 840 norunt,
513 770 552 829 ad
573 770 750 850 supplicium
776 772 1001 851 deposcebatur.
1044 771 1232 851 Scripsissem
1254 769 1344 848 igitur,

249 869 282 918 ut
303 861 443 942 principio
458 863 526 936 dixi,
541 874 572 922 et
584 862 613 923 in
627 863 703 923 illius
718 865 861 942 gratiamz
884 867 938 926 scd
950 876 1051 925 tamen
1072 884 1137 924 cum
1158 875 1187 924 et
1200 863 1284 923 vohis
1297 882 1345 922 ex·

223 965 229 972 ·
248 953 348 1030 pedire
359 965 472 1034 putem,
482 966 515 1015 ut
527 955 663 1016 convicia
673 976 739 1035 quae
755 957 834 1037 apud
847 968 962 1018 exteros
975 959 1005 1016 in
1024 978 1075 1018 vos
1090 957 1229 1033 dicuntur
1242 955 1345 1026 sciatis,
1449 1016 1450 1031 ,

250 1047 344 1108 multo
364 1049 459 1128 magis
472 1049 511 1109 ad
525 1049 623 1110 literas
642 1050 801 1110 mittendas
823 1071 887 1111 sum
910 1051 1060 1111 incitatus.
1101 1049 1176 1108 Peto
1193 1061 1304 1120 autem,
1316 1057 1347 1107 ut
1449 1038 1450 1057 ¹

248 1140 300 1217 qui
313 1143 447 1219 privatim
462 1143 502 1201 illi
514 1143 604 1221 iniqui
619 1153 698 1214 sunt,
713 1163 782 1202 vera
795 1153 826 1202 et
838 1164 923 1223 aequa
937 1144 973 1203 de
985 1163 1021 1202 ec
1036 1142 1138 1202 audire
1151 1160 1212 1200 non
1225 1160 1346 1219 graven-

248 1242 305 1292 tur.
348 1235 413 1296 Nec
427 1236 514 1310 enirn,
528 1235 733 1308 Athenienses,
748 1236 884 1315 ignorare
904 1237 1026 1308 debetis,
1049 1233 1257 1295 existimationi
1272 1234 1346 1294 urbis
1449 1240 1450 1261 ³

250 1345 288 1385 ex
300 1325 346 1387 his
364 1349 430 1408 quae
444 1330 475 1388 in
490 1329 553 1408 ejus
567 1328 674 1388 liberos
688 1328 852 1389 factasunt
870 1330 967 1389 labem
981 1327 1128 1408 adspergi.
1162 1328 1259 1386 Nemo
1273 1327 1346 1388 enim

186 1428 189 1439 '
250 1417 422 1480 Graecorum
436 1421 560 1498 ignorat,
575 1441 627 1480 vos
641 1422 749 1481 viventi
764 1422 902 1503 Lycurgo
917 1442 1047 1483 summos
1056 1421 1183 1480 honores
1201 1419 1345 1492 babuisse,

248 1531 373 1590 cumque
388 1515 415 1572 ei
428 1513 552 1591 plurima
565 1514 686 1574 crimina
706 1516 744 1573 ab
766 1517 830 1597 ejus
852 1516 958 1576 invidis
980 1515 1221 1595 impingerentur,
1236 1514 1345 1574 nullum

248 1624 377 1682 unquam
406 1625 506 1666 verum
522 1608 760 1686 deprehendisse,
783 1619 896 1670 tantam
919 1619 1016 1670 autem
1040 1606 1128 1678 fidem
1153 1606 1296 1666 babuisse
1320 1615 1347 1664 et

247 1720 308 1780 pree
324 1699 458 1760 omnibus
473 1701 648 1781 popularem'
656 1703 816 1781 judicasse,
830 1712 865 1762 ut
887 1704 924 1763 de
946 1702 1044 1762 multis
1058 1701 1155 1762 causis
1175 1719 1193 1758 e
1213 1699 1279 1758 sola
1293 1700 1345 1779 Ly·

249 1795 332 1873 curgi
346 1792 534 1862 affirmatione
556 1796 729 1855 sententiam
753 1795 876 1869 ferretis,
890 1815 985 1874 eaque
999 1793 1080 1854 vobis
1103 1791 1173 1852 satis
1197 1803 1295 1853 esset:
1317 1792 1345 1851 id

247 1889 327 1966 quod
342 1887 458 1946 minime
471 1887 627 1960 fecissetis,
641 1887 696 1946 nisi
710 1888 795 1948 vohis
802 1889 887 1949 risus
906 1885 1119 1971 tuisset'homo
1132 1884 1343 1964 integerrimus.

247 1980 336 2041 Nunc
359 1981 446 2060 igitur
466 1999 578 2050 omnes,
596 1981 646 2059 qui
659 1980 734 2041 filios
749 1981 812 2061 ejus
825 1982 855 2040 ia
869 1979 992 2040 vinculis
1014 1998 1081 2039 esse
1097 1977 1232 2049 audiunt,
1253 1989 1284 2038 et
1295 1977 1342 2038 de·

246 2072 379 2134 iunctum
393 2073 577 2146 miserantur,
591 2071 790 2151 etliberorum
807 2073 868 2152 ejus
882 2084 917 2132 ut
930 2091 997 2166 epm
1010 2071 1115 2150 quibus
1129 2070 1230 2148 inique
1246 2081 1343 2150 agatur

249 2165 341 2226 vicem
356 2166 467 2237 dolent,
482 2185 534 2225 vos
549 2184 617 2224 vero
631 2175 690 2224 tarn
705 2166 812 2226 acerbe
826 2166 1017 2237 insectantur,
1033 2174 1063 2222 ut
1078 2182 1135 2242 ego
1149 2163 1278 2222 scribere
1291 2183 1344 2222 noa

250 2261 344 2320 ausim
356 2280 363 2318 :
385 2279 452 2318 nam
463 2278 499 2317 ea
509 2254 583 2337 quse
591 2258 697 2319 inritus
708 2259 840 2318 a'udio‘et
847 2270 965 2338 propter
975 2278 1027 2318 vos
1037 2256 1246 2316 'defendendos
1256 2276 1342 2334 quan-

248 2363 311 2413 tum
325 2372 447 2432 possum
460 2351 567 2423 refuto,
582 2361 705 2411 eatenus
719 2361 755 2410 ut
767 2352 850 2411 vobis
871 2351 998 2410 indicem
1011 2349 1118 2407 multos
1131 2367 1197 2407 esse
1210 2368 1229 2407 a
1243 2348 1342 2426 quibus

247 2441 509 2527 reprehendamini,
525 2445 606 2526 quod
621 2445 696 2507 scitu
709 2445 792 2504 vobis
811 2464 878 2505 esse
891 2443 973 2504 utilia
977 2441 1158 2523 judicabam,
1172 2441 1287 2521 scripsi,
1300 2461 1344 2501 ac-

247 2552 348 2599 curate
364 2550 461 2600 autern
476 2540 638 2599 edisserere
651 2540 810 2603 ¹molestam
820 2539 947 2618 judicos
977 2538 1053 2605 Quas
1063 2556 1132 2595 vero
1142 2536 1343 2596 sineconvicio

247 2653 266 2693 a
289 2633 463 2713 quibusdam
480 2633 626 2705 dicuntur,
640 2641 670 2691 et
691 2632 793 2691 auditu
818 2632 880 2691 fore
899 2630 983 2690 utilia
1004 2629 1086 2689 vobis
1108 2630 1242 2701 arbitror,
1258 2629 1342 2709 signi-

247 2716 354 2785 boabo.¹
394 2724 490 2785 Nemo
517 2744 569 2783 vos
594 2722 646 2802 pe'r'
667 2724 792 2783 errorem
812 2728 854 2783 et·
868 2722 1050 2801 ignoratione
1076 2722 1135 2781 veri
1153 2721 1196 2779 ita
1221 2722 1259 2782 cle
1282 2722 1342 2801 ipso

249 2817 383 2898 Lycurgo
396 2827 523 2876 statuere
537 2816 696 2876 existimat.
726 2817 803 2875 Nam
817 2821 848 2876 et
859 2816 980 2895 longum
991 2813 1128 2895 temporis
1139 2813 1278 2892 spatium,
1288 2834 1344 2894 quo

247 2910 417 2989 exploratus
431 2907 501 2967 nibil
520 2910 650 2987 unquam
664 2921 766 2970 contra
778 2908 891 2969 rossel
904 2907 1032 2985 cogitare
1046 2906 1092 2966 vel
1106 2924 1195 2983 agere
1207 2905 1346 2987 injustum

247 2998 518 3084 deprehensus'cst,
532 3002 648 3062 et'illud
668 3001 928 3082 quodmortalium
949 3018 1037 3062 nemo
1047 2998 1122 3057 'ullis
1135 2997 1200 3058 aliis
1215 3000 1247 3058 in
1260 3001 1346 3059 rebus

246 3116 302 3157 vos
335 3096 462 3176 stuporis
486 3095 597 3174 arguit,
613 3096 716 3155 merito
738 3096 826 3155 istam
847 3093 926 3154 tollit
945 3091 1120 3173 ignorantiae
1140 3091 1348 3170 suspicionem.

247 3184 354 3249 Restat
379 3189 476 3268 igitur,
491 3189 572 3269 quod
595 3207 696 3247 omnes
721 3186 802 3247 baud
825 3185 902 3266 frugi
912 3185 1070 3245 homiuum
1094 3202 1157 3243 esse
1179 3182 1290 3258 dicant,
1312 3196 1348 3243 ut

247 3281 387 3359 tantisper
400 3280 542 3360 cujusque
556 3300 665 3352 curam,
680 3281 752 3339 dum
764 3280 829 3359 ejus
842 3278 926 3339 vobis
937 3297 1005 3338 usus
1015 3287 1071 3348 est,
1080 3295 1168 3355 agere
1178 3276 1348 3347 videamini,

246 3384 314 3452 post
328 3372 439 3432 nullam
456 3374 597 3433 rationem
613 3374 757 3434 babeatis.
807 3373 905 3441 Quam
923 3370 1000 3431 enim
1022 3371 1109 3430 aliam
1127 3389 1181 3429 vos
1205 3369 1351 3431 defuncto

247 3464 370 3544 gratiam
388 3464 534 3523 relaturos
559 3476 789 3526 consentaneum
804 3475 859 3536 est,
879 3484 945 3524 cum
956 3465 1020 3544 ejus
1034 3463 1141 3525 liberos
1153 3475 1185 3522 et
1198 3464 1351 3526 existima·

245 3554 354 3614 tionem
371 3554 440 3612 laedi
456 3554 616 3627 rideamus,
630 3576 697 3635 quae
711 3556 785 3626 sola,
797 3566 829 3615 ut
843 3556 873 3614 in
893 3565 958 3615 tuto
972 3555 1161 3625 collocentur,
1174 3556 1263 3615 etiam
1284 3577 1352 3617 rno-

244 3646 534 3731 rientibusomnibus
547 3667 625 3708 curse
643 3649 732 3708 sunrt
752 3650 822 3714 Jam
840 3668 894 3707 nec
907 3647 980 3707 illud
995 3650 1138 3709 bonorum
1157 3650 1288 3708 virorum
1306 3661 1356 3710 est

244 3752 278 3801 ut
290 3742 346 3802 ista'
359 3743 491 3821 pec'uniae
505 3742 599 3822 gratia
611 3742 707 3803 facere
715 3744 867 3803 videantur
879 3763 886 3802 :
908 3743 938 3802 id
949 3744 1138 3823 quodneqae
1150 3744 1356 3822 magnitudini

245 3835 333 3893 animi
346 3844 460 3907 restrae,
475 3854 530 3894 nee
543 3836 654 3913 reliquo
665 3836 732 3895 vitae
747 3836 879 3895 instituto
894 3854 1055 3914 congruere
1069 3836 1232 3916 apparebit.
1270 3837 1357 3899 Nam

246 3927 270 3987 si
285 3928 367 3986 robis
380 3922 421 3985 illi
435 3928 509 3987 tanti
523 3931 560 3988 ab
574 3928 637 3988 aliis
651 3928 814 3989 redimendi
827 3938 935 4001 essent,
948 3948 965 3987 e
984 3942 1081 3990 vestro
1095 3929 1196 3989 aerario
1210 3929 1357 4009 deprom-

244 4030 297 4100 pta
320 4019 453 4099 pecunia,
468 4019 568 4080 id‘vos
593 4028 695 4081 omnes
719 4020 826 4101 cupide
849 4021 980 4080 facturos
998 4020 1215 4081 existimarem:
1250 4022 1296 4085 de
1320 4044 1359 4085 eo

245 4132 324 4187 vero,
338 4112 416 4192 quod
432 4132 483 4191 per
497 4112 673 4173 calumniam
687 4125 717 4173 et
730 4134 767 4173 ex
782 4113 891 4173 invidia
901 4113 1011 4173 tactum
1025 4114 1073 4184 sit,
1091 4134 1150 4174 non
1161 4114 1263 4188 babeo
1279 4119 1361 4197 quid

245 4214 382 4276 statuam,
399 4206 453 4264 nisi
474 4225 593 4284 prorsus
609 4208 712 4267 acerbe
726 4206 862 4266 insectari
876 4216 908 4266 et
929 4209 1098 4286 proturbare
1120 4207 1289 4288 populares
1303 4210 1364 4273 ho-

245 4298 336 4358 mines
349 4299 521 4375 instituistis.
546 4300 635 4368 Quod
647 4300 729 4359 siita
742 4311 797 4372 est,
813 4319 909 4379 neque
923 4310 1003 4361 recte
1018 4301 1362 4379 nequeatiliterfaoere
