2967 4950
481 253 934 404 'ru'cunsinnouusm
1050 301 1056 314 ‘
1100 335 1104 342 -
1178 363 1187 379 .
1233 301 1272 359 ⁷5

163 449 260 512 lectos
279 445 448 512 ratiociniis.
484 453 554 524 Quo
567 465 656 532 pacto
666 455 798 528 tan'dem,
812 455 862 534 qui
877 473 931 513 nec
946 451 1073 532 sumpsit
1085 471 1140 512 nec
1158 447 1279 512 insum-s

163 545 225 623 psit
236 543 408 623 quicquam,
415 545 560 604 sationem
578 547 685 607 reddet
704 547 836 607 civitati?
858 545 918 604 Lex
939 545 1006 624 ipsa
1026 544 1196 623 subjicitac
1218 545 1276 604 de·⁴
1368 581 1375 590 ·

154 635 261 708 ,clarat
270 655 339 713 quse
350 635 505 695 scribenda
519 635 595 696 siut.
609 638 704 698 lubet
713 639 791 696 enim
801 637 860 696 hoc
873 636 970 715 ipsum
983 635 1091 696 tabulis
1102 635 1270 708 inscribere,

163 747 304 791 senec
341 729 543 807 sumpsisse
575 730 771 808 quicqu-am
799 751 815 789 e
842 729 997 808 publico
1031 747 1101 787 nec
1129 727 1267 786 insum·
1331 743 1337 748 ·

162 820 297 898 psisse.
328 821 459 882 Omnino
471 831 570 882 autem
581 843 773 900 eorumquae
786 823 816 881 in
829 822 885 882 hac
898 820 1017 884 ¹civitate
1033 829 1111 893 sunt,
1124 820 1196 881 nihil
1210 831 1267 892 est,

162 912 201 972 de
215 932 275 990 quo
288 933 349 974 non
362 915 516 976 reddenda
527 914 566 977 sit
575 916 660 988 ratio,
672 916 710 976 de
720 935 780 994 quo
789 935 848 974 non
859 913 897 974 sit
905 915 1105 992 quaerendum,
1115 912 1200 992 quod'
1208 932 1277 974 nou¹

161 1005 201 1063 sit
215 1006 439 1085 explorandum.
470 1007 545 1076 Quae
558 1017 593 1066 ut
606 1027 625 1067 a
637 1028 684 1068 me
699 1027 766 1068 vere
785 1007 845 1067 dici
866 1009 1058 1086 pernoscatis,
1073 1007 1153 1086 ipsas
1167 1005 1268 1065 audite

159 1095 253 1175 leges.

639 1246 798 1332 suess?
861 1227 864 1232 ¹
947 1331 978 1344 „
1034 1295 1044 1334 t

161 1396 239 1456 Cum
260 1397 351 1478 igitur
363 1399 393 1458 in
413 1397 471 1475 hoc
489 1397 617 1459 mamma
637 1420 669 1460 se
685 1402 811 1481 jactabit
834 1399 1064 1472 Demosthenes,
1082 1400 1219 1478 dicetque
1235 1420 1267 1460 se

159 1499 281 1568 propter
293 1491 477 1570 largitionem
492 1511 575 1551 suam
592 1493 755 1553 rationibus
770 1493 1002 1554 reddendis'nou
1016 1513 1081 1552 esse
1095 1493 1266 1564 obnoxium,
1364 1572 1368 1576 .
1438 1487 1447 1501 ⁸

158 1578 234 1640 illud
269 1585 368 1642 statim
396 1587 424 1642 ei
451 1584 600 1662 opponite,
629 1605 715 1673 ergo
748 1597 794 1657 te,
829 1585 1111 1657 Demosthenes,
1140 1584 1264 1643 sinere

160 1677 359 1752 oportebat
378 1676 688 1736 ratiocinatorem
706 1696 914 1758 praeconem
929 1679 1089 1757 patrium
1113 1677 1265 1737 illudet

158 1765 367 1844 legitimum
391 1769 616 1846 praeconium
635 1789 827 1850 usurpare,
852 1790 936 1836 curs
953 1789 1128 1830 accusans
1151 1769 1262 1829 vunai

160 1853 277 1919 sinito
310 1861 527 1940 disceptare
562 1872 681 1922 tecum
714 1864 878 1942 quemvis
914 1862 1057 1932 civium,
1093 1880 1136 1918 an
1170 1860 1264 1921 nihil
1305 1873 1333 1948 Ἰ

159 1952 211 2011 sis
242 1952 417 2031 largitus,
446 1954 588 2015 sed·de
613 1955 750 2026 multis,
778 1975 857 2034 quae
888 1965 1049 2033 accepta
1083 1952 1194 2012 habes
1227 1954 1271 2011 in·

157 2062 344 2105 murorum
361 2047 623 2118 refectionem,
641 2067 765 2126 pauca
784 2046 1021 2127 impenderis,
1040 2063 1119 2104 cum
1138 2044 1262 2104 decem
1313 2101 1331 2119 ¹,

57 2180 62 2184 ·
159 2137 305 2196 talenta
330 2146 376 2198 eo
402 2137 558 2197 nomine
588 2139 801 2198 acivitate
832 2137 1079 2216 accepisses:
1105 2153 1152 2194 ne
1185 2135 1263 2193 tibi

159 2227 432 2288 liberalitatis
456 2229 609 2289 laudem
637 2231 783 2309 sapito,
808 2249 931 2308 neque
960 2227 1140 2288 calculos
1162 2246 1179 2286 e
1201 2227 1261 2304 ju-

159 2321 285 2380 dicum
319 2320 494 2381 manibus
521 2323 785 2400 extorquete,
813 2339 936 2398 neque
964 2320 1074 2399 leges
1102 2327 1260 2378 antece·

106 2405 253 2488 =*dere
281 2413 352 2472 sed
379 2413 488 2493 sequi
518 2412 618 2472 velis
644 2414 684 2470 in
714 2432 789 2492 rep.
823 2410 1000 2491 gerenda.
1038 2411 1130 2468 Haec
1160 2410 1260 2468 enim

160 2505 473 2566 dominationem
496 2506 658 2583 erigunt
680 2506 917 2584 popularem.

201 2600 249 2656 10.
270 2599 374 2675 ltaque
388 2596 531 2657 adversus
545 2597 654 2670 futiles,
668 2616 742 2674 quos
750 2598 867 2673 fingent
875 2594 934 2666 isti,
945 2597 1105 2673 prsetextus
1115 2593 1260 2654 haetenus

156 2712 176 2751 a
189 2691 277 2750 nobis
296 2691 409 2750 dictum
423 2691 472 2748 sit.
501 2689 619 2750 Revera
637 2699 736 2748 autem
752 2686 910 2747 referendis
923 2686 1085 2757 rationibus
1101 2686 1260 2745 obnoxium
1296 2695 1300 2702 '

155 2786 251 2843 fuisse
265 2782 510 2852 Demosthenem,
520 2782 571 2839 ubi
584 2782 689 2840 scitum
702 2781 785 2841 istud
803 2778 966 2858 Ctesiphon
980 2778 1103 2856 rogavit,
1122 2798 1188 2837 cum
1205 2794 1260 2858 pe·
1306 2846 1309 2853 1

40 2924 51 2930 .
155 2876 253 2936 cunioe
266 2874 412 2943 theatrali,
426 2884 458 2932 et
468 2877 615 2933 murorum
630 2874 717 2933 simul
731 2873 882 2932 refectioni
896 2870 1069 2951 praepositus
1083 2883 1171 2943 esset,
1185 2891 1265 2931 neu-.

155 2970 288 3052 triusque
302 2966 491 3043 magistratus
505 2965 647 3024 rationem
665 2964 854 3037 reddidisset,
869 2983 924 3042 ego
940 2964 1002 3041 jam
1022 2982 1074 3021 vos
1095 2983 1131 3022 ex
1151 2964 1258 3023 tabulis
1361 2957 1384 3043 ,¹

154 3058 282 3142 publicis
304 3057 433 3118 conabor
454 3058 588 3117 edocere.
623 3056 730 3116 Recita
757 3075 825 3133 ergo
851 3054 932 3125 mihi,
960 3074 1020 3133 quo
1041 3064 1174 3133 pretore,
1199 3053 1266 3132 quo.
1299 3092 1310 3101 κ

154 3171 268 3225 mense,
277 3171 336 3230 quo
346 3150 404 3221 die,
414 3159 446 3209 ct
458 3149 489 3209 in
502 3169 563 3228 qua
575 3150 716 3209 concione
728 3147 946 3207 Demosthenes
960 3146 1110 3207 theatralis
1124 3146 1264 3224 pecunie,

146 3254 274 3313 ,curator
286 3244 327 3303 sit
340 3243 466 3303 electus.
498 3243 555 3320 [Ut
568 3241 742 3319 intelligatis,
768 3240 916 3301 decretam
940 3238 967 3297 ei
987 3257 1124 3297 coronam
1143 3258 1207 3299 esse
1228 3239 1256 3297 in

153 3328 253 3398 medio
266 3334 462 3415 magistratu]
495 3332 610 3393 Recita.

474 3542 732 3603 SUPPUTATIO
755 3540 931 3602 DIERUM.

154 3692 259 3767 ltaque
274 3689 299 3748 si
312 3686 383 3747 nihil
397 3685 521 3765 amplius
535 3686 728 3765 probaverim,
738 3686 807 3765 jure
820 3694 920 3745 temen
941 3680 1255 3763 optimodamuaretur

129 3797 135 3820 ³
154 3780 327 3861 Ctesiphon.
350 3780 456 3857 Neque
471 3778 629 3845 enimcum
644 3776 794 3838 accusatio
807 3796 884 3854 mea,
896 3776 949 3835 sed
964 3776 1159 3854 actapublice
1172 3795 1255 3865 coar-

194 3884 258 3933 unt.
1189 3916 1198 3933 ‚
1259 3916 1261 3925 ,

151 3895 244 4025 ΕΗ11.
266 3964 339 4024 Erat
356 3962 427 4023 olim
439 3962 569 4040 quidem,
584 3960 791 4033 Athenienses,
812 3968 912 4017 custos
932 3978 950 4017 a
971 3960 1088 4036 civitate
1109 3959 1254 4032 delectus,

151 4043 246 4140 quiin
260 4055 384 4135 singulis
398 4056 525 4114 tribuum
539 4053 666 4133 imperiis
680 4050 808 4111 rationes
820 4050 1009 4129 vectigalium
1023 4049 1132 4130 populo
1147 4050 1252 4107 resere—
1308 4070 1310 4073 ·

149 4155 221 4213 bat:
241 4160 359 4229 propter
375 4166 440 4207 eam
459 4155 556 4206 autem
571 4164 661 4224 quam
681 4143 761 4223 apud
780 4161 833 4202 vos
854 4142 988 4215 Eubulus
1009 4150 1186 4203 consecutus
1206 4149 1255 4199 est

152 4243 367 4313 auctoritatem,
380 4240 401 4298 ii
418 4239 524 4317 quibus
544 4235 694 4296 theatralis
716 4235 843 4313 pecunia
864 4234 1002 4314 suffragio
1022 4232 1161 4292 mandata
1178 4243 1253 4307 erat,

150 4335 350 4414 fungebantur
362 4331 492 4410 quidem,
507 4339 575 4389 ante
589 4330 686 4408 legem
698 4327 778 4387 illam
792 4328 983 4406 Hegemonis,
999 4336 1029 4385 et
1045 4323 1176 4385 custodis
1189 4346 1251 4387 ma·

54 4496 59 4503 ,
150 4428 287 4508 gistratu,
300 4439 332 4485 et
344 4432 525 4502 quaestorum
538 4420 625 4487 simul
640 4430 672 4481 et
684 4420 838 4482 navalibus
851 4420 1053 4499 praefectorum
1072 4406 1252 4494 muneribus,
