2967 4950
221 284 279 344 638
581 284 627 347 IN
649 284 908 347 STEPHANUM
929 286 954 347 1.

219 436 323 509 fuisse,
336 436 383 497 vel
405 444 520 517 apertas
541 436 621 516 apud
639 437 778 500 arbitrum
790 437 898 501 vidisse
911 437 1035 511 tabulis
1049 439 1104 502 sed
1118 449 1149 499 et
1166 438 1317 521 ipsinffir·

219 532 325 591 marint
337 550 384 591 me
399 530 510 610 aperire
524 530 662 605 noluisse,
674 552 742 592 curu
755 552 806 595 eas
821 534 987 614 exemplum
1000 552 1066 593 esse
1079 534 1159 594 iltius.
1165 535 1314 595 testificati

220 624 439 711 sint-aliosne,
454 644 491 685 an
501 644 570 707 vero
583 626 764 705 semetipsos,
777 627 922 688 mendacii
934 626 1152 708 coarguerunt?

261 722 290 777 7.
309 718 357 778 Ad
376 717 453 789 baec,
468 718 678 791 Athenienses,
693 720 717 779 si
740 720 806 799 quis
824 720 1021 783 testimonium
1045 720 1087 779 uti
1108 720 1250 799 scriptum
1269 729 1323 783 est

221 811 375 884 examinet,
388 809 533 890 intelliget
555 810 586 870 id
608 812 637 871 in
658 812 824 873 universnm
839 833 891 874 eos
906 833 973 874 esse
995 813 1186 884 machinatos,
1200 823 1234 874 ut
1255 834 1317 893 quo

215 904 282 985 jure
295 923 412 983 quaque
430 903 534 987 injuria
550 912 634 983 pater
652 924 735 965 meus
756 906 788 966 id
810 906 917 968 fecisse
936 914 1144 985 testamentum
1157 905 1318 967 rideretur.

221 998 302 1077 Cape
315 1017 384 1059 vero
397 997 492 1077 ipsum
504 996 715 1073 testimonium,
728 1008 761 1072 et
771 998 864 1061 recita
874 998 975 1079 ibique
987 998 1114 1060 desiuito
1132 997 1181 1059 ubi
1202 1006 1233 1059 te
1251 997 1318 1076 jus·

221 1112 296 1165 sero,
310 1098 346 1153 ut
356 1110 393 1151 ex
405 1090 470 1171 ipso
484 1109 545 1151 rem
559 1090 767 1153 demonstrem.

607 1284 919 1347 TESTIMONIUM.

249 1418 374 1467 'testentur
382 1434 407 1467 se
414 1418 509 1466 affuisse
519 1418 581 1479 spnd
593 1415 803 1471 erbitrnm'iisism
814 1430 867 1463 enm
874 1418 1014 1477 provocaret
1022 1410 1132 1461 anrmio
1138 1410 1317 1475 Apollodorum,

219 1496 311 1544 omnino
322 1495 418 1545 affirmet
428 1494 564 1556 exemplum
574 1510 627 1542 esre
638 1492 770 1541 testamenti
779 1490 894 1540 Potionis.

220 1608 344 1671 Desine.
386 1609 533 1689 Cogitate,
558 1609 699 1689 scripturn
722 1626 787 1667 esse
810 1600 1234 1665 testamentiPasionis.
1260 1603 1316 1661 At-

219 1703 269 1783 qui
280 1702 434 1782 oportebat
446 1721 497 1761 eos
512 1700 562 1781 qui
575 1719 645 1761 vera
659 1700 758 1759 dicere
771 1696 891 1771 vellent,
901 1698 926 1757 si
936 1697 1060 1757 maxime
1070 1696 1237 1756 factaesset
1247 1715 1317 1774 pro-

218 1796 343 1868 vocatio,
356 1794 432 1854 sicut
445 1794 523 1855 fucta
544 1814 602 1854 non
616 1803 672 1867 est,
686 1792 737 1852 illo
750 1789 839 1850 modo
853 1790 959 1851 dicere.
973 1789 978 1808 ¹
1001 1789 1108 1850 Recita
1118 1788 1317 1850 testimoninm

190 1908 192 1915 ’
219 1888 257 1948 ab
271 1886 353 1947 initio
366 1906 475 1947 rursus.

609 1974 918 2101 rnsrruourdu.
946 2014 949 2020 ’

248 2173 373 2221 'restatur
384 2186 410 2221 se
419 2170 517 2219 sffnirre
527 2170 589 2233 opud
598 2170 708 2219 rrbttrnn
718 2167 816 2231 Timr

218 2286 448 2347 Testamur:
469 2284 619 2363 quippe
639 2282 706 2363 qui
729 2281 974 2343 affuerimus.
1015 2279 1130 2340 Recito.

218 2431 272 2465 oum
283 2412 395 2463 Phormio
405 2418 545 2477 provocaret
556 2412 733 2475 Apollodorum,

217 2546 247 2597 et
259 2535 327 2607 hoc,
342 2533 366 2595 si
380 2552 475 2614 prov
485 2541 657 2607 ocasset,
679 2541 761 2592 recte
774 2527 914 2589 dicerent.

216 2664 308 2714 omnino
319 2663 415 2711 affirmat
423 2662 557 2726 exemplum
568 2661 640 2710 inisse
649 2659 780 2709 testamenti
791 2658 908 2708 Puionis.

218 2778 328 2838 Desine
349 2775 398 2838 ibi.
441 2774 538 2836 Nemo
559 2775 691 2855 proiecto
704 2779 768 2850 jam
788 2782 915 2834 testatus
932 2772 964 2833 id
976 2781 1065 2847 esset,
1078 2771 1136 2832 nisi
1148 2773 1214 2852 quis
1225 2775 1323 2836 etiam.

216 2871 291 2951 patri
304 2859 516 2930 meo'affuisset
528 2869 735 2928 testamentum
749 2865 878 2941 facienti,
892 2865 945 2926 sed
957 2866 1055 2926 statim
1069 2865 1201 2940 dixisset,
1215 2868 1320 2946 quid

217 2982 311 3025 vero
347 2982 420 3022 nos
453 2960 610 3032 scimus,
639 2959 839 3040 quodnam
876 2959 930 3018 sit
964 2959 1153 3020 Posionis
1186 2970 1318 3021 testa·

217 3077 246 3116 m
256 3076 272 3116 e
281 3066 348 3116 utu
358 3053 409 3116 rui
440 3065 471 3115 et
487 3055 530 3114 sic
544 3053 730 3114 scribendum
743 3051 918 3124 censuisset,
932 3051 1179 3131 quemadmodum
1193 3053 1223 3112 in
1235 3054 1319 3132 prin-

216 3151 293 3230 cipio
306 3143 530 3230 provocationis,
545 3146 708 3208 omnino
728 3145 877 3206 affirmo
894 3163 967 3225 ego
984 3144 1211 3225 exemplum
1225 3166 1318 3207 esse

215 3241 458 3306 testamenti
475 3240 694 3322 ejus,quod
714 3237 904 3300 Phormio
924 3238 1078 3298 asserit
1097 3237 1319 3300 Pusionem

216 3335 460 3414 reliquisse,
483 3331 777 3406 uon,Pasionis.
823 3329 1320 3402 Hocenimsuittestari,.essete·

217 3435 404 3498 stamentum,
418 3425 497 3504 quod
515 3425 577 3485 istis
590 3422 645 3484 tuit
659 3425 850 3505 propositum,
864 3422 939 3483 illud
950 3423 993 3482 sic
1007 3422 1149 3483 affirmare
1163 3423 1319 3484 Phormio-

215 3537 302 3578 nem:
329 3517 487 3598 plurimum
514 3513 611 3576 sutem
636 3516 759 3608 interest
780 3526 812 3576 et
837 3534 926 3575 esse
946 3515 1122 3593 aliquid,
1144 3525 1176 3576 et
1201 3515 1319 3578 illum

216 3610 385 3670 dixisse.
427 3610 469 3668 Ut
487 3617 586 3668 eutem
599 3607 709 3677 sciatis,
723 3615 850 3686 quantus
863 3614 896 3664 et
908 3624 999 3684 quarn
1012 3606 1120 3665 multas
1135 3606 1234 3668 adres
1246 3629 1317 3688 per-

216 3702 336 3762 tinuerit
348 3699 484 3760 confictio
496 3699 675 3771 testamenti,
689 3699 790 3777 paucis
805 3697 977 3758 auscultate.

257 3799 287 3854 8.
309 3791 439 3852 Primum
459 3791 487 3851 id
509 3811 545 3852 eo
566 3790 739 3871 pertinebat,
754 3789 960 3862 Athenienses,
980 3799 1095 3850 utnon
1115 3793 1320 3872 poenasdaret

216 3895 362 3974 corruptae
377 3884 452 3964 ejus,
465 3904 553 3963 quam
567 3904 622 3944 nec
636 3903 681 3944 me
696 3884 793 3943 dicere
806 3882 894 3943 decet
914 3892 946 3942 et
963 3901 1027 3956 vos,
1042 3886 1158 3945 tametsi
1178 3905 1236 3965 ego
1254 3909 1319 3950 uon

217 3979 331 4048 dixero,
347 3975 446 4037 scitis:
465 3975 583 4049 deinde,
596 3986 631 4037 ut
646 3977 791 4038 obtineret
804 3996 868 4036 earn
881 3975 1048 4057 pecuniam,
1063 3996 1131 4056 quse
1151 3980 1227 4058 patri
1249 4000 1333 4058 rnen„

217 4072 298 4152 apud
311 4079 434 4130 matrem
447 4087 540 4128 meam
554 4070 665 4129 fuerat:
685 4079 843 4149 postremo,
857 4079 889 4128 vt
901 4069 1020 4149 reliquis
1033 4070 1142 4131 nostris
1154 4071 1240 4132 bonis
1252 4093 1319 4134 om-

215 4166 303 4226 nibus
318 4162 469 4244 potiretur.
510 4161 608 4239 Atque
620 4160 688 4222 haec
707 4161 750 4221 ita
772 4181 806 4222 se
825 4161 943 4235 babere,
956 4162 1046 4222 etiam
1058 4163 1125 4242 ipso
1138 4173 1318 4228 testamento

216 4257 317 4317 audito
331 4252 525 4333 cognoscetis.
546 4253 706 4331 Apparebit
722 4253 799 4312 enim
813 4273 873 4314 non
887 4255 990 4334 patris,
1003 4274 1056 4333 pro
1069 4256 1137 4316 filiis
1151 4256 1318 4333 scribentis,

217 4337 311 4406 simile
332 4353 517 4418 testamento,
543 4345 594 4404 sed
615 4347 689 4404 servi
711 4348 887 4426 corruptoris
910 4346 1043 4426 herilium
1062 4347 1247 4422 facrrltatum,
1270 4351 1317 4412 id-

216 4457 275 4518 que
289 4447 324 4500 ut
342 4433 380 4500 ne
393 4435 496 4518 prenae
511 4436 561 4498 det
575 4436 789 4518 prospicientis.
837 4440 944 4502 Recita
955 4460 1025 4502 reru
1037 4440 1081 4503 eis
1095 4451 1316 4527 testamentum,
