2967 4950
155 375 163 391 .
247 333 289 392 ιι
491 327 548 388 ns
567 325 682 388 murs
702 325 840 391 ossus
860 301 1108 391 ιιιιιιιοιιι.

249 493 346 544 autem
365 471 600 554 talentnmcurn
621 480 705 540 multi
727 499 764 541 ea
785 478 952 542 calamitate
975 479 1136 544 conflictati
1158 492 1270 554 essent,
1295 501 1360 562 quo

249 575 390 641 anusch,
404 594 459 634 nec
474 573 497 634 is
511 571 670 636 admodum
684 571 825 652 locuples,
840 571 942 640 redi-mi
957 572 1111 654 potuisset.

182 678 187 682 ’
291 671 341 726 32.
363 666 407 724 Ut
417 677 516 728 autem
535 665 565 727 in
580 664 794 726 Macedoniarn
814 663 958 732 venimus,
972 683 1007 722 ac
1029 667 1180 750 congressi
1195 685 1316 737 sumus,
1331 675 1364 728 et

250 759 419 842 Philippum
439 779 477 818 ex
495 757 622 820 Thtacia
634 777 782 818 reversura
800 755 1056 859 deprehendimus,
1075 758 1229 819 recitatum
1244 770 1292 818 est
1305 760 1362 834 de-

250 865 375 926 cretum,
394 873 432 912 ex
447 871 506 932 quo
525 851 615 933 legati
635 850 716 913 missi
737 869 864 922 mamus,
883 858 914 910 et
934 869 1001 952 quae
1021 848 1050 913 in
1064 829 1213 910 mandetis
1233 870 1363 930 accepe-

251 966 350 1008 ramus
373 943 411 1006 de
422 943 614 1026 jurejurando
629 943 786 1024 exigendo,
802 941 1048 1003 enumeravimus
1084 942 1161 1002 Cum
1176 953 1277 1004 autem
1297 963 1362 1004 nra·

251 1041 393 1100 simarum
407 1057 503 1098 rerum
514 1037 691 1096 mentionem
702 1035 821 1098 fecisset
831 1054 928 1106 nemo,
936 1034 996 1094 sed
1007 1035 1043 1096 de
1055 1037 1141 1098 rebus
1153 1019 1363 1099 minutioribus
1439 1103 1445 1112 ‚

252 1133 385 1212 egissent
403 1150 515 1201 omnes,
530 1131 692 1190 orationem
713 1148 770 1209 ego
784 1127 885 1200 habui,
903 1147 991 1210 quarn
1005 1147 1129 1190 necesse
1143 1141 1189 1192 est
1207 1131 1289 1209 apud
1307 1151 1363 1192 vos

253 1226 369 1306 exponi.
391 1224 533 1286 Obtestor
547 1233 646 1284 autem
659 1241 722 1293 ros,
737 1220 947 1294 Athenienses,
967 1221 1218 1304 quemadmodum
1239 1242 1363 1288 accusa·

253 1321 360 1380 tionem
374 1316 538 1387 audivistis,
547 1315 652 1394 utipse
663 1323 817 1376 accusator
831 1315 920 1376 uerba
930 1314 1027 1378 lacere
1041 1313 1143 1387 voluit,
1157 1314 1198 1376 ita
1208 1315 1300 1378 etiam
1315 1336 1363 1379 re-

254 1412 365 1492 liquum
387 1408 567 1470 defensionis
588 1408 713 1468 audiatis
735 1407 847 1482 ordine,
869 1407 1032 1490 eademqne
1053 1408 1217 1470 attentione
1240 1429 1362 1489 operam

255 1504 325 1566 mihi
346 1502 432 1577 detis,
455 1521 514 1582 qua
532 1501 683 1582 superiora
703 1499 865 1583 audivistis.
900 1501 972 1562 Dixi
994 1501 1085 1574 enirn,
1100 1511 1135 1563 nt
1152 1502 1242 1562 modo
1265 1505 1363 1581 posui,

255 1597 464 1666 Athenienses,
478 1594 506 1654 in
518 1604 664 1654 conuentu
676 1583 854 1674 legatdrum,
867 1613 918 1658 eos
928 1593 1000 1656 mihi
1013 1595 1091 1658 uisos
1104 1614 1171 1655 esse
1182 1595 1362 1675 praecipuum

252 1689 356 1770 populi
374 1689 491 1768 jussum
512 1688 631 1749 omnino
652 1688 799 1768 ignorare.
841 1687 919 1748 Nam
937 1687 1146 1768 jusjurandum
1173 1687 1305 1768 exigere,
1333 1697 1365 1751 ct

255 1782 361 1842 ceteris
375 1781 412 1840 de
427 1783 513 1840 rebus
528 1801 626 1860 agere,
641 1790 671 1841 et
685 1780 723 1840 de
737 1779 859 1860 captivis
874 1780 981 1862 eloqui,
996 1780 1110 1843 etiarnsi
1129 1780 1279 1844 ministros
1294 1784 1365 1846 urb·

256 1874 393 1948 misisset,
407 1871 476 1933 data
496 1872 539 1932 eis
561 1875 746 1943 anctoritate,
764 1882 864 1934 tamen
880 1872 946 1932 illos
965 1872 1058 1934 videri
1077 1872 1148 1935 mihi
1161 1893 1223 1935 rem
1245 1893 1365 1938 omnem

255 1967 349 2026 fnisse
363 1966 570 2026 confecturos:
592 1980 715 2024 summae
726 1975 826 2024 autern
841 1984 936 2024 rernm
952 1974 1033 2024 recte
1042 1964 1206 2036 consulere,
1216 1977 1366 2046 quatenus

257 2081 302 2120 ese
313 2059 354 2118 ad
366 2077 422 2118 nos
435 2067 487 2118 aut
500 2054 669 2136 Philippum
683 2057 852 2132 attinerent,
866 2056 896 2116 id
913 2075 982 2116 vero
996 2056 1183 2120 cordatorum
1197 2059 1367 2138 legatorum

258 2171 366 2214 munus
380 2171 457 2211 esse
482 2148 558 2210 Dico
579 2160 689 2222 autern,
702 2143 835 2226 inquam,
857 2133 895 2208 de
908 2147 1104 2255 expeditione,
1118 2168 1206 2226 quarn
1223 2152 1255 2210 in
1274 2151 1367 2232 Pylas

258 2264 393 2328 apparata
384 2241 531 2311 viderim
552 2231 812 2321 atqriuostendam
831 2241 915 2304 vobis
928 2260 1036 2322 magna
1050 2240 1146 2320 signa,
1164 2244 1244 2314 unde
1257 2245 1368 2309 intelli-

245 2339 348 2417 Ιςιιιίι,
358 2357 405 2396 me
418 2335 501 2394 eade
517 2354 549 2394 re
560 2353 620 2394 non
630 2334 706 2394 male
718 2333 898 2412 conjectare.
923 2331 950 2394 N
953 2351 999 2396 am
1013 2346 1043 2394 et
1056 2335 1264 2400 Thebanorum
1275 2338 1368 2419 legati

259 2433 379 2503 adnant,
393 2437 424 2489 et
438 2425 727 2505 Lacedaemoniorum
743 2426 914 2501 adventant,
936 2435 966 2497 et
980 2444 1033 2490 nos
1048 2447 1086 2490 ex
1102 2428 1262 2510 plebiscito
1277 2431 1369 2497 adue-

259 2522 643 2601 nimus,inqu0scriptu1n
665 2531 721 2596 est,
742 2520 846 2601 Legati
865 2530 965 2584 autem
979 2521 1121 2605 quicquid
1136 2533 1281 2601 preterea
1298 2527 1369 2587 boni

259 2628 395 2721 possunt,
414 2625 535 2695 agunto.
573 2615 686 2675 Omnes
702 2635 788 2695 porro
804 2613 904 2677 Graeci
917 2616 1139 2696 exspectatione
1151 2612 1278 2682 eventus
1300 2630 1370 2687 sunt

260 2709 406 2787 suspensi.
441 2707 567 2774 Quod
545 2727 570 2765 sr
580 2708 714 2786 populus
729 2727 761 2767 se
776 2708 883 2769 decere
895 2709 1070 2781 censuisset,
1090 2707 1206 2775 libere
1199 2730 1229 2769 m
1248 2711 1369 2775 decreto

258 2801 456 2882 promulgare,
470 2808 503 2857 nt
521 2798 677 2877 Philippus
690 2780 894 2863 Thebanorum
908 2798 1326 2881 insolentiamcornpesceret,
1340 2816 1371 2867 et

261 2893 394 2955 Boeotias
407 2892 541 2951 civitates
553 2891 741 2964 instauraret,
754 2893 818 2951 haec
832 2892 920 2955 etiam
935 2893 966 2953 in
981 2892 1100 2953 decreto
1114 2894 1266 2973 petiisset:
1288 2916 1370 2960 nnnc

260 2990 292 3050 id
302 2988 358 3049 sibi
368 2986 496 3067 reliquit,
504 2995 538 3045 nt
546 3005 607 3047 rem
617 2985 655 3050 ad
666 2986 809 3049 incertum
818 2995 955 3047 eventurn
966 2987 1073 3049 referre
1085 2988 1188 3067 possit,
1196 2989 1221 3053 si
1233 3010 1294 3051 non
1304 3012 1370 3071 per.

111 3087 117 3097 “
155 3118 164 3161 .·
262 3082 394 3155 suaserit,
411 3091 516 3151 nostro
530 3090 629 3137 autem
647 3077 779 3155 periculo
798 3097 858 3137 rem
881 3072 1091 3155 explorandam
1112 3082 1237 3143 censuit.
1275 3083 1373 3145 Decet

262 3176 352 3256 igitur
363 3193 435 3243 eos,
441 3172 492 3251 qui
506 3189 590 3231 suam
604 3168 780 3231 industriam
795 3168 967 3247 reipublicae
982 3172 1134 3249 probatam
1156 3174 1290 3253 cupiunt.
1311 3196 1371 3240 non

187 3302 189 3306 ι
262 3287 365 3333 eorum
383 3269 548 3345 legatorum
562 3280 708 3365 occupare
721 3261 830 3333 locum,
844 3281 919 3341 quos
940 3262 1167 3328 Atheniensibus
1184 3259 1287 3329 nesso
1306 3270 1373 3335 ioco

260 3364 380 3425 mittere
392 3357 536 3429 beasset,
549 3374 604 3416 nos
623 3354 705 3434 ipsos
719 3362 818 3417 autern
834 3354 925 3417 vitare
937 3354 1130 3423 offensionem
1152 3358 1371 3435 Thebanorum.

265 3456 399 3523 Quorum
413 3470 488 3508 nnus
503 3447 726 3527 Epaminondas
747 3448 915 3525 imperator,
931 3467 991 3507 non
1009 3450 1180 3527 perterritus
1197 3454 1372 3518 auctoritate

265 3542 507 3622 Arlrenicnsium,
521 3541 602 3619 apud
622 3540 780 3601 Thebanos
801 3539 886 3614 dixit,
909 3540 1101 3607 Atheniensis
1122 3545 1196 3609 arcis
1219 3548 1373 3629 propylaea

267 3634 470 3699 transferenda
482 3652 547 3695 esse
560 3629 600 3691 ad
614 3631 756 3693 Cadmeae
771 3644 986 3699 ornamentum.

307 3734 358 3793 33.
380 3730 454 3791 Haec
467 3747 515 3788 me
534 3722 662 3796 dicente,
683 3724 813 3785 maxima
829 3745 902 3791 voce
923 3728 1071 3791 exclamat
1090 3728 1321 3805 Demosthenes,
1341 3745 1375 3795 nt

267 3824 366 3888 sciunt
390 3840 494 3881 omnes
515 3818 660 3897 college:
681 3837 751 3877 nam
773 3828 878 3898 praeter
903 3829 1003 3883 cetera
1026 3822 1113 3899 mala,
1138 3822 1227 3883 etiam
1252 3824 1374 3887 Boeotiis

267 3919 358 3980 ιιιιιι
389 3915 468 3975 Haec
487 3923 568 3975 certe
582 3910 702 3991 quidem
716 3913 754 3971 ab
773 3910 830 3971 isto
845 3911 1007 3977 afferebant
995 3923 1059 3977 tar.
1080 3866 1194 3979 hdmo
1187 3926 1243 3977 rste
1263 3926 1312 3985 est
1327 3928 1374 3981 tu-

269 4011 424 4073 multuset
443 4007 576 4070 audaciae
592 4006 705 4092 plenus.
742 4005 808 4085 Ego
831 4026 900 4069 uero
921 4026 968 4067 me
992 4008 1088 4071 fateor
1102 4027 1170 4069 esse
1188 4008 1323 4089 mollem,
1347 4022 1376 4075 et

244 4130 252 4151 ι
268 4101 411 4185 pericula,
420 4100 509 4161 etiam
521 4099 592 4159 darn
605 4098 694 4178 longe
707 4101 825 4172 absunt,
839 4100 1055 4180 pertimescere
1100 4103 1210 4169 Verum
1224 4104 1323 4179 edico,
1338 4126 1376 4173 ne

270 4218 324 4259 nos
338 4195 440 4258 urbes
433 4203 507 4255 inter
521 4211 554 4255 se
566 4192 803 4255 committmnus:
824 4203 913 4273 alque
926 4194 957 4253 id
971 4214 988 4257 e
1002 4216 1033 4257 re
1053 4205 1154 4257 matra
1166 4216 1234 4259 esse
1245 4209 1329 4279 puto,
1341 4220 1376 4261 ne

271 4291 344 4369 quid
357 4287 510 4368 noslegati
518 4296 627 4349 temere
638 4305 818 4352 moveamus.
841 4288 1040 4355 Proficiscitur
1050 4289 1251 4371 Philippusad
1267 4292 1376 4375 Pylas?

271 4385 395 4461 Εςοιιιι
404 4379 567 4443 abscondo.
588 4378 684 4441 Nemo
698 4400 745 4441 ma
759 4390 877 4461 propter
890 4401 971 4447 arma
984 4382 1114 4465 Philippi
1127 4383 1310 4462 injudicinm
1325 4389 1376 4451 ad·

271 4476 374 4550 ducet,
384 4476 436 4538 sed
449 4473 552 4555 siquid
565 4472 682 4547 dixero,
693 4474 774 4554 quod
788 4494 845 4539 non
857 4485 980 4555 oportet,
993 4487 1044 4543 aut
1058 4476 1168 4557 siquid
1182 4497 1282 4557 egero,
1298 4482 1377 4561 quod
