2967 4950
237 334 296 397 tlte
318 366 323 377 ·
531 330 750 394 ADVERSUS
771 328 1042 395 LEOGHARBM.

280 490 328 547 tl.
343 489 493 551 Deloneto
506 490 585 550 enim
599 490 752 562 boemo,
765 497 796 550 et
813 488 917 550 lunen
933 489 961 548 ei
975 489 1066 562 laeto,
1081 486 1166 549 nohis
1176 488 1209 547 iu
1221 502 1341 569 pastea·

236 580 349 645 tionem
361 584 498 645 euntibus
511 592 667 665 propterea
677 583 758 664 qued
770 583 816 643 vir
832 582 882 643 ille
902 594 934 644 et
946 582 1063 644 eoelehs
1073 592 1105 642 et
1123 582 1214 641 ethos
1232 582 1340 642 depes·

236 674 334 749 ahset,
347 676 450 739 edunt
463 696 517 738 nos
531 677 717 748 Leostratus,
734 696 787 737 ruo
805 696 873 741 esse
893 694 1044 737 essereoss
1064 694 1100 735 oe
1113 674 1195 755 quod
1209 690 1267 755 nos
1285 674 1340 735 de·

236 765 340 829 iuncto
362 768 445 849 juso
475 771 644 851 persolvere
664 770 824 851 prohibuit,
850 788 931 840 enm,
944 769 1010 849 lpse
1037 778 1121 849 pater
1142 767 1222 827 illios
1247 776 1341 842 esset,

236 862 455 923 exeusationem
467 863 601 925 fortassis
616 864 715 937 habet,
731 881 900 944 quenquam
920 861 1052 940 iniquom
1072 871 1137 923 erat
1158 861 1189 920 id
1211 860 1339 922 larinus.

237 952 276 1017 Ei
294 954 373 1015 enirn
397 958 447 1035 qni
466 967 570 1017 nuere
596 968 749 1037 pretereat
775 956 960 1030 optationem
986 954 1121 1015 mandari
1147 953 1261 1017 tom
1284 969 1341 1032 par

236 1056 302 1106 est:
323 1044 431 1109 deinde
455 1059 553 1109 temen
577 1050 666 1110 etiem
688 1048 860 1109 neoanrils
885 1048 981 1120 nobis,
993 1066 1118 1126 querum
1130 1047 1342 1108 rationando-

236 1137 344 1216 ptionis
365 1152 511 1221 cognatus
533 1152 598 1203 erat
616 1142 786 1203 defunctus.
835 1141 997 1220 Postquam
1017 1152 1117 1201 autem
1133 1146 1217 1218 justa
1238 1158 1342 1219 perso-

236 1227 300 1293 luto
312 1231 442 1311 luerunt,
455 1252 517 1313 que
528 1236 595 1315 lege
609 1235 757 1307 ostendet,
764 1254 809 1308 se,
819 1233 939 1295 deserte
949 1226 1072 1308 familia,
1081 1250 1138 1295 nos
1147 1252 1257 1315 genere
1271 1250 1341 1312 pro·

141 1334 143 1337 '
236 1320 331 1385 simos
344 1320 489 1407 dejecisse
504 1328 611 1389 boniol
633 1326 894 1407 Eosoilieetquod
913 1326 1048 1387 defuncti
1069 1324 1256 1407 poter'ereti
1280 1327 1342 1390 At-

235 1415 286 1493 qui
298 1436 433 1479 rerersue
447 1432 511 1481 erat
525 1421 555 1480 in
569 1430 720 1501 paternam
733 1419 884 1491 familiam,
896 1438 994 1498 neque
1003 1424 1065 1496 lem
1078 1420 1143 1500 ejus
1160 1418 1342 1499 prunerii,-
1465 1413 1466 1418 ’

236 1504 267 1570 in
280 1530 341 1589 quo
353 1512 511 1592 reliqueret
521 1514 625 1587 lilium,
638 1515 786 1574 dominns.
827 1511 918 1581 Quod
930 1512 962 1572 ni
975 1512 1017 1573 ito
1029 1522 1087 1585 est,
1099 1530 1168 1592 qne
1179 1512 1280 1592 legum
1294 1522 1344 1573 est

236 1602 368 1687 utitor?
390 1606 483 1667 Foeta
506 1606 593 1687 igitur
616 1607 793 1688 dejectione,
805 1616 840 1667 nt
854 1606 979 1685 plurime
996 1606 1176 1679 omittemus,
1192 1605 1342 1666 sotionem

237 1696 318 1775 opud
341 1707 497 1777 praetorem
516 1698 555 1759 de
566 1700 739 1761 hereditate
757 1699 947 1778 ononimus,
959 1718 1029 1759 eum
1050 1717 1146 1778 mue
1169 1707 1287 1770 neutra,
1306 1709 1344 1757 nt

238 1785 310 1861 disi,
323 1788 401 1853 uuus
415 1802 495 1853 esset
507 1792 650 1857 defuncto
663 1793 754 1869 tilius,
766 1809 864 1872 oeque
876 1792 998 1873 adoptio
1010 1792 1091 1855 laeta
1104 1793 1230 1872 legibus.
1268 1792 1345 1852 Post

237 1877 305 1943 heo
319 1881 489 1945 Leortratns
503 1895 686 1947 santamente
699 1894 803 1957 certat,
818 1903 955 1944 asserens
972 1904 1005 1945 se
1013 1884 1094 1944 illius
1105 1878 1260 1945 Archiedoe
1274 1901 1345 1947 esee

237 1970 340 2049 filium,
349 1994 446 2057 neque
459 1978 593 2059 cogitans
606 1979 653 2039 vel
664 2000 696 2039 se
708 1978 821 2039 redisse
831 1978 863 2037 in
874 1976 1048 2050 Eleusinios,
1057 1978 1105 2038 rel
1115 1977 1270 2057 adoptivos
1280 1996 1343 2037 non

238 2063 359 2145 ipsese
381 2072 556 2152 semetipsis,
579 2072 633 2132 sed
660 2073 698 2132 ab
720 2071 930 2151 adoptentihus
953 2071 1114 2132 cenrhtuis
1133 2088 1236 2137 aarum
1256 2070 1345 2144 illud,
1465 2149 1466 2152 Ἴ

238 2160 350 2239 opinor,
363 2163 483 2225 omnino
500 2164 531 2229 in
550 2165 680 2227 seimonu
698 2164 854 2225 odorent
873 2183 972 2238 suurn,
990 2173 1126 2244 oportere
1150 2181 1183 2224 se
1202 2182 1263 2242 quo
1277 2164 1344 2244 jure

236 2271 354 2333 quaque
364 2256 473 2336 injuris
486 2268 625 2339 appetere
638 2258 744 2319 aliene.
784 2259 830 2322 Ae
849 2258 976 2338 primum
993 2257 1024 2316 in
1044 2257 1258 2349 peyneosiom
1270 2274 1344 2317 oen-

237 2346 383 2415 ciontlem
396 2350 528 2411 tabulam
548 2370 581 2410 ue
602 2350 770 2422 inscribere,
786 2370 854 2413 euro
873 2362 957 2425 esset
977 2348 1155 2417 Eleusinios,
1170 2351 1343 2426 eonehotor,

238 2441 327 2524 itique
345 2444 537 2524 procurabat:
560 2442 665 2504 deinde
683 2444 855 2524 prinsquam
873 2441 906 2502 in
923 2442 1105 2522 Otrynenses
1121 2442 1232 2504 teletus
1252 2454 1342 2520 esset,
1464 2459 1465 2464 ’

237 2539 388 2620 pertioeps
404 2556 469 2598 esse
488 2535 627 2596 studebat
649 2537 849 2596 communium
867 2541 1164 2614 rerum,ontumqoe
1184 2535 1343 2617 designare

239 2631 361 2696 sasinus·
376 2629 543 2708 inpellente
557 2628 676 2690 evanue
690 2629 873 2691 instituebat.
916 2629 985 2697 Quo
997 2646 1053 2687 nos
1068 2625 1288 2705 animadverso,
1299 2632 1343 2691 la·

203 2769 208 2778 ι
239 2734 319 2794 etum
333 2722 365 2782 id
377 2721 503 2788 testibus
517 2721 654 2782 adhibitis
668 2722 889 2802 prohibuimus:
908 2721 1096 2800 postulantes
1116 2731 1151 2782 ut
1170 2721 1344 2784 hereditate

239 2816 321 2899 prius
337 2813 416 2894 opud
431 2831 484 2876 vos
500 2813 724 2894 disceptaretur,
739 2833 829 2894 qoam
841 2813 882 2874 od
896 2813 1053 2875 Archiadae
1064 2833 1174 2876 nomen
1187 2817 1342 2896 qnisquam

239 2909 438 2990 adoptaretur.
479 2905 647 2968 Prohibitus
666 2919 776 2980 autem,
790 2916 821 2967 et
832 2906 1003 2987 injuriarum
1016 2917 1048 2967 et
1060 2907 1103 2968 ori
1117 2908 1251 2970 tabulam
1266 2921 1298 2971 et
1312 2913 1343 2969 in

238 3005 304 3070 iore
317 3001 539 3082 magistratuum
557 3001 720 3075 convietus,
734 3020 833 3062 eorem
848 3001 958 3074 multis,
972 3000 1044 3060 nihil
1056 3001 1086 3060 vi
1103 3001 1256 3081 agendum
1274 3025 1343 3065 een·

239 3098 310 3172 suit,
323 3117 391 3162 oum
408 3115 442 3158 se
461 3093 566 3158 vetris
589 3094 706 3175 legibus
729 3095 892 3157 eolliditote
915 3105 947 3155 et
968 3095 1073 3175 opibus
1089 3096 1151 3156 lore
1165 3097 1342 3178 superiorein

240 3197 382 3273 speraret.
1098 3233 1102 3240 .
1147 3222 1150 3228 ,

283 3281 415 3360 12.Ejus
427 3280 471 3342 rei
483 3279 848 3360 argumentumquodnaor
860 3280 925 3341 esti
949 3281 1128 3343 convocetis
1136 3282 1240 3364 paucis
1254 3285 1340 3366 Otry-

239 3376 383 3440 neneibus
396 3383 427 3436 et
439 3373 556 3436 tribuno
566 3376 660 3456 plehis
669 3374 841 3457 monada,
854 3393 923 3439 eum
934 3376 1034 3436 album
1046 3387 1180 3457 opertum
1197 3377 1296 3453 luerit,
1307 3391 1341 3439 nt

238 3469 432 3533 inscribetorz
454 3485 489 3528 ao
502 3481 607 3547 postea
619 3469 701 3529 uenit
717 3470 750 3528 in
768 3469 882 3549 magnis
896 3468 1107 3532 Panathenaeis
1129 3473 1186 3530 sub
1204 3473 1340 3533 distrihu-

237 3565 348 3627 tionem
361 3559 402 3622 ed
413 3559 586 3646 theatralem
598 3562 773 3641 pecuniam
793 3580 921 3641 eumque
933 3561 982 3622 elii
999 3562 1154 3643 populares
1166 3565 1339 3645 acciperent,

237 3656 361 3740 petebat
376 3661 453 3714 utet
466 3651 520 3712 sibi
534 3651 662 3727 daretur,
675 3662 766 3733 utque
780 3653 813 3713 in
824 3653 926 3716 elbum
938 3655 1057 3716 nomine
1067 3655 1225 3728 Archiatloe
1237 3647 1339 3717 insert

237 3752 366 3812 beretur.
408 3745 484 3806 Cum
504 3765 574 3806 vero
593 3767 647 3808 nos
669 3747 904 3819 testificaremur,
923 3757 955 3808 et
977 3768 1037 3808 noo
1058 3748 1213 3810 terendum
1231 3749 1262 3808 id
1274 3768 1338 3810 esse

240 3842 290 3904 elii
309 3841 451 3912 dicerent,
469 3838 541 3898 obiit
562 3859 619 3900 nee
642 3839 801 3920 inscriptus
824 3859 882 3904 neo
904 3840 1041 3902 theatrali
1064 3851 1188 3921 accepta
1206 3841 1336 3922 poeune.

240 3937 318 3997 Eum
332 3933 420 4014 igitur
433 3930 485 4011 qui
505 3943 609 3994 contra
624 3932 777 3993 decretum
788 3943 920 3994 vestrum
933 3935 1106 3995 theatralem
1118 3936 1274 4016 pecuniam
1286 3955 1337 4015 po-

238 4028 342 4102 stulet,
362 4017 531 4106 prinsqutto
551 4026 583 4090 in
603 4027 785 4107 Otryoenses
808 4027 994 4101 hmribatur,
1008 4028 1034 4088 si
1056 4027 1177 4089 elutius
1194 4027 1339 4109 nmieipii

238 4126 287 4198 sit,
300 4140 361 4185 uon
374 4117 697 4200 putatishrereditatem
709 4129 815 4182 eontra
827 4121 910 4201 leges
920 4121 1102 4200 petitoruml
1132 4121 1266 4189 llorere
1275 4139 1338 4182 ere-

238 4216 339 4290 dibile,
356 4213 408 4294 qui
424 4209 616 4292 teminiquas
629 4212 841 4292 prerogativae
853 4213 894 4272 ad
906 4213 1081 4294 explendam
1095 4214 1244 4278 mitium
1256 4233 1335 4278 ruens

238 4304 420 4385 antejndioii
432 4303 632 4384 cognitionem
646 4305 776 4378 molitur,
788 4325 857 4366 eum
875 4325 969 4367 causa
986 4307 1060 4372 niet
1090 4307 1169 4369 Naro
1182 4309 1233 4389 qui
1250 4324 1336 4389 peen-

239 4402 318 4464 niem
327 4397 499 4468 liteatraletn
512 4395 612 4476 inique
625 4399 795 4479 postulavit,
808 4400 832 4461 'n
847 4400 887 4461 tie
898 4399 1072 4463 haereditate
1086 4402 1222 4462 nimirum
1236 4401 1334 4464 eodem

240 4503 285 4553 est
300 4492 407 4554 enimn.
449 4489 529 4559 Quin
547 4501 700 4570 proetorem
726 4492 814 4575 etiem
840 4494 956 4556 actione
975 4512 1013 4554 ert
1032 4513 1143 4576 sponso
1164 4494 1286 4576 derepit,
1304 4502 1335 4553 et
