2967 4950
222 347 285 406 eor
472 319 722 408 novemus
735 324 1052 404 rnnrnsnruu.

225 511 313 587 quam
326 498 447 559 istorum
461 497 566 558 fecisse
579 497 695 579 scripit
706 517 715 557 s
736 497 791 562 sed
803 509 850 558 me
865 497 964 557 sibiet
978 497 1039 558 suis
1052 495 1240 558 facultatibus
1255 497 1328 558 insi·

147 618 149 625 s
226 591 351 668 dietum,
366 589 524 652 mandasse
537 588 568 648 id
582 609 666 650 servo
679 609 746 651 meo
763 589 944 670 subscripsit,
959 589 989 648 in
1003 607 1062 667 quo
1074 588 1224 649 mentitur.
1266 589 1329 657 Qui

226 684 303 743 enim
318 703 375 762 ego
388 682 528 743 mundare
541 683 632 762 potui,
645 682 706 764 qui,
720 695 787 742 cum
806 682 875 742 hinc
889 683 1043 753 solverem,
1056 681 1197 759 quidnam
1209 681 1259 741 hic
1280 682 1328 740 fu·

226 787 324 838 turum
337 786 417 838 esset
434 775 535 854 utique
557 774 752 854 ignorabam?
782 774 899 836 Deinde
911 785 1029 854 qusntae
1043 774 1174 834 stultitius
1189 785 1247 848 cst,
1256 795 1330 852 cum

171 897 172 900 ¹
226 889 274 930 me
287 889 348 928 suae
362 868 499 948 dignitati
513 877 543 928 et
555 865 644 926 saluti
657 866 826 928 insidiatum
839 867 930 940 dicut,
949 867 1078 927 eundem
1091 867 1227 939 scribere,
1242 887 1330 928 servo

2 1005 8 1014 -
48 943 50 948 ,
146 1021 150 1024 ,
227 961 384 1022 mundasse
403 979 449 1032 es,
463 959 576 1037 'quibus
596 979 655 1020 nec
668 959 740 1020 civis
761 959 855 1019 civem
876 960 994 1020 officere
1008 959 1118 1037 questi
1152 958 1232 1026 Quid
1254 960 1330 1020 illud

125 1075 133 1080 ’
227 1054 316 1132 igitur
329 1051 398 1112 esti
419 1051 551 1130 Apparet
560 1061 639 1124 euru,
653 1071 721 1110 cum
734 1051 817 1110 nulls
829 1050 941 1110 retioue
954 1059 1058 1130 posset
1070 1059 1190 1130 propter
1198 1052 1330 1129 peregri-

61 1211 64 1218 ,
146 1225 149 1232 Ι
228 1144 377 1204 ostionem
392 1142 521 1206 *istorum
543 1141 574 1202 in
600 1161 648 1202 me
673 1141 833 1222 quicquam
851 1144 1018 1216 transferre,
1040 1152 1072 1204 et
1093 1162 1141 1202 rue
1157 1142 1331 1204 calumniari

223 1236 328 1308 uellet,
351 1253 418 1296 meo
436 1226 523 1313 jussu
546 1245 617 1294 esse¹
631 1233 743 1295 fuctum
766 1233 967 1314 inscripsisse:
985 1254 1089 1314 neque
1109 1235 1198 1308 enirn,
1217 1235 1248 1294 ni
1270 1234 1331 1296 hoc

229 1326 462 1402 iecisset,·ulls'm
476 1337 599 1386 causum
612 1326 773 1388 habuisset.
815 1327 895 1406 Lege
906 1327 1141 1406 quodsequitur.
1162 1335 1167 1339 ’

658 1469 900 1581 AccusnTlo.

231 1663 271 1718 Et,
280 1669 402 1723 postquem
413 1677 458 1724 ego
475 1678 525 1710 sum
534 1664 609 1710 ludus
621 1661 724 1719 serarius,
735 1644 851 1709 oolloosto
860 1661 977 1722 Antigene
988 1677 1058 1710 serso
1074 1677 1118 1710 suo
1132 1665 1156 1712 iu
1171 1665 1333 1724 mesofficins,

210 1801 216 1812 1
230 1753 259 1785 ou
268 1753 320 1800 quse
331 1745 369 1786 ert
378 1739 408 1799 sd
418 1736 576 1800 ltrrsyllum,
586 1744 638 1784 rnen
649 1738 684 1785 illi
694 1738 775 1794 trudit,
782 1753 819 1784 me
826 1744 933 1817 retente.
983 1811 986 1816 Ι
1370 1736 1375 1746 “

231 1876 351 1936 Desine.
394 1877 509 1938 Rursus
530 1878 561 1936 in
581 1878 627 1938 his
643 1877 779 1937 omnibus
798 1877 835 1934 eb
850 1876 916 1954 ipsu
927 1895 959 1935 re
978 1877 1124 1938 mendacii
1136 1879 1331 1940 convincitur.
1349 1862 1356 1872 ⁴

195 1968 208 2046 J
231 1969 355 2047 Scripsit
365 1969 446 2029 'enim
460 1991 507 2040 me
520 1970 693 2039 collocasse,
706 1988 738 2026 se
758 1971 858 2026 autem
872 1967 1016 2031 venisse:
1037 1989 1105 2048 quie
1123 1972 1186 2031 fieri
1208 1991 1260 2052 per
1273 1968 1333 2033 'ab-

229 2072 343 2120 sentem
357 2070 518 2139 nequeunt.
555 2061 659 2139 Neque
670 2058 747 2118 eninr
761 2064 818 2138 ego
831 2051 1024 2134 collocabam,
1038 2061 1196 2141 quiessem
1210 2065 1240 2124 in
1251 2066 1334 2126 Pon·

230 2163 273 2226 to,
287 2173 384 2231 neque
397 2152 546 2212 interdixit
558 2153 613 2211 iste
627 2170 686 2211 nou
699 2151 846 2230 presenti.
866 2155 869 2160 ’
889 2153 948 2219 Qui
965 2154 1043 2214 enim
1062 2153 1225 2233 potuisset?
1255 2159 1333 2227 Quae

231 2265 277 2303 res
292 2235 381 2323 igitur
391 2249 459 2304 'eum
472 2243 570 2322 coegit
583 2241 649 2302 hoec
662 2235 810 2304 scriberet
831 2245 976 2324 Evergus,
992 2239 1104 2326 opinor,
1118 2268 1186 2308 cunr
1200 2269 1237 2311 eu
1250 2247 1333 2311 corn·

231 2337 360 2394 mitteret
381 2353 505 2412 quorum
524 2353 626 2414 poenas
646 2333 740 2414 dedit,
752 2335 842 2418 homo
854 2336 925 2396 mihi
942 2349 1032 2398 notus
1046 2349 1078 2400 et
1092 2339 1254 2412 familiaris,
1270 2359 1335 2404 ser·

127 2429 134 2436 '
233 2446 302 2487 vum
325 2425 452 2504 sliqueui
470 2425 559 2487 domo
576 2444 644 2487 mes
665 2426 851 2499 accersitum,
864 2428 944 2508 apud
967 2449 1009 2504 se,
1030 2431 1217 2495 custodiendi
1236 2435 1334 2513 grstia

232 2516 397 2578 collocarit.
440 2516 471 2577 Si
492 2518 580 2597 igitur
601 2537 702 2579 verum
727 2518 900 2599 scripsisset,
922 2522 1077 2583 ridiculum
1105 2525 1229 2598 fnisset:
1263 2524 1334 2607 qur'e

231 2608 310 2669 onim
332 2626 402 2667 ures
415 2608 506 2689 culpe
519 2620 577 2682 est,
596 2610 620 2669 si
642 2612 775 2691 Evergus
789 2614 963 2675 constituit?
982 2616 1020 2675 ld
1032 2616 1160 2697 lugiens,
1175 2620 1247 2678 tulis
1260 2622 1334 2682 scri·

232 2700 303 2760 bere
317 2710 438 2760 coactus
452 2710 508 2775 est,
521 2712 556 2787 ut
565 2710 779 2782 meeum'sgere
786 2704 902 2784 judicio
915 2712 1025 2787 posset.
1068 2710 1148 2791 [iege
1159 2721 1277 2773 cistere.

659 2897 906 2993 secusino.

234 3022 266 3069 lit
277 3021 393 3083 persuasit
404 3022 463 3070 urei's
472 3022 564 3071 famulis
578 3031 604 3071 ot
614 3024 637 3071 in
648 3026 797 3074 Cenchreons
808 3028 916 3075 sederent
926 3030 1046 3093 supplices
1058 3032 1081 3080 in
1092 3035 1195 3082 fraudem
1204 3052 1288 3086 mersu.

235 3158 356 3230 Desine.
398 3159 465 3220 Hoc
479 3160 548 3238 jaur'
560 3162 678 3223 omnino
697 3162 851 3243 impudens
873 3175 930 3226 est.
968 3168 1135 3231 Nou‘enim
1152 3193 1190 3233 ex
1207 3192 1244 3234 co
1256 3174 1334 3238 dun-

198 3309 201 3314 ,
233 3260 315 3311 texat
329 3252 410 3329 quod
429 3271 480 3311 eos
498 3252 528 3311 in
541 3256 736 3332 questionem
751 3257 916 3336 postulatos
928 3259 1000 3320 dere
1013 3262 1117 3337 noluit,
1134 3266 1187 3326 sed
1200 3269 1334 3349 undique

234 3342 422 3421 perspicuum
436 3353 482 3403 est
496 3363 561 3404 esse
576 3347 774 3407 mendacium.
816 3349 886 3429 Qus
896 3352 973 3411 enirn
988 3354 1026 3413 de
1038 3374 1129 3427 ceusu
1140 3376 1191 3418 eos
1203 3360 1334 3438 pellicie-

233 3432 326 3491 bnml
363 3434 404 3492 Ut
419 3434 531 3495 scilicet
543 3455 595 3496 eos
609 3439 756 3499 emerem?
786 3440 827 3500 At
840 3444 960 3521 optione
973 3446 1044 3505 mihi
1058 3447 1128 3508 duta
1141 3451 1188 3509 vel
1202 3450 1334 3515 habendi

233 3523 280 3583 vel
295 3525 411 3584 emendi
425 3526 471 3585 vel
485 3526 643 3608 recipiendi
658 3550 769 3603 mcum,
783 3535 914 3614 recipere
927 3557 1025 3598 meum
1044 3541 1141 3614 malui,
1154 3554 1186 3603 et
1202 3544 1267 3607 hoec
1280 3566 1334 3627 per

47 3620 53 3631 ⁸
134 3688 139 3698 Ι
234 3624 324 3679 testes
336 3618 462 3698 probatu
475 3630 554 3681 sunt.
596 3622 656 3682 Sed
670 3622 762 3684 recita
774 3634 872 3686 tumen
886 3631 1130 3708 provocationem.
1223 3687 1226 3697 .

644 3825 929 3910 Pnovocluro.

187 3983 191 3991 ·
236 3950 302 4011 llsc
322 3920 418 4032 igitur
436 3956 642 4033 provocatione
657 3978 717 4019 non
728 3962 731 3967 “
742 3970 875 4038 accepts,
890 3960 944 4021 sed
961 3962 1122 4041 repudiate,
1137 3969 1334 4049 considerate,

177 4138 188 4157 ὀ
234 4042 430 4123 qusleststim
444 4057 511 4127 post
524 4047 590 4109 lisso
604 4050 717 4113 crimen
730 4050 882 4132 impinget.
924 4052 1096 4156 legequod
1110 4058 1251 4138 sequitur.
1383 4061 1386 4068 '

657 4253 901 4319 ACCUSATIO.

235 4372 267 4419 Bt
284 4361 428 4437 ooniump'sit
443 4381 531 4439 urgenti
552 4396 649 4441 messus,
661 4400 718 4445 quus
738 4387 784 4435 nei
805 4386 867 4434 servi
885 4389 1044 4447 conficiebant,
1055 4398 1079 4438 et
1090 4399 1209 4454 irreptum
1220 4394 1288 4442 hibet
1300 4410 1330 4442 ex

235 4446 283 4497 illis'
293 4452 377 4500 morsis
388 4455 524 4505 conmorit.
971 4453 975 4461 ’
1052 4456 1055 4463 ’
