2967 4950
447 279 634 340 axonam
654 277 922 340 souorouuu.
1160 280 1227 358 ans

132 438 307 500 damtunam
320 435 370 495 hin
382 433 602 506 concionantur,
621 452 688 496 cunr
707 432 809 498 dicunt
821 452 919 512 nsque
929 432 1038 492 tributa
1051 426 1229 500 numeranda

131 549 230 611 neque
243 527 430 590 militandum
449 546 527 597 esse,
543 526 596 586 sed
616 527 785 587 omniasua
800 525 1087 606 sponteconfactum
1105 525 1149 584 iri.
1173 526 1230 585 ¹lit

131 621 201 682 haec
215 624 252 682 ab
266 621 324 682 alio
344 620 442 699 aliquo
456 619 592 698 redargui
612 619 775 698 oportebat,
788 619 877 698 idque
900 638 937 680 ea
950 619 1059 679 ratione
1079 618 1142 678 fieri
1162 639 1229 698 quae

107 783 110 789 ,
132 722 216 775 esset
229 732 247 773 e
261 711 439 792 Republica:
453 709 524 770 mihi
537 709 755 769 autemvidetnr
766 709 884 771 fortuna
896 730 975 770 nuno
988 710 1074 770 etiam
1087 711 1230 789 quodam·

131 807 226 866 modo
239 803 460 866 meliusmereri
473 803 511 863 de
520 801 604 862 nobis
616 821 703 882 quam
709 802 913 880 magistratus.
934 872 938 880 .
953 803 1035 864 Nam
1042 803 1123 883 quod
1129 804 1231 864 omnia

129 899 198 960 fere
210 907 354 977 pereunt,
365 895 396 954 id
417 913 517 956 eorum
536 893 641 974 quibus
656 894 788 974 negotia.
798 893 937 957 mandata
950 906 1020 956 sunt
1039 895 1179 958 socordia
1199 908 1231 958 et

129 989 326 1070 improbitatis
340 988 457 1068 signum
470 1006 536 1048 esse
549 987 653 1047 debet:
671 986 760 1065 quod
771 1005 840 1046 vero
853 1005 913 1046 non
931 987 1000 1046 olim
1022 989 1121 1050 omnia
1136 990 1230 1069 perie-
1307 1056 1310 1063 ¹

131 1093 216 1157 runt,
229 1082 471 1144 sesne-fortunae
480 1081 659 1142 beneficium
669 1079 814 1158 equidem.
820 1097 887 1140 esse
897 1079 1008 1159 judico.
1045 1082 1129 1159 ,Dum
1142 1082 1230 1162 igitur

131 1176 252 1236 fortem
265 1184 361 1236 cesam
374 1184 405 1234 ct
419 1173 559 1234 inimicos.
567 1172 693 1244 extollit«
701 1172 999 1252 reliquarumrerum
1017 1192 1118 1234 curam
1129 1176 1231 1247 ,susci-

132 1267 199 1348 pite
208 1287 224 1328 r·
238 1267 323 1347 quod
332 1266 389 1327 nisi
404 1265 546 1339 feceritis,
555 1265 719 1347 providete,
731 1283 771 1324 ne
784 1263 942 1340 vossimul
951 1273 989 1324 ‚et
1011 1283 1114 1326 omncs
1138 1270 1231 1347 magi·
1246 1265 1249 1271 ’

134 1369 247 1423 stratus
266 1360 468 1430 necesaria-et
485 1378 532 1420 res
552 1369 702 1433 vestreae
720 1357 1124 1432 Athenienses,.inclincntur.
1165 1361 1231 1422 Nec

133 1455 296 1516 enim-fieri
310 1462 477 1534 »poterant
489 1472 542 1512 ea¹
554 1452 616 1514 sine
629 1469 739 1531 magna
749 1450 957 1529 ‚aliquaclade
970 1450 1140 1526 consistant,
1162 1471 1230 1513 curn

134 1567 225 1610 nemo
236 1548 276 1610 sit
286 1546 336 1627 qui
349 1565 400 1608 eas
413 1555 538 1606 tueatur.

654 1705 719 1764 XL.

178 1821 268 1882 Nihil·
280 1821 474 1892 absurdisst,
492 1819 699 1898 Athenienses,
713 1839 765 1881 eos
785 1821 835 1899 qui
849 1839 968 1901 semper·
975 1831 1006 1882 et
1024 1822 1141 1882 assidue
1163 1830 1232 1884 snas
1319 1815 1324 1822 ’

133 1915 168 1973 iu
182 1913 345 1994 Republica
357 1914 484 1975 rationes
498 1913 537 1974 ad
544 1903 709 1993 »paucorum
722 1912 904 1973 dominatum
912 1913 1054 1986 referunt,
1066 1914 1097 1972 in
1107 1934 1144 1974 eo
1152 1935 1233 1975 nnnc

134 2007 227 2068 etiam
240 2027 306 2067 esse
328 2005 524 2086 deprehendi:
535 2006 597 2069 ,sed
619 2005 698 2065 illud
715 2004 812 2084 potius
829 2009 895 2083 jure
909 2005 1054 2084 quispiam
1067 2007 1233 2082 demiretur,

133 2117 190 2160 vos
205 2100 256 2178 qui
269 2119 304 2160 sa
318 2099 416 2160 sciatis
431 2118 509 2178 saepe
528 2096 677 2158 libentius
687 2097 746 2158 illia
768 2097 1046 2177 auscultare,.qnarn
1059 2099 1163 2159 vestris
1182 2100 1235 2160 de·

110 2229 113 2232 -
134 2191 309 2253 semoribus.
326 2192 416 2276 :Em
430 2201 526 2252 autem
541 2189 672 2252 fortassis
681 2200 719 2251 ut
731 2190 864 2270 privatim
883 2189 978 2250 facile.
990 2201 1126 2266 nonest.
1137 2193 1235 2253 omnia

135 2294 215 2346 recte
228 2289 327 2366 agera,
337 2285 379 2346 sic
392 2303 488 2365 neque
500 2283 636 2365 publice:
651 2303 710 2345 non
723 2294 822 2345 tamen
830 2283 951 2344 maximi
964 2285 1104 2360 momenti
1115 2287 1235 2366 negotia

106 2449 108 2454 Ι
136 2385 210 2438 sunt
220 2376 408 2458 negligenda.
451 2376 526 2435 Sunt
539 2385 638 2436 autem
653 2389 761 2437 caetera
773 2377 885 2437 minora
897 2377 1012 2437 omnia:
1033 2396 1101 2439 cum
1113 2399 1183 2439 vero
1196 2381 1234 2440 de

136 2484 218 2535 statu
239 2471 372 2546 civitatis,
387 2470 424 2531 de
443 2469 584 2545 caedibus,
599 2471 637 2532 de
656 2470 825 2550 reipublice
847 2469 996 2552 popularis
1013 2471 1161 2532 eversione
1182 2472 1235 2533 de·

133 2565 319 2639 clamitantes
327 2556 476 2644 quosdam
490 2564 607 2637 auditis,
617 2562 683 2643 quis
696 2582 751 2625 vos
761 2583 821 2623 non
831 2573 930 2623 mente
942 2574 1045 2643 captos
1058 2564 1233 2625 arbitretur?

132 2658 218 2719 Nam
231 2657 338 2719 ceteri
357 2656 477 2737 quidem
490 2656 638 2717 mortales¹
648 2674 763 2729 omnes,
774 2654 905 2716 aliorum
926 2656 1069 2735 exemplis
1083 2656 1237 2731 admoniti,

136 2751 285 2813 cautiores
298 2751 390 2812 flunt:
411 2770 464 2811 vos
478 2760 576 2810 auteur
590 2748 697 2810 auditis
707 2750 796 2810 etiam
808 2747 930 2810 aliorum
943 2748 1060 2821 casibus
1078 2750 1235 2812 formidare

134 2862 198 2905 non
218 2842 352 2923 potestis,
365 2842 417 2903 sed
441 2862 508 2923 qnae
526 2841 661 2921 privatim
683 2842 815 2903 stultitiae
837 2839 972 2901 tribuatis
986 2841 1012 2901 si
1024 2841 1152 2901 admissa
1164 2844 1234 2916 sint,

135 2956 174 2999 ea
183 2935 368 3015 -sospublice
382 2934 535 2997 admissuri
548 2934 619 2997 mihi
633 2934 781 3005 videmini,
802 2935 931 2996 neaniai
945 2944 1066 3013 accepto
1079 2936 1158 2994 malo
1169 2937 1233 2996 fors

135 3026 351 3111 prudentiores.
1026 3038 1029 3045 '

563 3157 566 3165 ’
614 3184 719 3259 ¹rur.

151 3301 277 3365 ”Nemo
296 3302 881 3383 unquentorumvestmm,.quoesivir,
903 3299 1118 3374 Athenienses,
1131 3321 1234 3381 quarn·

106 3450 109 3453 .
135 3396 238 3459 obrem
261 3395 424 3458 calamitosi
450 3394 673 3473 rectius-quam
698 3394 838 3454 fortunati
866 3394 928 3455 suia
955 3394 1043 3453 rebus
1066 3396 1234 3457 consulant.

135 3486 390 3568 Ejmaautemrei
410 3488 469 3553 alia
479 3506 571 3550 casua
583 3486 734 3559 nullaest,
747 3486 902 3567 nisiquod
923 3488 1024 3562 itaut,
1037 3500 1072 3549 ut
1092 3489 1124 3549 hi
1140 3507 1235 3569 aequo

135 3580 303 3643 formident.
314 3582 483 3662 quicquam,
497 3600 593 3662 nsque
615 3581 640 3641 si
656 3582 808 3662 quispiam¹
820 3583 952 3662 pericula
966 3594 1183 3657 commemoret,
1198 3602 1236 3644 ea

136 3674 180 3735 ad
202 3693 235 3735 se
251 3675 403 3756 pertinere
419 3684 542 3756 putent:
570 3674 637 3737 illos
654 3692 758 3737 recens
781 3674 879 3737 minuc
898 3689 1060 3739 enatorum
1086 3678 1235 3749 memoria,

121 3766 261 3848 ,quando
277 3768 433 3831 includes
450 3768 627 3843 inciderunt,
651 3769 812 3850 prudentes
835 3770 884 3830 ad<
897 3781 1004 3831 caetera
1023 3781 1054 3831 et
1071 3770 1237 3832 moderatos

134 3860 239 3922 efficit.
259 3880 262 3889 ¹
278 3860 347 3922 dam
359 3862 515 3943 proborum
528 3863 678 3924 hominum
694 3863 823 3924 officium
837 3873 892 3937 est,
905 3884 972 3923 cunr
985 3865 1102 3925 fortuna
1114 3874 1236 3925 utuntur

133 3952 620 4029 secundissima-tumysummunr.
639 3955 746 4016 habere
769 3955 921 4019 modestiae
934 3956 1084 4019 ·atudium.
1119 3958 1235 4035 »Neque

133 4047 217 4109 eninr
244 4048 403 4129 quiequam
424 4060 494 4111 tami
511 4050 694 4118 formidabile
716 4060 766 4111 est
791 4052 862 4131 quin
889 4052 1042 4134 vigilantia
1067 4043 1236 4134 prietatem,

129 4140 348 4220 aequantium
370 4142 479 4205 malum
499 4142 992 4223 estquinoscitantibnseesnire,
1016 4147 1117 4227 possit.
1133 4169 1141 4189 ν
1157 4142 1238 4204 Hanc

134 4232 285 4295 nunides
294 4234 373 4311 dico,
384 4247 418 4295 ut
430 4256 482 4297 vos
501 4236 613 4298 frustra
630 4236 872 4317 perterrefaciarn,
886 4240 938 4300 sed
952 4250 986 4299 ut
998 4260 1037 4299 ne
1048 4236 1236 4297 successibus

120 4324 205 4385 istis
218 4324 346 4399 elati,·ea
363 4346 431 4405 qua
444 4328 572 4391 incidere
591 4339 722 4408 possent,
742 4329 797 4389 nisi
811 4341 899 4392 caute
910 4351 966 4392 -res
984 4328 1238 4401 administraretis,

134 4416 320 4498 pesulan
337 4420 421 4489 vobis
438 4420 574 4501 exposita
589 4421 708 4492 fuerint,
722 4424 927 4497 contemnatis,
941 4422 1048 4485 ataine
1058 4421 1129 4483 ‘uilo
1148 4421 1235 4495 malo,

682 4518 735 4575 du
