2967 4950
525 274 569 339 IN
590 273 895 337 uruPHArtth
1199 276 1257 339 647

204 428 257 487 23.
271 425 449 505 improbus
442 434 507 499 rste,
529 426 677 507 improbus
695 438 753 503 ert,
766 431 974 505 Athenienses,
990 432 1052 512 jtnt
1066 431 1143 512 inde
1163 449 1202 494 ex
1220 446 1262 495 ιιι

155 529 297 597 tempore
315 537 374 598 quo
396 518 434 579 ed
457 518 598 599 templum
620 521 750 582 Castoris
771 533 802 582 et
824 524 955 586 Pollucis
968 524 1068 585 vaeniit
1080 535 1110 585 ιι
1125 524 1268 602 injurius

135 642 137 649 ι
157 610 260 691 Cujus
277 610 319 673 rai
339 610 455 690 signum
475 611 547 673 illud
568 623 627 675 est:
648 614 781 693 quod,
759 635 784 675 ιι
794 617 900 697 justus
923 619 1035 694 fnisset,
1047 638 1158 700 pauper
1171 631 1260 699 esset,

156 703 368 763 administrata
388 703 498 765 domiui
517 707 659 783 pecuniam
680 728 770 778 nunc,
784 729 851 771 cum
864 721 925 771 tam
938 711 1085 791 ingentem
1105 713 1264 792 pecuniam

157 796 194 865 in
209 804 354 875 potestate
367 796 511 871 habuerit,
523 808 559 859 'ut
579 810 692 861 tantum
707 801 777 860 inde
791 804 869 863 olam
882 804 922 865 sit
934 804 1103 877 suffuratus,
1117 814 1261 884 quantum

158 911 248 951 nunc
261 890 401 970 possidet,
412 910 449 951 ea
457 910 520 952 non
536 892 655 966 debere,
668 894 726 955 sed
734 904 858 975 accepta
868 917 907 956 ex
920 897 1093 975 patrimonio
1105 899 1214 960 habere
1226 918 1263 962 ιι

160 984 320 1048 existimat.
358 984 423 1063 Age
446 998 498 1063 per·
520 985 593 1047 deos
608 986 892 1059 ,inmortalessi‘ut
906 990 1003 1051 furem
1020 991 1217 1071 arripuissem,
1229 993 1266 1055 in

162 1078 236 1157 ipso
248 1076 557 1159 incomprehensum,
571 1080 760 1143 facultatibus
771 1101 845 1160 quas
857 1082 962 1161 habes,
974 1082 1000 1142 si
1012 1084 1074 1143 fieri
1087 1087 1192 1164 possit,
1205 1086 1261 1147 tibi

162 1172 319 1251 impositis,
333 1172 477 1257 atqueita
491 1184 551 1233 ate
563 1173 770 1253 postulassem,
783 1176 808 1235 si
822 1194 945 1256 negares
962 1194 1013 1237 eas
1028 1187 1059 1235 te
1072 1176 1266 1257 surripuisse,

161 1267 212 1327 uti
224 1285 261 1327 eo
274 1266 396 1327 referres
412 1266 499 1327 undel
509 1268 735 1347 accepisseaad
749 1288 906 1348 quemnam
922 1288 972 1329 ιιι
993 1268 1136 1329 refer-resi
1156 1270 1265 1350 Neque

161 1360 244 1423 enim
256 1360 322 1421 illas
335 1370 403 1421 tuus
416 1359 469 1421 tibi
482 1371 566 1442 poter
580 1363 708 1435 tradidit,
730 1383 785 1424 nec
800 1363 946 1443 reperisti,
957 1373 1055 1443 neque
1074 1362 1109 1423 iis
1118 1363 1265 1426 alibius.

162 1475 255 1535 quam
267 1454 399 1534 acceptis
420 1454 458 1514 ad
478 1474 533 1516 noa
553 1455 671 1527 venistir
691 1458 833 1517 barbarus
851 1456 937 1517 enim
947 1466 1062 1536 emptus
1078 1476 1122 1517 ιι
1164 1456 1204 1517 Ει
1216 1465 1261 1530 ιιι,

160 1566 251 1627 quem
265 1545 381 1625 publice
394 1545 578 1607 interfectum
584 1550 748 1652 oportebat
759 1558 877 1629 propter
895 1548 1035 1623 facinora,
1048 1566 1171 1629 corpore
1188 1567 1266 1610 con

161 1649 290 1711 serrato,
296 1648 334 1699 ιι
346 1628 462 1699 civitate
483 1651 583 1701 nostra
605 1640 729 1721 pecunia
751 1642 803 1702 tibi
822 1651 1002 1722 comparata,
1016 1651 1047 1703 et
1060 1661 1096 1703 eo
1109 1641 1264 1721 dignitatis

161 1741 286 1794 euectus
300 1740 334 1791 ut
346 1729 453 1791 liberos
469 1750 518 1809 qur
510 1730 719 1793 dominorum
717 1742 838 1793 tuorum
847 1732 952 1795 fratres
963 1744 1063 1793 essent
1079 1752 1265 1812 p,rocrettres

160 1822 366 1904 excepuonem
382 1824 543 1903 opposuisti
562 1846 622 1887 non
641 1826 796 1887 convenire
810 1826 895 1887 nobis
910 1826 1054 1887 actionem
1072 1824 1103 1885 in
1123 1845 1191 1886 eam
1208 1846 1261 1906 pe·

161 1917 282 1979 cuniam
291 1934 383 1997 quam
396 1937 415 1977 a
426 1926 456 1977 te
467 1918 653 1997 peteremus?
667 1920 718 1985 *l'u
732 1919 816 1981 nobis
829 1919 1007 1980 conviciatus
1020 1918 1070 1978 ιιι
1106 1919 1153 1979 Tu
1164 1918 1195 1978 in
1209 1938 1265 1998 pn-

163 2019 240 2071 trem
253 2019 386 2073 nostrum
397 2008 580 2088 inquisivisti,
595 2012 661 2091 quis
672 2012 779 2074 fueriti
811 2014 890 2079 Qua
900 2012 967 2091 quis
985 2020 1042 2082 est,
1056 2010 1265 2087 Athenienses,

164 2104 218 2181 qui
231 2118 317 2181 raquo
327 2104 401 2165 ferre
414 2102 512 2163 anime
525 2104 685 2183 potuisseti
706 2106 772 2185 Ego
785 2106 872 2177 enim,
886 2104 1004 2165 tametsi
1017 2122 1064 2165 me
1074 2103 1159 2165 robis
1167 2106 1265 2165 omni·

165 2199 225 2257 bus
240 2196 304 2256 aliis
318 2196 502 2257 submissiore
522 2198 618 2267 animo
638 2218 701 2259 essa
722 2208 847 2277 oportet,
860 2199 918 2259 isto
937 2208 1037 2259 tamen
1057 2207 1124 2259 esse
1143 2196 1267 2258 elatiore

168 2298 304 2375 oportere
317 2305 437 2351 censeo:
456 2289 536 2363 ιι,ιί
555 2290 643 2353 istum
664 2290 773 2351 nemini
790 2292 895 2354 cedere
913 2300 1069 2370 oporteret,
1083 2288 1153 2355 mihi
1165 2299 1266 2351 ιιιιιιιι

166 2403 238 2445 eum
250 2384 359 2447 cedere,
368 2392 524 2463 oporteret.
556 2384 654 2447 Simus
668 2384 885 2449 enimitssane
897 2403 963 2455 nos,
975 2392 1008 2443 ut
1020 2392 1055 2443 tu
1066 2402 1121 2442 nos
1134 2381 1266 2447 oratione
1369 2453 1371 2455 ,

167 2491 220 2542 ιιι
234 2478 332 2557 fingis,
345 2477 514 2539 servitutem
527 2486 588 2540 tuto
602 2477 723 2538 ιιιιὶιιί.
1257 2518 1262 2535 ,

211 2574 261 2632 24.
280 2571 427 2631 Fortassis
441 2579 583 2631 autemet
594 2571 653 2632 hoc
666 2589 767 2630 eorum
781 2569 885 2649 aliquis
899 2569 1014 2643 dixerit,
1027 2570 1147 2629 fratrem
1166 2588 1266 2633 meum

166 2664 317 2726 Periclem
331 2663 403 2722 nihil
416 2663 453 2725 de
466 2681 501 2722 ιο
515 2665 638 2742 queri'in
650 2664 695 2746 his
710 2666 806 2725 rebus.
822 2723 826 2730 ,
846 2664 1003 2742 Egeram,
1017 2663 1221 2737 Athenienses,
1234 2675 1267 2726 et

96 2755 101 2763 ’
166 2757 406 2841 dePatirle,-.a
416 2755 498 2816 vobis
509 2757 683 2842 deprecatus
694 2777 731 2817 ue
745 2757 932 2840 egreseratis
946 2766 977 2817 et
988 2757 1080 2836 petita
1091 2758 1186 2830 venia,
1197 2757 1267 2822 sico

165 2847 363 2933 processerim
377 2848 546 2921 iracundiae,
559 2859 602 2919 ut,
617 2867 766 2908 servorum
785 2869 916 2909 meorum
932 2848 1117 2910 contumeliis
1126 2848 1266 2921 irritmm

165 2962 208 3002 ea
218 2941 337 3001 reticere
350 2960 505 3021 nequeam,
516 2960 582 3018 quae
593 2941 737 3002 hactenus
748 2942 834 3001 etiam
848 2941 911 3000 aliis
924 2941 1090 3001 dicentibus
1104 2939 1205 3000 audire
1218 2960 1266 2999 me
1359 3014 1361 3018 ,

161 3033 402 3107 dissimulari-,
417 3033 512 3094 dicam
526 3044 556 3093 et
568 3035 694 3094 tacenda
706 3034 819 3113 loquar.
861 3034 928 3112 Ego
946 3033 1089 3092 uterinum
1110 3053 1175 3092 esse
1196 3032 1266 3090 mihi
1358 3029 1367 3038 ’

164 3126 293 3188 fratrem
306 3125 449 3186 Pasiclem
462 3127 604 3200 existimo,
617 3145 775 3206 germanus
789 3145 826 3185 ιιι
840 3125 879 3185 sit
890 3125 971 3184 haud
983 3125 1056 3184 scio.
1082 3126 1177 3202 Atque
1192 3123 1267 3184 adeo

164 3237 273 3280 vereor
289 3239 324 3279 ne
338 3219 468 3280 Pasicles
483 3217 653 3278 delictorum
668 3217 853 3278 Phormionis
864 3217 895 3276 in
908 3237 962 3276 nos
977 3216 1150 3297 principium
1170 3216 1268 3276 luerit.

163 3314 337 3376 cumcuim
352 3333 438 3376 servo
452 3313 530 3375 adsit
542 3313 683 3393 despecto
696 3314 795 3382 fratre,
809 3322 840 3372 ιι
859 3331 912 3372 eos
933 3311 1014 3371 colat
1033 3331 1068 3372 sc
1084 3309 1235 3391 suspiciat,
1250 3331 1269 3371 a

164 3408 277 3486 quibus
296 3426 363 3466 enm
377 3405 433 3466 coli
446 3406 647 3479 conveniebat,
660 3426 750 3486 quam
770 3424 807 3464 ea
828 3424 875 3464 res
891 3405 1004 3484 J'ustam
1023 3403 1113 3465 habet
1125 3404 1267 3482 suspicio-

163 3500 258 3558 rremi
279 3499 370 3560 Aufer
382 3499 602 3579 igituremedio
612 3501 769 3573 Pasiclem,
780 3508 811 3558 et
821 3507 891 3558 tuus
902 3518 973 3559 sane
983 3498 1059 3558 filius
1069 3499 1168 3579 potius
1179 3518 1268 3577 quam
1353 3533 1355 3538 ·

161 3592 307 3652 dominus
327 3593 503 3680 nominetur,
518 3611 601 3653 meus
626 3602 724 3654 autem
745 3590 946 3652 adversarius:
972 3591 1030 3651 hoc
1050 3591 1126 3651 enim
1146 3591 1268 3664 mavult,

49 3748 57 3761 ,
161 3705 259 3764 quam
272 3685 362 3746 frater
376 3705 452 3746 esse.

210 3779 260 3838 25.
275 3778 343 3857 Ego
355 3797 425 3838 vero
439 3798 506 3838 eum
525 3779 623 3839 velere
639 3777 746 3856 jubeo;
766 3787 797 3836 et
809 3796 883 3856 quos
898 3776 969 3835 mihi
983 3784 1067 3854 pater
1080 3775 1201 3837 tradidit
1214 3777 1267 3837 ad·

157 3871 277 3951 J'utores
292 3881 323 3931 et
336 3872 455 3945 amicos,
470 3870 508 3931 ad
524 3891 585 3943 eos¹
598 3869 694 3942 venio,
708 3871 750 3929 ad
761 3889 814 3930 vos
833 3869 965 3929 Judiccs.
1007 3868 1080 3941 Oro,
1093 3870 1228 3948 supplico
1239 3879 1270 3930 et

162 3965 311 4038 obtestor,
325 3984 363 4024 ne
380 3963 530 4044 patiamini
550 3973 584 4025 ιιι
605 3983 661 4043 ego
674 3972 706 4022 et
716 3963 785 4021 filisa
798 3972 917 4041 propter
936 3961 1063 4042 inopiam
1083 3963 1155 4022 meis
1176 3962 1269 4022 servis

161 4067 198 4118 et
212 4056 291 4116 illius
305 4057 533 4118 assentatoribus
548 4056 656 4117 derisui
670 4056 771 4115 simus.
818 4055 907 4114 Meus
921 4054 1003 4114 robis
1017 4065 1102 4134 pater
1115 4054 1194 4114 mille
1206 4055 1269 4134 cly-

164 4167 240 4230 peos
256 4149 349 4220 dedit,
365 4159 395 4210 et
407 4169 486 4229 soepe
499 4150 581 4210 robis
595 4148 696 4208 utilem
716 4167 836 4228 operam
849 4140 978 4220 'navavit
993 4159 1032 4221 ιι,
1045 4148 1175 4225 quinque
1188 4145 1269 4206 trire-

161 4241 264 4302 mibus
286 4241 364 4302 ultro
379 4242 495 4302 donatis
516 4252 548 4302 et
568 4240 630 4301 suis
648 4240 813 4320 sumptibus
836 4239 1000 4319 completis,
1013 4237 1129 4298 navalia
1148 4256 1272 4300 munera

160 4333 248 4395 obiit.
290 4334 330 4394 Et
342 4333 408 4394 lraec
422 4353 533 4396 aeneo
547 4352 751 4404 commemoro,
765 4330 846 4410 quod
859 4351 911 4391 vos
928 4331 1012 4391 nobis
1024 4330 1132 4389 debere
1146 4329 1270 4408 gratiam

159 4425 349 4495 existimauit
370 4445 431 4502 nos
447 4426 525 4486 enim
547 4425 688 4494 debemus
702 4425 801 4486 vobis:
822 4423 928 4484 sedne
947 4442 1000 4502 per
1013 4421 1205 4500 ignorantiam
1220 4445 1273 4485 re-
