2967 4950
256 369 295 431 68
481 368 558 430 ,ΒΕ
578 367 691 430 MALE
712 365 845 428 uesta
867 364 1113 428 LEGATIONE.

162 567 168 577 ι
257 524 346 586 etiam
365 537 454 604 atque
468 525 555 586 etiam
571 510 797 586 ¹commendatos
815 525 958 598 habeatis,
975 523 1072 606 neque
1086 523 1208 586 inimicis
1227 533 1265 608 ct¹
1277 523 1357 585 effae-

257 618 360 680 minati
372 639 408 680 ac
421 617 570 680 mulierosi
581 617 708 677 bominis
720 617 881 679 iracundias
894 617 1026 677 tradatis.
1307 614 1309 618 ’

299 712 351 773 56.
371 711 432 771 Oro
445 731 541 790 porro,
555 719 588 770 ct
604 710 731 789 supplex
744 719 824 789 peto,
838 711 961 788 primum
977 709 1065 769 ediis
1076 709 1301 784 immortalibus,
1316 712 1359 770 uti

187 858 190 863 ⁴
258 822 305 864 mc
319 812 503 875 conservent,
522 803 654 864 secundo
668 802 737 862 loce
752 802 876 872 anobis,
894 801 946 880 qui
959 801 1073 862 terendi
1091 799 1224 880 suffragii
1233 802 1288 881 jus
1305 802 1360 864 ha·

258 895 346 968 betis,
359 893 438 974 apud
450 914 600 974 quusego
619 894 736 974 singula
748 894 869 954 crimina
888 902 1031 974 quantum
1053 892 1173 971 quidem
1193 894 1362 954 meminisse

259 988 353 1064 potui,
369 988 505 1047 refutavi.
540 987 721 1047 conservate
740 986 830 1065 igitur
848 1005 906 1057 me,
927 1003 1022 1064 neque
1042 985 1205 1044 orationum
1228 987 1361 1066 scriptori

259 1078 558 1159 etimprochcythae
568 1077 741 1140 metraditc.
764 1078 803 1138 Et
812 1077 863 1156 qui
873 1088 999 1139 reanum
1010 1087 1108 1156 patres
1118 1077 1360 1153 suntliberorum,

260 1181 313 1231 aut
325 1173 375 1250 qui
388 1173 494 1232 fratres
512 1180 585 1232 natu
597 1173 725 1243 minores
737 1169 945 1250 magnilocum,
958 1168 1162 1246 recordamini,
1182 1189 1229 1229 me
1243 1170 1361 1232 immor·

260 1263 350 1324 talem
362 1264 402 1324 sd
411 1265 587 1325 modestiam
596 1264 830 1324 adhortationem
840 1262 1027 1323 accusatione
1037 1261 1182 1323 Timarchi
1195 1262 1362 1342 reliquisset

260 1376 279 1417 a
299 1357 403 1418 ceteris
416 1369 518 1418 autem
530 1358 676 1430 omnibus,
694 1376 766 1436 erga
779 1375 855 1436 quos
875 1375 920 1415 me
943 1375 1061 1420 comem,
1077 1356 1200 1436 praebui,
1218 1377 1289 1419 cum
1303 1360 1362 1419 for·

259 1457 334 1510 tuna
353 1450 407 1509 sim
421 1449 555 1529 plebeius
569 1461 599 1509 et
612 1449 800 1510 mediocrium
815 1447 926 1521 similis,
946 1447 977 1510 in
996 1448 1128 1508 civilibus
1149 1447 1250 1508 autem
1269 1461 1363 1512 certa·

260 1541 387 1607 minibus
399 1541 481 1601 solus
494 1549 660 1602 ceterorum
672 1551 776 1601 contra
788 1559 841 1599 vos
855 1559 915 1599 non
931 1538 1134 1628 conspirarim,
1145 1550 1215 1618 peto
1228 1541 1362 1618 salutem,

260 1654 375 1700 summa
394 1655 467 1714 erga
478 1631 689 1714 rempublicam
702 1634 909 1696 benevolentia
921 1634 1065 1714 legatione
1086 1625 1217 1706 functus,
1231 1645 1262 1694 et
1282 1637 1365 1720 solus

183 1728 186 1736 ‘
260 1728 503 1789 calumniatorum
516 1728 672 1788 tumultum
686 1746 856 1808 perpessus,
877 1747 963 1806 quem
983 1726 1067 1786 multi
1083 1726 1155 1805 jam,
1171 1727 1269 1806 quiin
1281 1728 1365 1790 bellis

261 1820 384 1900 egregia
401 1821 533 1884 facinora
549 1821 677 1894 edidere,
690 1842 750 1882 non
765 1821 977 1882 sustinuerunt.
1009 1819 1113 1899 Neque
1131 1822 1209 1880 enim
1228 1809 1365 1884 terribilis
1468 1807 1469 1844 ³

261 1922 309 1974 est
321 1904 465 1986 interitus,
473 1913 534 1976 'scd
548 1914 728 1975 contumelia
740 1915 771 1973 in
786 1923 879 1974 morte
892 1923 938 1972 est
948 1908 1119 1986 metuenda.

251 2063 254 2069 ,
302 2007 352 2069 57,
374 2006 494 2074 Quanta
512 2027 582 2068 vero
594 2006 711 2081 miseria
724 2016 779 2077 est,
793 2005 903 2065 inimici
923 2004 1091 2066 insultantis
1110 2005 1223 2065 vultum
1246 2007 1366 2082 intueri,

261 2107 293 2158 et
309 2098 372 2178 ejus
386 2100 492 2178 probra
512 2099 632 2159 auribus
645 2097 799 2179 accipere?
821 2098 881 2158 Sed
903 2097 1046 2160 tamenin
1068 2098 1224 2158 discrimen
1243 2112 1365 2162 ventum

261 2200 319 2261 est,
332 2191 393 2250 vita
411 2210 478 2252 mes
491 2202 539 2260 est
557 2190 695 2271 periculis
716 2190 858 2271 exposita.
893 2190 982 2269 Apud
997 2209 1049 2249 vos
1068 2189 1136 2250 sum
1159 2191 1316 2274 educatus,
1335 2193 1365 2252 in

262 2282 366 2343 vestris
392 2283 602 2362 congressibus
614 2303 687 2343 ,snm
707 2294 851 2355 versatus,
875 2301 944 2342 eum
963 2282 1080 2342 nemine
1095 2279 1228 2342 ¹vestrum
1248 2295 1367 2364 propter

232 2394 343 2458 *meas
363 2374 531 2454 voluptates
543 2375 628 2454 pejus
641 2373 747 2452 agitur,
769 2393 866 2452 neque
887 2374 981 2452 patria
1001 2373 1156 2452 quisquam
1177 2376 1308 2453 privatus
1323 2387 1366 2437 est

161 2521 166 2529 .
263 2488 310 2528 me
322 2478 505 2538 accusatore,
517 2481 585 2529 cum
598 2467 629 2525 in
642 2464 807 2546 municipiis
821 2465 924 2525 civium
939 2464 1124 2527 recensiones
1139 2466 1252 2540 fierent,
1271 2490 1366 2549 neque

169 2586 175 2593 ·
262 2560 301 2619 ob
316 2569 432 2640 gestum
453 2558 656 2637 magistratum
669 2559 701 2619 in
714 2556 876 2637 periculum
898 2557 973 2617 veni.
1005 2557 1067 2617 Sed
1080 2558 1132 2618 ubi
1143 2578 1242 2637 pauca
1255 2560 1368 2635 dixero,

262 2651 453 2711 descendam.
664 2717 673 2729 „
741 2708 746 2715 ,
1386 2648 1388 2650 ’

304 2746 355 2802 58.
376 2742 465 2812 lllud,
480 2741 684 2814 Athenienses,
697 2742 728 2801 in
747 2750 902 2826 potestate¹
915 2760 982 2801 mes
1001 2740 1066 2813 luit,
1079 2752 1114 2801 ut
1130 2741 1212 2803 nulla
1227 2762 1282 2803 vos
1302 2746 1366 2805 affi-

263 2856 360 2897 cerem
372 2835 554 2915 injuriasse
567 2855 637 2895 vero
655 2835 684 2893 in
702 2835 813 2894 crimen
826 2834 961 2906 venirem,
981 2834 1012 2894 id
1031 2854 1123 2914 penas
1138 2836 1286 2897 sedunam
1300 2838 1367 2909 fuit,

262 2949 331 3010 quae
339 2949 387 2991 me
396 2949 465 2989 cum
474 2927 592 2988 homine
603 2926 823 2998 calumniatore,
834 2946 929 3005 eoque
937 2927 1073 3003 barbaro,
1086 2928 1247 2988 conflictari
1260 2932 1368 3010 coegit,

262 3024 324 3104 qui,
336 3041 433 3101 neque
447 3039 607 3093 sacrorum,
616 3034 721 3098 ,neque
734 3017 918 3092 libationum,
932 3038 988 3079 nec
1005 3036 1116 3079 mcusae
1134 3023 1300 3082 communis
1312 3024 1366 3083 ha·

264 3117 328 3178 bita
340 3115 464 3185 ιαιίοιιε,
485 3112 538 3172 sed
561 3112 596 3173 iis
609 3111 660 3191 qui
681 3111 709 3169 in
724 3120 875 3189 posterum
894 3110 1043 3171 adversari
1064 3110 1090 3169 ei
1111 3121 1235 3189 possent
1255 3124 1372 3179 terrore

149 3285 151 3288 Ι
263 3208 382 3288 injecto,
403 3206 498 3275 adest,
517 3204 714 3283 falsa‘ccutra
733 3222 789 3262 nus
809 3203 998 3263 accusatione
1015 3201 1202 3263 concinnata.
1237 3204 1327 3273 Quod
1343 3209 1367 3267 si

265 3320 317 3360 eos
334 3316 509 3359 conservare
531 3295 690 3364 volueritis,
710 3295 761 3374 q'ui
779 3313 882 3373 pacem
901 3304 1087 3373 scenamque
1104 3286 1291 3355 securitatem
1315 3299 1367 3359 de·

264 3393 431 3473 laudarunt,
444 3390 529 3449 multi
542 3400 639 3460 erunt,
652 3387 703 3467 qui
715 3386 884 3467 reipublicae
896 3387 1051 3448 commoda
1064 3388 1138 3449 tueri
1151 3388 1254 3459 velint,
1266 3400 1298 3449 et
1306 3391 1367 3450 ala·

239 3505 241 3520 2
257 3486 352 3547 ‚criter
365 3482 513 3571 procebis
526 3483 686 3560 decertare.

306 3579 358 3637 59.
378 3575 453 3635 Peto
464 3584 573 3645 autem,
582 3584 617 3633 ut
626 3572 788 3633 advocatus
800 3572 871 3631 mibi
881 3591 947 3632 esse
960 3571 1133 3651 dignemur
1145 3570 1214 3631 viris
1224 3573 1367 3635 modestis

262 3682 298 3736 et
315 3671 350 3731 iu
358 3667 508 3747 republica
519 3665 655 3737 venatis,
670 3664 816 3738 Eubulus,
830 3685 866 3725 ex
881 3662 1072 3744 imperatoriis
1091 3661 1212 3735 Pbocio,
1224 3667 1277 3743 qui
1290 3653 1367 3745 prm·

266 3777 347 3825 terea
357 3762 446 3823 etiam
454 3758 572 3840 justitia
584 3758 720 3817 omnibus
732 3757 893 3827 antecellit,
907 3776 944 3815 ex
958 3754 1060 3816 surricis
1074 3765 1105 3814 et
1117 3756 1280 3834 equalibus
1295 3759 1370 3818 meis

267 3854 436 3925 Nausicles,
449 3851 597 3931 ceterique
615 3870 727 3921 omnes,
739 3850 847 3929 quibus
865 3862 922 3927 ego
936 3845 1115 3908 familiariter
1133 3868 1214 3919 usus,
1230 3858 1321 3927 atque
1340 3852 1370 3910 in

266 3949 370 4015 iisdem
383 3945 487 4009 studiis
503 3954 637 4004 versatus
650 3962 726 4002 sum.
764 3943 891 4003 Acmea
904 3940 1023 4021 quidem
1041 3940 1133 3999 oratio
1148 3941 1210 4019 jam
1232 3942 1372 4005 absoluta

267 4053 334 4103 est:
355 4058 462 4119 corpus
477 4048 573 4099 autem
586 4055 685 4099 meum
698 4035 792 4111 vobis,
807 4043 837 4097 et
849 4054 867 4095 a
881 4033 1074 4107 metraditur,
1089 4045 1120 4093 et
1134 4053 1152 4093 a
1164 4034 1239 4113 lege.
