2967 4950
239 331 299 386 70·
541 367 545 374 ‚
632 327 946 390 ARGUMENTUM.

237 483 382 532 immoratus.
404 484 432 530 lu
444 483 513 544 culpe
523 484 623 531 tortum
634 491 705 546 ponet
715 483 800 545 uliquis
818 482 950 538 exordium,
963 490 987 528 ut
998 481 1111 541 tragicum
1128 487 1151 527 et
1161 487 1254 528 eastum
1273 483 1297 526 et
1309 475 1338 522 sd

236 559 411 621 perorationem¹
416 559 514 620 propius
522 559 643 607 accedens.

270 638 350 684 Status
359 635 470 682 orationis
477 643 514 682 est
521 635 643 696 nogotieiis
654 635 743 696 scripto
752 623 869 692 constans,
878 642 903 682 nt
910 641 936 682 et
942 634 1054 682 orationis
1063 649 1105 694 pro
1115 649 1213 681 corona:
1227 631 1339 696 [nempe]

237 712 316 774 capite
325 711 412 774 [status
421 711 557 774 negotialis]
570 712 603 759 uti
613 719 637 759 et
645 713 701 768 illic,
711 712 839 773 legitimuiu
850 727 885 759 so.
896 712 957 772 quod
968 711 992 757 iu
1003 716 1050 758 tres
1058 710 1133 771 leges,
1144 717 1167 757 et
1175 712 1264 770 justum
1276 709 1338 769 quod

237 791 262 836 iu
273 795 370 851 quatuor
380 795 487 849 tenpore
495 789 618 840 ciuntur.
635 791 868 849 obuervsbtsuutmi
879 797 906 842 ut
915 789 992 842 iustu
1006 788 1313 850 mencenenterius
1325 802 1339 832 ι

149 874 167 938 ‘t
236 860 363 926 rejectione
373 867 548 922 advocatorum,
559 866 752 926 quemadmodum
764 871 788 913 et
800 866 979 914 Demosthenes.
998 865 1099 931 Quidem
1110 865 1227 916 dixerunt,
1241 879 1286 910 uon
1298 861 1340 908 lua·

236 942 294 988 here
310 941 506 990 confirmationem
522 934 654 1000 exordium,
668 942 747 1004 itsque
763 957 794 988 ue
811 942 984 992 conclusionem
1001 943 1095 1003 quidem
1113 940 1338 1006 eeeevquaereudeua.
1366 943 1380 1002 ,'

235 1017 326 1069 Verum
337 1018 508 1067 confirmatione
517 1033 562 1068 unu
573 1026 652 1074 curet:
665 1035 717 1080 quse
728 1026 775 1074 est,
787 1035 815 1066 ua
827 1034 854 1065 ea
863 1035 914 1078 quie
931 1033 998 1082 aeque
1009 1025 1033 1068 et
1044 1015 1129 1068 usitata
1146 1018 1233 1086 suntin
1243 1016 1340 1066 ciuitate

138 1138 140 1140 ,
235 1093 300 1165 fiunt.
323 1095 383 1142 Nam
396 1093 416 1141 si
428 1095 487 1142 ratio
496 1095 664 1161 propositionis
676 1096 872 1144 confirmationem
889 1097 968 1154 edicit,
979 1096 1039 1145 ratic
1057 1103 1133 1143 antem
1145 1101 1183 1144 eat
1193 1095 1339 1154 cuoruudauu

236 1170 412 1234 deprecationes
422 1188 451 1218 ne
459 1187 486 1218 eu
495 1188 546 1233 quse
555 1188 621 1237 aequa
629 1180 682 1221 aaut
689 1169 712 1218 el
720 1171 804 1218 usitutn
813 1171 835 1218 iu
845 1171 941 1220 civitete
950 1173 1087 1228 duubsdesi
1096 1171 1176 1235 utique
1186 1169 1339 1220 confirmatio.

237 1249 301 1309 Quin
313 1254 338 1297 et
349 1249 522 1296 conclusionem
533 1249 612 1305 habet,
625 1263 684 1310 ego
702 1263 780 1299 sero
797 1251 904 1298 ttetus
923 1250 1040 1308 adsum,
1055 1240 1167 1312 usquead
1178 1247 1247 1304 iilud,
1265 1245 1341 1308 plus

238 1325 318 1388 opud
337 1341 392 1372 vos
412 1341 495 1386 quam
514 1325 602 1386 leges
616 1333 714 1386 atque
728 1328 800 1386 jura
818 1315 1014 1374 valiturum

270 1402 331 1449 Post
339 1401 436 1455 accidit,
446 1407 471 1447 ut
479 1401 555 1462 patria
565 1401 691 1448 excederet
700 1408 769 1464 atque
782 1402 804 1448 in
812 1401 921 1450 exsilium
933 1402 978 1448 iret
988 1404 1018 1448 ab
1030 1399 1200 1450 accusationem
1213 1399 1302 1449 decreti
1315 1399 1339 1449 io

235 1478 348 1524 honorem
360 1477 527 1525 Demosthenis
537 1476 602 1534 iacti,
612 1478 677 1539 quasi
687 1478 710 1524 id
729 1486 792 1529 esset
807 1479 899 1538 legibus
910 1477 1059 1536 contrariam,
1067 1485 1089 1524 et
1098 1477 1149 1538 ipse
1161 1477 1271 1528 mulctum
1288 1494 1338 1526 eam

237 1554 284 1604 sibi
297 1553 423 1600 indixisset
438 1551 483 1599 nisi
499 1553 533 1600 ite
543 1569 595 1600 esec
607 1555 751 1612 ostenderet,
766 1555 889 1616 victusque
902 1556 1012 1621 mulctam
1029 1554 1120 1600 solvere
1138 1569 1180 1606 uec
1198 1561 1283 1614 posset
1292 1571 1339 1608 ‚nec

237 1631 393 1692 velletqnam
402 1628 455 1695 ipse
465 1636 545 1677 contra
554 1647 606 1677 sese
621 1632 766 1686 decreverat,
777 1632 839 1692 quod
850 1639 872 1678 et
885 1632 960 1694 ipsum
975 1631 998 1680 la
1010 1631 1113 1677 oratioue
1124 1645 1168 1691 pro
1183 1631 1275 1679 Corona
1283 1647 1339 1698 cug-

236 1707 352 1755 novimus.
369 1707 461 1755 Relicta
476 1705 548 1771 igitur
562 1708 639 1769 patria
650 1708 678 1754 ad
691 1708 847 1754 Alexandrum
860 1709 1003 1756 adscendere
1011 1703 1099 1761 soluit.
1110 1706 1160 1762 sed,
1177 1708 1272 1768 cognito
1289 1709 1340 1772 ejus
1354 1752 1364 1773 x
1464 1675 1465 1714 i

238 1784 304 1831 obitu
315 1798 523 1844 successorumque
534 1783 680 1846 tamphilus,
692 1785 799 1830 Rhodum
812 1783 931 1852 nauigauit
942 1783 1021 1845 ibique
1032 1781 1177 1834 Rhodiacem
1189 1783 1292 1830 scholam
1303 1784 1339 1830 iu-

239 1859 326 1916 stituit,
337 1859 415 1920 itsque
427 1866 452 1906 ct
462 1860 622 1907 adolescentes
635 1860 720 1906 erudiit
731 1867 756 1906 et
765 1861 846 1908 adulta
860 1867 927 1908 aetate
939 1859 996 1909 uiris
1008 1859 1134 1908 orationem
1146 1858 1338 1926 Ctesiphontem

239 1944 321 1984 contre
331 1937 510 1983 Demosthenem
522 1935 623 1984 habitam
633 1936 755 1984 recitauit:
773 1939 803 1984 dc
811 1925 864 2008 'qua'
872 1954 924 1984 cam
936 1939 960 1984 in
971 1953 1054 2002 magne
1063 1942 1126 1988 esset
1137 1937 1199 2002 apud
1207 1945 1252 1984 ‘eos
1264 1938 1338 1984 admi-

238 2013 337 2068 ratione,
347 2020 513 2077 rogareturque
523 2029 570 2079 qno
583 2013 685 2076 pectoin
697 2021 744 2060 tam
756 2014 815 2061 bona
833 2031 904 2063 cuasa
917 2015 992 2062 uictus
1009 2023 1081 2073 esset,
1096 2007 1227 2083 respoudit,
1245 2033 1269 2066 ut
1277 2016 1287 2062 i
1295 2031 1338 2063 re·

239 2090 317 2139 mini
337 2097 366 2137 ut
384 2091 488 2138 victus
502 2091 568 2146 eim,
581 2107 619 2139 *eo
639 2092 721 2153 quod
746 2091 835 2138 illam
857 2093 998 2140 bestium
1014 2109 1075 2140 uon
1097 2093 1264 2146 audistis?
1291 2094 1338 2140 Be-

239 2167 308 2215 stiam
323 2167 382 2214 eoim
394 2167 459 2213 illum
471 2169 569 2217 secubet
580 2170 610 2216 ob
622 2167 772 2216 acerbitatem
786 2168 874 2231 ingenii
889 2175 912 2215 et
924 2155 1092 2221 crudelitatem,
1113 2171 1242 2219 Perhibent
1259 2169 1337 2230 etism,

239 2258 293 2290 eom
302 2243 363 2291 iuter
371 2242 502 2291 docendum
512 2243 562 2290 illic
570 2243 753 2301 declamationes
765 2252 789 2291 et
798 2245 863 2298 lictus
872 2247 1044 2306 controversias
1055 2247 1212 2308 excogitasse,
1219 2246 1329 2311 primun.

635 2624 962 2787 uscuiuus’
1032 2660 1035 2697 ⁷

768 2936 800 2974 tu

464 3096 466 3100 ’
527 3113 1075 3235 constanciensis
1136 3214 1139 3228 ι

687 3282 890 3393 (elaterio.v

251 3520 255 3526 ’
286 3506 313 3562 t.
331 3502 499 3569 Querens
513 3500 599 3561 isthic
612 3500 833 3581 appennius-ait,
849 3500 1054 3583 Athenienses,
1073 3514 1243 3583 quenteque
1262 3502 1339 3567 acies

242 3595 392 3668 instructa,
406 3592 512 3671 quibus
531 3593 657 3671 denique
670 3592 700 3651 iu
718 3594 781 3653 foro
801 3594 937 3672 precibus
957 3594 1016 3654 sint
1033 3596 1079 3654 usi
1098 3596 1231 3677 quidam,
1250 3587 1340 3657 ne'ea

240 3707 308 3767 quae
321 3697 351 3746 ct
364 3706 450 3767 aequa
463 3696 493 3745 et
505 3686 614 3746 usitata
626 3696 704 3758 sunt,
718 3686 749 3744 in
759 3678 875 3747 ciuitate
890 3688 972 3759 fiant,
986 3685 1099 3749 videtis.
1114 3684 1189 3770 'Ego
1203 3709 1273 3749 vero
1284 3690 1341 3749 diis

160 3804 170 3820 ·
241 3779 365 3864 primum
371 3778 593 3851 immortalibus,
607 3779 838 3857 deindelegibus
847 3800 884 3847 uc
894 3781 988 3851 vobis,
1001 3769 1339 3851 testamenmentum

241 3871 412 3934 existimans
430 3882 602 3951 apparatum
623 3872 690 3951 plus
712 3873 792 3952 apud
805 3892 858 3935 vos
875 3892 967 3951 quem
984 3874 1068 3951 leges
1084 3883 1174 3952 atque
1182 3874 1253 3953 jura
1271 3876 1341 3934 veli·

242 3974 351 4023 turum.
887 3987 890 3993 ¹

167 4129 173 4141 .
282 4060 314 4115 2.
335 4055 451 4115 Vellem
468 4056 596 4135 quidem,
615 4056 824 4128 Athenienses,
852 4067 882 4117 et
909 4056 1136 4139 quingentorum
1161 4068 1282 4118 senatus
1311 4068 1341 4119 et

242 4147 399 4208 conciones
412 4148 539 4232 publicae
559 4169 578 4208 a
590 4148 737 4234 praefectis
759 4148 819 4209 suis
838 4159 917 4209 recte
937 4150 1218 4225 administrarentur,
1236 4150 1340 4211 vellem

224 4271 227 4280 ·
242 4241 337 4321 leges,
347 4263 420 4321 ques
431 4242 522 4303 Solon
532 4244 570 4307 de
579 4244 892 4324 ouatmumdieciplina
899 4244 977 4317 tulit,
986 4244 1128 4326 valerent,
1138 4254 1172 4303 ut
1181 4244 1341 4324 ciprianum

244 4334 346 4411 quiex
358 4335 472 4397 civibus
484 4345 565 4397 esset
576 4344 664 4395 aetate
676 4336 852 4414 provectior,
866 4338 947 4397 sicut
963 4338 1049 4417 leges
1054 4337 1171 4417 jubent,
1184 4338 1217 4395 iu
1231 4356 1340 4417 sugge-

244 4426 481 4503 stum'pudeuter
493 4426 696 4499 abscondenti,
711 4430 775 4489 sine
790 4430 910 4511 strepitu
926 4448 961 4491 ac
972 4430 1103 4491 tumultu*
1115 4450 1150 4490 ex
1171 4422 1229 4490 usu
1245 4450 1339 4491 rerum
