2967 4950
250 249 308 308 aun
637 224 655 245 ‘
683 205 908 322 nrrsroun.

247 412 400 483 cuperent,
422 412 715 487 propter‘aeceptern
732 409 847 472 cladem
867 430 937 474 esse
961 407 1103 484 infirmos,
1128 427 1222 488 quam.
1237 409 1351 471 suaet«

246 494 337 555 sarios
350 497 459 557 uiribus
473 499 511 559 ab
530 500 609 559 omni
630 509 714 581 parte
733 500 886 564 suffultos:
907 503 1096 565 nihilominus
1119 511 1217 564 tamen
1229 502 1290 582 ipse
1314 501 1347 561 in

246 607 282 647 ea
296 608 364 666 quse
373 590 482 670 populo
495 592 716 655 commodarent
725 595 931 667 incumbebat;
953 616 989 657 ac
998 607 1102 678 postea
1114 606 1231 655 strenue
1244 592 1348 674 palam

246 690 276 739 et
301 681 419 745 dicebat
439 695 469 743 et
489 688 597 764 agebat
617 707 653 746 ea
676 708 743 766 quoe
770 690 998 751 conveniebant:
1030 692 1069 750 ob
1093 709 1159 768 quae
1180 687 1285 759 statim,
1311 696 1348 745 ut

245 792 347 839 omues
367 788 484 849 norunt,
509 779 547 838 ad
570 778 746 858 supplicium
772 780 997 861 deposcebatur.
1039 781 1225 861 Scripsissem
1245 779 1346 857 igitur,

244 877 279 926 ut
298 868 439 949 principio
453 871 523 945 dixi,
538 882 567 931 et
580 872 609 931 in
623 871 699 933 illius
714 874 857 951 gratiam:
880 876 934 935 sed
946 886 1046 935 tamen
1068 894 1133 934 cum
1153 884 1183 935 et
1194 873 1276 933 vobis
1291 892 1346 932 ex·

218 972 225 979 '
244 960 344 1038 pedire
355 973 467 1043 putem,
478 975 511 1024 ut
524 964 660 1025 convicia
669 985 735 1045 quae
750 966 830 1045 apud
843 978 958 1028 exteros
972 968 1002 1027 in
1020 988 1071 1027 vos
1086 967 1222 1025 dicuutur
1234 964 1346 1035 sciatis,

246 1053 454 1136 multomagis
469 1058 507 1117 ad
521 1058 619 1118 literas
638 1058 797 1118 mittendas
819 1080 883 1119 sum
906 1061 1056 1120 incitatus.
1097 1059 1171 1118 Peto
1189 1070 1298 1129 autem,
1312 1067 1347 1117 ut

244 1147 295 1224 qui
309 1150 443 1227 privatim
457 1151 498 1209 illi
510 1151 600 1230 iniqui
615 1162 694 1222 sunt,
708 1172 778 1212 vera
791 1163 822 1211 et
834 1173 919 1232 oequa
932 1154 969 1212 de
981 1173 1017 1212 eo
1031 1152 1134 1211 audire
1146 1171 1206 1209 nou
1219 1170 1346 1228 graven-

243 1249 301 1299 tur.
344 1242 408 1303 Nec
423 1244 509 1317 enim,
524 1244 728 1317 Athenienses,
743 1245 879 1325 ignorare
899 1246 1022 1318 debetis,
1045 1242 1247 1305 existimationi
1262 1244 1346 1303 urbis

245 1352 282 1393 ex
295 1332 341 1395 his
360 1356 425 1415 quae
439 1337 470 1395 in
484 1338 548 1416 ejus
562 1337 669 1397 liberos
683 1338 848 1399 factasunt
866 1339 963 1399 labem
977 1337 1124 1417 adspergi.
1157 1337 1248 1396 Nemo
1262 1336 1344 1395 enim

181 1434 184 1445 ·
245 1424 418 1487 Graecorum
432 1429 555 1506 ignorat,
570 1448 622 1489 vos
636 1430 745 1492 viventi
759 1432 898 1513 Lycurgo
912 1452 1043 1492 summos
1052 1431 1178 1489 honores
1195 1428 1344 1502 habuisse,

243 1538 368 1597 cumque
383 1522 411 1581 ei
423 1520 547 1600 plurima
560 1523 686 1583 crimina·
701 1526 738 1583 ab
761 1526 825 1605 ejus
847 1525 953 1584 invidis
975 1524 1213 1605 impingerentur,
1227 1522 1343 1584 nullum

243 1631 372 1689 unquam
400 1633 501 1673 rerum
517 1615 755 1695 deprehendisse,
778 1629 891 1679 tautam
914 1628 1011 1679 autem
1035 1617 1124 1687 fidem
1148 1614 1290 1675 habuisse
1315 1626 1345 1675 et

242 1726 303 1786 prae
318 1706 452 1767 omnihus
467 1709 643 1788 popularem'
650 1711 811 1789 judicasse,
825 1721 860 1771 ut
881 1712 918 1771 de
941 1711 1039 1771 multis
1053 1710 1150 1771 causis
1171 1728 1188 1767 e
1206 1708 1270 1767 sola
1285 1709 1343 1788 Ly·

243 1800 327 1879 curgi
340 1799 529 1870 affirmatione
551 1804 724 1863 sententiam
748 1804 871 1878 ferretis,
885 1823 980 1882 eaque
994 1802 1075 1863 vobis
1098 1800 1168 1861 satis
1190 1811 1288 1861 esset:
1312 1801 1343 1861 id

242 1895 321 1972 quod
336 1894 453 1953 minime
466 1894 622 1968 fecissetis,
635 1896 691 1955 nisi
705 1896 788 1957 vohis
796 1898 882 1957 uisus
900 1895 1113 1979 suisset-homo
1126 1891 1341 1972 integerrimus.

241 1987 330 2047 Nunc
355 1988 441 2067 igitur
461 2006 573 2058 omnes,
591 1988 640 2067 qui
654 1988 729 2050 filios
744 1990 806 2069 ejus
819 1991 850 2049 iu
864 1988 987 2049 vinculis
1008 2007 1077 2048 esse
1092 1986 1224 2058 audiunt,
1244 1996 1275 2045 et
1289 1986 1341 2047 de·

241 2079 374 2140 functum
388 2080 572 2151 miserantur,
586 2079 784 2159 etliherorum
801 2081 863 2160 ejus
877 2090 911 2140 ut
924 2101 991 2174 epm
1005 2080 1110 2160 quibus
1124 2078 1222 2156 inique
1236 2090 1343 2157 agatur

244 2172 335 2232 vicem
350 2173 462 2244 dolent,
476 2192 529 2231 vos
543 2192 611 2233 vero
626 2182 684 2232 tarn
700 2174 806 2234 acerbe
821 2174 1012 2246 insectantur,
1028 2181 1059 2231 ut
1073 2190 1130 2251 ego
1144 2171 1267 2230 scribere
1284 2192 1344 2232 non

245 2267 339 2326 ausim
351 2286 358 2325 τ
380 2285 446 2325 nam
458 2285 493 2325 ea
503 2261 577 2344 quae
585 2266 691 2326 inritus
702 2266 960 2347 audio'etpropter
970 2286 1022 2327 ros
1031 2264 1237 2325 'defendendos
1246 2284 1341 2342 quau-

242 2368 305 2419 tum
319 2379 441 2439 possum
454 2358 562 2431 refuto,
577 2368 699 2419 eatenus
714 2370 749 2419 ut
761 2360 844 2419 vohis
866 2359 992 2418 indicem
1005 2358 1113 2416 multos
1126 2376 1190 2415 esse
1204 2377 1221 2415 a
1234 2357 1341 2434 quibus

241 2448 504 2532 reprehendamini,
519 2452 600 2532 quod
615 2453 691 2514 scitu
703 2453 787 2513 vohis
805 2475 872 2514 esse
885 2452 967 2513 utilia
972 2450 1152 2532 judicabam,
1166 2448 1279 2529 scripsi,
1294 2470 1341 2511 ae-

242 2559 343 2606 curate
358 2557 455 2606 autern
470 2547 631 2606 edisserere
645 2547 804 2612 ,molestum
814 2547 942 2628 judico·
971 2547 1047 2614 Quae
1057 2563 1126 2604 vero
1136 2544 1340 2605 sineconvicio

241 2658 260 2699 a
283 2639 456 2717 quibusdam
474 2640 619 2711 dicuntur,
634 2649 664 2698 et
685 2639 787 2698 auditu
811 2639 874 2699 fore
893 2639 977 2699 utilia
998 2637 1081 2697 vobis
1102 2637 1233 2708 arbitror,
1249 2637 1340 2716 signi-

240 2721 347 2790 ficaboj
387 2731 483 2792 Nemo
511 2749 563 2789 vos
588 2729 639 2809 per
661 2731 786 2812 errorem
806 2735 840 2789 'et
862 2730 1044 2810 ignoratione
1070 2730 1130 2790 veri
1147 2729 1189 2788 lta
1212 2729 1338 2809 deipso

242 2822 376 2903 Lycurgo
390 2833 517 2882 statuere
531 2823 690 2882 existimat
705 2823 797 2882 'Nam
810 2830 841 2883 et
853 2823 975 2902 longum
986 2821 1122 2902 temporis
1133 2821 1339 2902 spatiumque

241 2915 410 2994 exploratus
424 2915 494 2974 nihil
513 2915 644 2994 unquam
657 2927 759 2975 contra
772 2915 885 2975 vos-vel
897 2915 1026 2994 cogitare
1040 2913 1086 2974 vel
1099 2933 1188 2991 agere
1200 2913 1340 2994 injustum

185 3077 187 3080 ¹
241 3003 511 3089 deprehensus'est,
526 3008 641 3068 ct'illud
662 3009 742 3088 quod
752 3008 921 3069 'mortalium
942 3026 1030 3068 nemo
1041 3007 1115 3066 'ullis
1129 3005 1194 3066 aliis
1208 3007 1239 3066 in
1252 3008 1338 3068 rebus

240 3120 295 3161 vos
328 3102 455 3181 stuporis
480 3101 591 3180 arguit,
607 3101 710 3162 merito
732 3103 818 3162 istam
840 3100 920 3162 tollit
939 3099 1113 3180 ignorantia
1133 3097 1338 3178 suspicionem.

241 3189 348 3254 Restat
372 3195 470 3275 igitur,
484 3195 566 3274 quod
588 3212 690 3254 omues
714 3195 795 3254 haud
818 3193 896 3272 frugi
906 3192 1151 3252 homiuum-esse
1172 3189 1282 3265 dicant,
1305 3202 1337 3250 ut

241 3286 380 3365 tantisper
394 3287 535 3366 cujusque
549 3307 659 3359 curam,
674 3287 745 3346 dum
757 3287 822 3367 ejus
835 3285 919 3345 vobis
929 3303 998 3345 usus
1008 3295 1064 3357 est,
1074 3303 1161 3362 agere
1171 3283 1335 3355 rideamini,

240 3388 308 3456 post
321 3377 431 3437 nullam
449 3380 590 3438 rationem
607 3380 750 3440 habeatis.
800 3379 898 3448 Quam
916 3377 993 3438 euim
1015 3378 1102 3438 aliam
1121 3395 1180 3437 vos·
1197 3377 1337 3438 defuncto

239 3468 363 3547 gratiam
384 3469 528 3528 relaturos
552 3482 782 3532 consentaneum
797 3481 852 3542 est,
871 3490 938 3531 cum
950 3472 1013 3551 ejus
1027 3471 1135 3532 liberos
1146 3482 1178 3530 et
1190 3471 1336 3532 existima·

190 3554 192 3558 ’
238 3558 347 3618 tionem
363 3558 433 3616 laedi
449 3559 609 3633 videamus,
623 3581 690 3641 quae
704 3562 866 3632 solantia
886 3571 951 3645 tuto
965 3562 1154 3633 collocentur,
1166 3564 1256 3622 etiam
1275 3581 1335 3622 mo

237 3650 378 3711 rientibus
391 3651 527 3736 omnibus
541 3671 618 3712 curae
636 3654 725 3714 sunt?
745 3655 815 3719 Jaru
832 3673 887 3714 nec
902 3654 974 3715 illud
988 3656 1132 3717 bonorum
1150 3657 1277 3714 virorum
1292 3664 1337 3715 est

237 3755 271 3805 ut
283 3746 339 3807 ista'
352 3747 484 3825 pecuuiae
498 3747 592 3826 gratia
604 3747 700 3808 facere
707 3749 860 3810 videantur
871 3769 879 3808 ε
901 3749 931 3809 id
942 3750 1028 3830 quod
1034 3770 1131 3830 neque
1143 3749 1336 3830 magnitudini

238 3839 326 3896 animi
339 3847 453 3911 restrae,
467 3858 522 3898 nec
535 3840 647 3917 reliquo
658 3842 725 3902 vitae
739 3841 871 3902 instituto
887 3861 1048 3921 congruere
1061 3844 1223 3923 apparebit
1237 3861 1240 3867 ’
1259 3842 1335 3902 Nam

238 3930 263 3989 si
278 3930 359 3989 vobis
372 3931 413 3988 illi
428 3933 502 3991 tanti
515 3935 552 3992 ab
567 3933 630 3993 aliis
645 3934 805 3995 redimendi
819 3945 956 4006 essent,e
976 3949 1074 3996 vestro
1087 3936 1189 3996 aerario
1203 3935 1334 4014 deprom-

237 4033 291 4103 pta
313 4023 445 4102 pecunia,
460 4024 561 4085 idvor
586 4033 687 4086 omnes
710 4027 818 4106 cupide
841 4026 972 4086 facturos
991 4027 1206 4088 existimarem:
1239 4027 1334 4098 deco

238 4135 317 4189 vero,
330 4115 410 4195 quod
425 4135 475 4195 per
490 4117 665 4178 calumniam
679 4129 759 4178 etex
774 4119 883 4180 invidia
893 4119 1003 4180 sactum
1018 4121 1065 4191 sit,
1084 4141 1143 4182 non
1154 4121 1251 4195 habeo
1263 4117 1334 4200 quid

237 4217 375 4279 statuam,
392 4209 446 4268 nisi
465 4229 586 4288 prorsus
601 4213 704 4272 acerbe
718 4212 854 4272 insectari
868 4222 899 4272 et
921 4215 1090 4292 proturbare
1112 4213 1269 4294 populares
1282 4212 1335 4272 bo·

237 4301 329 4360 mines
341 4303 514 4366 instituistis.
538 4304 629 4371 Quod
640 4305 721 4363 siita
734 4316 789 4376 est,
805 4325 901 4383 neque
915 4317 995 4366 recte
1010 4307 1333 4386 nequeutiliterfacere
