2967 4950
232 342 296 403 aar
545 318 768 397 nnvaasus
790 314 1028 393 rouretum.
1064 285 1068 294 ¹

230 501 374 579 tempore,
387 512 456 557 cum
474 494 513 554 ad
527 512 634 553 navem
653 474 719 552 non¹
730 481 855 571 reniret,
868 498 899 549 et
911 496 1021 567 quanta
1032 486 1098 566 ipse
1109 482 1240 565 pericula
1259 482 1330 543 sub

231 591 315 653 ierim
331 598 392 649 tum
411 596 619 667 tempestatum
634 593 699 645 tum
711 582 852 643 hostium.
892 580 967 641 Post
980 579 1057 639 enim
1071 576 1216 659 perducta
1229 575 1331 636 Maro·

232 703 318 745 neam
326 681 442 761 navigia
452 700 520 740 cum
530 680 658 739 Thasum
670 675 914 757 perrenissemus,
922 693 959 735 eo
967 672 1116 753 profectus
1126 668 1331 748 'limomachus

232 795 331 836 rursus
345 774 522 855 perducebat
542 790 607 831 cum
620 769 734 830 'Ihasiis
755 770 891 849 Strymen
905 766 1082 847 frumentum
1095 774 1126 823 et
1143 771 1282 834 scutatos,
1296 770 1333 819 ut

232 868 297 948 ipse
319 869 417 928 locum
439 865 520 924 illum
543 872 752 943 occupaturus.
803 861 879 921 Cum
904 877 972 917 vero
994 853 1151 916 Maronit'oe
1169 854 1266 914 classe
1287 853 1331 912 in·
1363 918 1366 921 ⁴

235 971 348 1022 structa
361 959 512 1020 nobiscum
527 958 564 1017 de
577 975 612 1017 eo
626 956 693 1016 loco
702 952 866 1014 dimicaturi
880 960 1026 1026 essent‚et
1035 948 1141 1008 milites
1154 946 1333 1031 longalnari·

234 1040 360 1135 gatione‘
366 1052 479 1133 fatigati
492 1069 582 1111 nares
597 1050 694 1109 Thtso
716 1049 853 1125 Strymen
869 1045 1028 1114 traherent,
1042 1051 1072 1101 et
1084 1042 1187 1121 hyems
1201 1050 1291 1112 esset,
1304 1048 1336 1121 et

234 1148 319 1208 locus
334 1155 448 1227 portum
462 1164 522 1204 non
535 1142 666 1215 haberet,
675 1160 731 1199 nec
743 1137 921 1197 succendere
937 1145 968 1195 et
980 1153 1096 1219 coenare
1111 1132 1140 1190 in
1150 1131 1251 1191 hostili
1262 1150 1334 1209 agro

235 1239 349 1309 liceret,
371 1257 406 1299 ac
419 1254 534 1296 murum
548 1236 674 1313 undique
689 1242 719 1293 et
736 1229 905 1290 mercenarii
919 1228 1024 1287 milites
1042 1236 1074 1285 et
1086 1225 1202 1284 barbari
1220 1223 1335 1283 finitimi

236 1328 484 1396 'circumsiderent
507 1346 628 1387 necesse
648 1326 704 1384 fuit
724 1323 756 1383 in
778 1320 913 1383 anchoris
930 1321 961 1379 in
975 1318 1035 1379 alto
1054 1318 1197 1377 fluctuare
1216 1325 1335 1375 noctem

236 1424 315 1485 illam
329 1426 491 1485 incoenatos
512 1430 543 1481 et
556 1420 716 1489 insomnes,
731 1426 763 1477 et
782 1413 922 1476 excubias
936 1414 1055 1484 habere,
1070 1431 1107 1470 ne
1122 1410 1336 1471 Maronitarum

237 1520 368 1579 triremes
382 1526 473 1578 noctu
486 1534 524 1575 ex
536 1504 649 1573 insidiis
663 1512 805 1592 impetum
826 1510 857 1569 io
877 1527 932 1569 nos
944 1508 1083 1590 'facerent
1095 1515 1237 1586 praeterea
1247 1503 1339 1562 fiebat

237 1620 337 1684 noctu,
351 1620 471 1690 propter
484 1606 552 1666 anni
566 1616 693 1687 tempus,
707 1613 739 1662 ut
754 1602 861 1683 plurim
871 1599 1043 1660 ettonitrua
1056 1606 1087 1657 et
1098 1605 1203 1672 ventus
1211 1614 1337 1675 magnus

237 1702 475 1774 ochema-haec
496 1700 572 1761 enim
594 1700 648 1759 sub
672 1698 769 1779 ipsum
789 1694 944 1755 Pleiadum
957 1710 1094 1769 oceasum
1113 1690 1196 1749 sacta
1216 1698 1338 1761 suut-,

238 1816 311 1876 quas
325 1796 364 1855 ob
377 1814 424 1854 res
436 1794 466 1853 in
480 1812 567 1873 quam
590 1791 679 1852 animi
700 1788 904 1869 egritudinem
925 1797 986 1845 non
1007 1783 1144 1844 incidisse
1165 1781 1271 1841 milites
1284 1801 1339 1841 ex·

237 1886 391 1949 intimatis?
412 1904 501 1966 quam
518 1885 625 1945 multos
640 1905 661 1944 a·
670 1903 716 1943 me
726 1892 832 1963 postea
845 1878 995 1959 aufugisse
1007 1896 1108 1937 rursus
1121 1884 1251 1935 veterum
1264 1893 1338 1934 nau-

239 1984 344 2053 tarum,
358 1998 425 2039 cum
438 1988 468 2039 et
477 1996 600 2058 magnas
621 1996 767 2037 {erumnas
781 1974 949 2045 tolerarent,
963 1975 993 2031 e't
1013 1966 1111 2049 operte
1131 1966 1226 2047 pretia
1248 1986 1362 2047 parra‚

239 2074 381 2145 facerent,
398 2080 540 2152 quantum
556 2069 668 2131 scilicet
681 2087 738 2148 ego
752 2067 793 2127 eis
814 2066 852 2125 ad
870 2065 921 2125 illa
939 2082 1006 2142 quaa
1025 2061 1104 2142 prius
1117 2080 1136 2120 a
1150 2078 1195 2118 me
1209 2060 1339 2119 ahstule·
1369 2114 1372 2119 .

239 2180 305 2229 rant
315 2177 448 2229 mutuare
460 2164 609 2247 poteram?
623 2164 701 2223 Nam
712 2163 773 2222 dux
783 2179 821 2219 ne
831 2158 862 2219 id
872 2156 991 2237 quidem
1000 2154 1080 2235 quod
1090 2152 1128 2213 ad
1137 2153 1338 2237 quotidianam

241 2261 407 2323 alimoniam
430 2259 588 2340 pertineret
610 2252 827 2335 suppeditabat,
849 2261 880 2311 et
899 2250 962 2331 jam
985 2257 1045 2307 tres
1063 2264 1180 2331 meuses
1207 2244 1338 2323 legitimo

241 2358 423 2437 praefecturae
436 2351 560 2431 tempori
574 2348 748 2430 adjeceram,
759 2358 790 2406 et
806 2364 874 2405 curn
893 2344 950 2403 iste
967 2342 1098 2401 nondum
1111 2340 1151 2400 ad
1170 2358 1278 2424 narem¹
1290 2359 1351 2417 re-¹

240 2450 326 2523 niret,
339 2465 396 2528 ego
410 2445 441 2506 in
454 2442 635 2506 desertorum
646 2441 748 2504 locum
760 2448 867 2501 mutas
879 2434 1090 2508 conducebant,
1105 2442 1207 2494 mutuo
1220 2440 1339 2515 sumpta

241 2540 378 2624 pecunia.

283 2637 313 2693 7.
336 2631 397 2692 Soli
411 2642 509 2692 autem
522 2630 599 2692 istie
614 2632 726 2692 caeteris
741 2627 958 2690 successoribus
972 2628 1055 2696 nulla
1070 2625 1240 2707 relinquitur
1254 2643 1340 2685 excu-

243 2723 396 2796 satio,'cur
405 2743 463 2783 non
478 2723 571 2784 multo
583 2732 649 2782 ante
663 2724 701 2782 ad
713 2743 818 2784 navem
831 2723 965 2803 uenerit..
987 2723 1152 2798 Euctemon
1166 2721 1244 2780 enim
1255 2718 1341 2780 semi·

242 2817 384 2887 centurio,
402 2826 436 2875 ut
450 2835 489 2875 ex
508 2815 704 2895 Hellesponto
723 2824 843 2896 propter
862 2816 997 2875 morbum
1020 2813 1139 2874 domurn
1159 2823 1205 2872 est
1225 2812 1341 2890 missus,

242 2907 469 2988 quamprimum
484 2907 597 2987 appulit
609 2918 640 2967 et
653 2907 746 2967 audiit
757 2906 847 2966 istum
857 2906 927 2966 mihi
937 2925 1138 2966 successorem
1151 2905 1265 2978 datum,
1277 2923 1342 2966 cum

212 3075 215 3086 1
245 3002 334 3063 sciret
342 3001 403 3082 jam
419 3011 450 3060 et
463 3000 558 3060 exisse
572 3010 687 3079 tempus
701 2999 884 3080 praefectura
897 3018 981 3072 meoe,
995 3009 1026 3059 et
1044 3018 1093 3058 me
1105 2999 1169 3078 jam
1188 2998 1268 3057 ultra
1287 3007 1343 3057 ter·

243 3096 355 3155 minum
379 3097 494 3164 abesse,
510 3093 641 3154 adhibito
656 3092 746 3152 Dinia
765 3110 868 3152 socero
888 3111 966 3165 meo,
982 3111 1049 3151 eum
1067 3091 1097 3150 in
1111 3090 1252 3169 Digmate
1273 3110 1342 3151 con-

244 3183 380 3260 ienit,‘et
393 3187 607 3267 quamprimum
621 3185 660 3244 ad
673 3204 778 3246 navem
792 3183 870 3244 abire
879 3183 977 3260 jussit,
985 3184 1134 3262 impensas
1148 3182 1226 3242 enim
1236 3183 1268 3241 in
1279 3183 1343 3263 dies

246 3281 379 3360 singulos
394 3279 602 3370 magnasfieri,
620 3289 728 3358 praeter
741 3285 937 3338 commeatum
949 3276 999 3355 qui
1013 3296 1032 3336 a
1044 3276 1120 3336 duce
1132 3276 1163 3335 in
1174 3295 1281 3336 narem
1294 3275 1344 3335 da·

245 3382 342 3440 retum
364 3387 400 3432 ac
418 3372 585 3450 singulatim
600 3372 628 3432 ei
646 3370 892 3443 commemoravit,
907 3389 974 3450 quas
996 3368 1148 3430 mercedes
1172 3369 1296 3448 remigio
1316 3375 1345 3428 et

246 3463 387 3523 militibus
400 3463 431 3522 in
446 3463 579 3542 singulos
598 3483 715 3524 menses
734 3472 966 3538 numerarentur,
981 3482 1048 3543 quse
1067 3463 1166 3523 nantis
1185 3482 1260 3542 quos
1284 3463 1344 3543 ipse

246 3557 405 3636 Lampsaci
419 3554 619 3629 conduxisset,
633 3577 699 3636 qum
712 3557 749 3616 iis
762 3557 812 3635 qui
827 3556 858 3616 in
871 3556 1054 3616 desertorum
1067 3555 1168 3636 locum
1182 3555 1345 3616 inscendis-

248 3660 325 3722 sent,
343 3660 541 3729 praetereaque
561 3649 632 3728 quid
648 3661 781 3709 veterum
802 3659 957 3709 nautarum
979 3649 1103 3729 singulis
1122 3649 1253 3729 rogatus'
1266 3647 1345 3709 addi·

248 3744 369 3815 dissem,
382 3754 537 3822 postquam
557 3742 628 3802 mihi
650 3742 833 3822 praefecturae
847 3743 960 3804 navalis
979 3743 1042 3804 dies
1064 3741 1185 3815 exisset,
1197 3751 1230 3802 et
1242 3751 1346 3801 caetera

249 3857 315 3917 quae
329 3837 364 3898 in
377 3857 480 3900 navem
500 3837 631 3917 quotidie
653 3825 901 3918 impenderentur,
917 3857 985 3916 qure
1004 3857 1063 3897 non
1087 3837 1252 3916 ignorabat.
1292 3835 1346 3893 Per

248 3951 316 3992 eum
331 3927 418 4002 enim,
432 3930 503 3991 dum
519 3931 793 3992 semicenturionem
807 3938 919 4008 ageret,
932 3940 962 3989 et
973 3931 1146 3989 emebantur
1156 3937 1187 3988 et
1199 3927 1345 4008 expende·

248 4025 356 4084 bantur
369 4023 476 4082 omnia.
519 4023 565 4082 De
579 4022 764 4083 armamentis
777 4041 873 4104 porro,
895 4041 943 4081 me
963 4022 1095 4102 privatim
1111 4041 1149 4082 ea
1161 4021 1269 4080 habere
1287 4028 1346 4078 ete

248 4116 367 4199 publico
381 4113 452 4172 nihil
467 4113 616 4194 accepisse
634 4114 744 4175 retulit.
786 4114 859 4173 Earn
875 4113 975 4193 igitur,
988 4113 1093 4193 inquit,
1108 4112 1180 4172 inito
1197 4112 1346 4183 rationem,

248 4220 283 4270 ut
308 4218 361 4269 aut
382 4208 419 4267 ab
442 4227 477 4266 eo
500 4207 551 4266 illa
572 4207 719 4288 impetres,
739 4216 792 4267 aut
812 4216 993 4267 armamenta
1013 4205 1214 4287 privatathinc
1236 4203 1348 4263 afferas.

223 4361 229 4370 ,
250 4301 381 4362 Arbitror
401 4311 499 4360 autem
511 4298 538 4358 ei
552 4299 637 4360 facile
659 4310 760 4360 tecum
779 4310 1009 4379 conventurum:
1030 4298 1091 4358 illic
1104 4299 1181 4358 enim
1194 4297 1346 4376 pecuniam

252 4393 350 4466 debet,
363 4412 451 4472 quam
464 4391 627 4453 dissolvere
640 4393 721 4453 volet
734 4392 773 4453 de
785 4393 881 4473 pretio
892 4401 1146 4454 armamentorum.
1174 4391 1231 4450 His
1244 4391 1299 4470 iste
1312 4407 1347 4448 ex

197 4567 201 4583 Ι
237 4472 435 4564 ‘aurumne
448 4494 478 4545 et
491 4484 582 4546 Dinia
596 4503 698 4546 socero
710 4505 778 4548 tneo
792 4486 909 4561 auditis,
920 4484 1007 4547 adea
1019 4503 1086 4566 quae
1096 4484 1123 4545 ei
1133 4483 1265 4545 dixerant
1278 4479 1347 4543 nibil
