2967 4950
154 397 159 408 ,
258 321 297 391 ss
395 325 397 328 ·
513 289 1042 406 ,coaranrrmnaouum
1187 406 1192 413 .

256 475 392 568 parapter
405 494 473 545 aeta
485 475 584 557 atate,
598 483 657 544 suis
673 481 790 543 civibus
802 481 963 548 consuluit
994 480 1052 550 Qui
1071 499 1143 540 nam
1163 474 1363 552 timarchum,

257 569 310 638 aut
336 577 484 638 cinaedum
512 576 758 650 Demosthenem,
785 574 995 654 rempublicam
1027 571 1232 634 administrare
1261 590 1365 654 passus

258 670 362 731 asset?
505 677 507 682 '
1316 682 1318 687 ·

264 787 269 798 ·
299 765 349 826 36.
370 762 418 823 Ne
432 781 501 823 asro
514 758 749 822 Lacedaemoniis
764 753 907 821 maantari
920 759 1030 832 videar,
1043 760 1187 840 majomm
1206 763 1298 820 etism
1311 778 1367 820 rats-v

258 865 384 916 strorum
396 855 573 915 mentionem
586 854 704 930 faciam,
726 851 770 912 Hi
779 851 858 912 enim
868 861 930 913 tam
944 851 1166 932 iniquisauimis
1173 856 1284 933 probra
1293 854 1367 913 lere·
1389 862 1395 880 '

243 947 341 1021 'bant
363 959 541 1026 suorumque
562 939 719 1008 liberomm
736 944 911 1010 modestiam
933 945 1008 1005 tanti
1026 943 1184 1016 laniabant,
1199 955 1240 1005 ut
1257 946 1366 1005 civium

258 1031 390 1118 quidam,
414 1039 597 1118 deprehenso
618 1036 687 1096 filiae
711 1056 774 1096 sum
796 1044 912 1116 stupro,
931 1055 999 1096 cum
1021 1036 1122 1116 puella
1142 1037 1267 1098 sormam
1281 1053 1365 1097 suam

260 1143 355 1211 usque
369 1132 408 1191 ad
421 1130 541 1210 nuptias
554 1149 615 1190 non
629 1128 787 1208 diligenter
800 1129 991 1202 custodisset,
1003 1147 1070 1189 eam
1083 1138 1146 1188 uua
1156 1135 1226 1188 cnm
1240 1148 1321 1209 equo
1336 1130 1365 1188 in

259 1224 405 1287 desertam
415 1223 533 1284 domum
545 1222 713 1284 incluserit:
735 1241 755 1282 a
766 1240 826 1301 quo
835 1222 866 1280 in
876 1221 930 1282 illo
937 1237 1055 1282 carcere
1064 1222 1140 1282 ebra
1147 1223 1365 1283 dubitationem

259 1315 337 1378 lame
351 1316 473 1377 efferato
486 1315 638 1375 interitura
658 1322 750 1384 esset„
782 1314 948 1373 Aetolum
959 1314 1036 1374 illius
1049 1314 1156 1374 domus
1177 1314 1268 1375 etiam
1279 1335 1365 1376 nunc

260 1407 402 1469 innostra
414 1409 487 1468 urbe
501 1416 608 1478 exstet,
621 1416 652 1466 st
663 1405 748 1464 locus
762 1405 812 1466 ille
826 1407 883 1465 Ad
906 1406 1040 1484 squ'um
1064 1415 1101 1469 et
1121 1407 1286 1486 puellam
1314 1420 1367 1488 ap:

260 1501 396 1582 pellatur.
426 1501 497 1560 Solo
521 1509 631 1570 autem,
654 1497 881 1578 legumlatorem
908 1497 1127 1570 celeberrimus,
1148 1500 1266 1580 scripsit
1285 1517 1366 1562 moro
1416 1535 1421 1542 ·

261 1593 456 1672 antiquorum,
470 1601 500 1651 st
513 1591 639 1669 graviter
653 1589 691 1650 ds
704 1589 862 1669 disciplina
874 1599 1082 1658 matronarum.
1102 1591 1262 1651 'Mulierem
1276 1593 1366 1665 enisa,

260 1685 341 1764 apud
348 1703 437 1764 quam
451 1683 567 1744 adulter
578 1681 667 1742 fuerit
680 1681 894 1762 deprehensus,
908 1684 1004 1742 ornari
1014 1701 1074 1743 non
1088 1683 1166 1758 sinit,
1174 1703 1238 1744 nec
1249 1685 1282 1744 in
1296 1686 1367 1745 bna

261 1776 381 1857 publica
400 1775 523 1856 ingredi,
537 1795 576 1836 ne
597 1787 652 1836 suo
670 1775 838 1835 interventu
860 1775 992 1855 integras
1007 1786 1159 1837 matronas
1176 1788 1365 1858 oormmpat:

261 1869 381 1948 quodsi
401 1869 559 1942 intraverit,
577 1879 630 1930 aut
651 1884 717 1929 sese
736 1869 890 1941 ornaverit,
910 1859 1043 1948 meraris
1060 1870 1223 1931 dilacerare
1235 1872 1302 1951 ejus
1317 1889 1367 1932 ve-

260 1963 411 2038 stimenta,
436 1973 621 2042 stornatum
642 1962 772 2043 diripere·
786 1961 883 2042 jubet,
904 1973 935 2023 st
953 1983 1019 2024 eam
1039 1967 1201 2036 verberare,
1223 1965 1367 2027 hactenm

261 2061 372 2129 umen,
386 2075 427 2116 ne
436 2054 484 2115 vel
497 2053 624 2126 occidat,
636 2053 684 2114 rel
698 2053 832 2114 mutilet:
853 2055 894 2116 sie
908 2055 996 2115 talem
1010 2056 1162 2118 mulierem
1173 2057 1366 2136 omni'digni-

260 2155 322 2210 tate
336 2147 441 2228 privat,
454 2156 485 2206 et
503 2147 596 2207 ritem
616 2145 642 2206 ei
665 2146 802 2206 acerbam
823 2144 930 2218 reddit,
951 2166 986 2208 ae
1007 2159 1101 2208 morta
1124 2147 1283 2210 duriorem.
1310 2149 1365 2208 Le·

180 2299 184 2308 ,
261 2259 355 2302 nouas
381 2240 452 2300 item
473 2238 606 2298 accusari
622 2239 719 2317 jubet,
739 2239 943 2299 encomiastes
969 2239 1065 2320 capite
1084 2240 1192 2320 plecti:
1212 2252 1368 2321 propterea
1467 2304 1468 2307 ,

261 2327 357 2412 quod,
377 2329 513 2392 mercede
526 2330 630 2391 locata·
644 2349 699 2390 sua
717 2330 898 2410 impudentia
913 2331 964 2404 iis,
984 2331 1172 2412 quiquidem
1193 2334 1365 2415 delinquere

261 2425 393 2506 cupiunt,
412 2432 443 2484 et
456 2434 562 2485 tamen
582 2421 659 2483 inter
681 2422 860 2503 secolloqui
873 2423 1011 2486 dubitant
1030 2429 1229 2502 acamantur,
1249 2427 1366 2489 efficere
1466 2505 1467 2508 Ἴ

177 2536 179 2541 ’
261 2519 370 2590 solent,
384 2527 418 2577 ut
430 2516 590 2600 periculum
602 2516 714 2577 iaciant
725 2526 757 2576 et
768 2515 989 2596 colloquantur.

304 2614 353 2671 ³7.
376 2611 479 2670 Patres
493 2609 583 2688 igitur
595 2610 692 2669 nostri.
706 2609 748 2669 sic
769 2609 806 2669 de
820 2611 953 2689 turpibus
969 2610 1259 2673 'rebus-et'honestis
1272 2623 1363 2674 statu·

262 2712 365 2763 erunt:
386 2722 440 2762 sos
455 2712 553 2763 autem
568 2701 757 2761 Timarchum
770 2701 1068 2781 turpissimisatudiis
1086 2702 1247 2764 obnoxium
1268 2703 1365 2767 essm

263 2793 358 2861 vetisl
380 2791 440 2862 Qui
454 2812 521 2854 oum
534 2792 578 2851 vir
592 2791 640 2863 sit,
660 2801 690 2851 et
703 2790 836 2853 masculo
853 2813 985 2873 empore,
994 2794 1153 2853 muliebria
1166 2794 1196 2853 in
1214 2816 1248 2855 se
1261 2800 1365 2877 probra

252 2886 390 2974 admisit.
418 2885 493 2952 Quis
515 2903 586 2963 ergo
600 2894 730 2945 vesuum
743 2905 865 2947 uxorem
877 2886 908 2945 in'
930 2887 1040 2947 scelere
1059 2888 1275 2967 deprehensam
1294 2891 1366 2951 ulei·
1394 2905 1397 2909 “

259 2977 384 3049 scetus?
414 2978 478 3039 Aut
495 2977 560 3055 quis
584 2996 644 3038 non
665 2978 747 3039 rudis
769 2978 991 3051 existimabitur,
1002 2978 1030 3037 si
1044 2979 1074 3037 ei
1095 2993 1280 3056 succenseat,
1301 3003 1365 3062 quse

260 3071 427 3132 secundum
453 3079 590 3129 naturam
616 3069 790 3147 deliquerit:
810 3088 877 3130 cum
893 3075 961 3146 ejus
983 3071 1112 3132 consiliis
1133 3075 1296 3147 auscultet,
1315 3078 1365 3155 qui

245 3164 384 3235 scelere,
398 3184 417 3224 a
430 3182 489 3241 quo
504 3172 610 3223 natura
624 3160 771 3233 abhorret,
790 3180 823 3221 se
838 3162 1063 3225 contaminarit?
1087 3162 1156 3229 Quo
1170 3184 1259 3242 porro
1272 3170 1367 3228 animo

262 3257 328 3336 quis
347 3266 476 3317 vestrum
491 3274 507 3313 e
521 3253 658 3334 praetorio
673 3252 795 3313 domum
807 3254 991 3314 reuertatur?-
1010 3253 1118 3334 Neque
1133 3256 1212 3316 enim
1228 3278 1300 3319 reus
1316 3261 1366 3320 ob

263 3368 367 3410 scuras
377 3359 432 3421 est,
446 3348 501 3407 sed
520 3346 647 3409 nobilis:
669 3364 767 3423 neque
784 3345 887 3405 lex-de
901 3357 1050 3406 oratosum
1064 3348 1268 3427 exploratione
1281 3353 1366 3424 mala,

265 3439 318 3503 sed
339 3439 547 3519 pulcherrima:
564 3444 627 3513 jam
647 3436 729 3517 paeri
747 3438 836 3497 etiam
857 3448 888 3497 et
908 3439 1123 3500 adolescentuli
1141 3443 1243 3501 statim
1268 3464 1369 3505 omes·

263 3532 355 3595 sarias
365 3550 434 3591 suos
449 3529 557 3608 cupide
566 3529 747 3607 interrogare
760 3529 868 3602 solent,
876 3541 1032 3611 quopacto
1045 3549 1137 3591 causa
1147 3532 1186 3591 sit
1195 3532 1369 3614 dijudicata

264 3622 342 3691 Quid
357 3643 428 3701 ergo
444 3622 559 3694 dicetis,
572 3621 622 3699 qui
634 3641 711 3683 nunc
725 3642 793 3686 cum
805 3632 952 3702 potestate
972 3624 1101 3684 ferendae
1116 3626 1276 3687 sententiae
1290 3630 1370 3699 estis,

263 3718 313 3783 ubi
331 3737 382 3776 sos
398 3716 482 3777 liberi
494 3714 584 3775 vestri
596 3714 738 3793 rogarint,
753 3726 852 3775 utrum
865 3735 935 3775 oum
952 3706 1227 3790 condemnaveritis,
1247 3740 1290 3780 an
1299 3741 1371 3782 sero

226 3880 230 3884 ,
260 3807 475 3885 absolveritis?
487 3808 594 3877 Nonne
608 3806 713 3867 eadem
733 3827 835 3888 opera,
849 3827 902 3869 ros
917 3804 1104 3869 Timarchum
1118 3811 1288 3873 absolvisse-
1298 3816 1371 3876 late

264 3901 375 3973 bimini,
395 3910 427 3960 et
442 3901 587 3980 publicam
603 3898 789 3980 disciplinam
807 3901 968 3963 evertetis?
989 3898 1064 3971 Quae
1075 3921 1163 3982 porro
1183 3906 1298 3967 utilitas
1318 3911 1373 3969 erit

263 3994 363 4057 alendi
372 3994 566 4074 pedagogos,
581 4002 632 4057 aut
647 3992 771 4055 lanistas
790 4004 821 4055 et
831 3994 990 4074 magistros
1004 3996 1309 4079 praeficiendipueris,
1322 4003 1373 4062 ubi

264 4092 294 4162 ii,
315 4107 443 4169 ,quorum
463 4086 533 4148 fidei
553 4086 634 4165 leges
655 4087 821 4148 commissae
847 4098 928 4160 suut,
949 4089 1061 4167 probris
1081 4089 1121 4152 ad
1140 4091 1374 4155 misericordiam

263 4178 441 4247 flectentur?
463 4178 541 4238 illud
555 4178 642 4239 etiam
657 4178 687 4238 in
702 4180 785 4240 vobis
798 4179 897 4252 miror,
911 4180 1118 4258 Athenienses,
1132 4184 1158 4241 si
1171 4182 1299 4247 lenones
1308 4189 1375 4249 odi·

257 4274 327 4347 slis,
342 4292 392 4335 eos
406 4281 505 4333 autem
518 4270 568 4350 qui
581 4270 753 4351 pudicitiam
760 4269 843 4337 'aluo
854 4271 1074 4353 prostituerunt,
1084 4274 1256 4337 absolvatis.
1280 4281 1375 4359 lgitm

263 4366 340 4435 idem
354 4366 409 4425 iste
421 4367 465 4427 vir
478 4364 587 4425 nullius
601 4363 651 4423 dei
665 4365 861 4428 sacerdotium
876 4365 1025 4439 seruetur,
1039 4377 1073 4427 ut
1084 4366 1135 4446 qui
1146 4388 1207 4428 non
1217 4390 1301 4450 puro
1310 4394 1375 4435 cor·

259 4475 336 4535 pore
350 4457 396 4527 sit,
412 4458 660 4541 quemadmodum
674 4458 756 4538 leges
772 4458 899 4538 jubent:
920 4461 952 4521 in
967 4459 1093 4527 decretis
1107 4471 1222 4543 autem,
1231 4476 1308 4529 vota
1320 4488 1377 4549 pso
