2967 4950
243 313 282 377 aa
547 291 1011 396 corruarrrrsacuum

243 474 487 552 commemoratis,
508 477 588 547 Quid
611 493 692 558 ergo,
710 477 816 556 inquit,
838 473 954 538 consilii
973 476 1014 536 do
1034 473 1139 537 vsbisi
1165 467 1201 537 Si
1221 480 1338 538 mantus

241 573 328 637 istum
341 573 452 654 injuria
466 573 704 646 condemnatum,
726 581 758 632 et
774 570 922 632 frondium
939 571 1079 651 suffragio
1095 571 1280 651 repudiatum
1291 577 1338 649 Ju-

242 669 319 730 dicio
329 667 493 740 tradiderit,
502 667 652 746 praemium
664 667 701 725 de
711 683 793 726 more
806 665 851 726 eis
862 665 982 726 dstote:
996 666 1021 727 si
1032 682 1102 746 uero
1111 682 1173 725 non
1184 665 1340 744 punierint,

242 777 280 821 ne
289 761 401 833 dotata,
411 755 465 819 sed
475 754 525 818 llio
539 757 586 818 die
601 757 804 818 recordamini.
823 754 901 818 Post
910 757 1070 818 senatusin
1084 759 1194 817 curiam
1204 776 1340 818 reversus

242 853 392 914 frondium
413 851 532 932 quidem
551 850 689 930 suffragio
702 844 791 911 istum
806 851 903 931 ejecit,
922 852 975 911 sed
993 851 1120 911 derude
1132 851 1279 910 sententia
1295 871 1339 911 re·

244 949 329 1028 cepit
351 946 431 1014 Quis
440 965 508 1006 vero
518 965 574 1006 uec
579 945 690 1025 judicio
698 944 869 1018 tradiderat,
878 945 1051 1006 nececuria
1060 945 1185 1024 ejecerat
1196 944 1341 1024 (equidem

229 1057 314 1099 ,eum
329 1037 431 1098 dolore
446 1031 525 1110 dico,
539 1037 592 1098 sed
607 1037 675 1096 dieo
692 1038 872 1112 necessario)
884 1038 1007 1117 praemio
1020 1037 1124 1096 caruit.
1145 1035 1245 1095 Nolite
1257 1033 1343 1115 igitur

241 1130 435 1202 committere,
449 1121 656 1200 Athenienses,
671 1130 869 1189 oum-senatui
882 1130 1118 1200 succensueritis,
1131 1136 1162 1188 et
1174 1129 1344 1207 quingentis

245 1224 358 1286 ciuibus
371 1237 496 1282 coronas
516 1221 682 1281 ademeritis
696 1229 813 1300 propter
832 1222 921 1281 istum
934 1241 994 1282 non
1007 1222 1154 1300 punitum,
1167 1229 1201 1278 ut
1213 1222 1340 1280 eundem

243 1315 303 1396 ipsi
312 1331 373 1374 non
386 1313 534 1394 puniatis:
558 1323 588 1374 et
598 1321 742 1374 oratorem
758 1313 808 1390 qui
821 1313 936 1374 senatui
950 1332 1010 1372 non
1019 1312 1139 1392 profuit,
1152 1313 1265 1391 populo
1273 1331 1342 1372 corr·

239 1407 386 1469 servetis..

284 1502 335 1558 24.
356 1498 398 1556 At
411 1495 440 1555 in
447 1494 669 1574 magistratibus
681 1505 758 1555 sorte
769 1486 993 1555 obvenientibus
1003 1504 1048 1555 est
1057 1496 1142 1556 talis:
1156 1497 1187 1554 in
1200 1496 1236 1554 iis
1246 1503 1343 1555 autem

241 1591 295 1671 ‘qui
309 1589 453 1650 electione
466 1595 611 1657 creantur,
624 1587 733 1646 melior.
756 1587 866 1666 Ecquis
877 1604 945 1647 vero
954 1597 1084 1648 vestrum
1099 1588 1225 1666 ignoret,
1236 1597 1346 1666 quauta

240 1695 313 1744 >oum
325 1679 447 1740 infamia
467 1681 619 1759 peculatus
634 1680 672 1739 sit
685 1679 859 1740 convictus?
880 1680 991 1740 Missus
1004 1683 1082 1740 enim
1097 1701 1116 1740 a
1134 1681 1223 1740 vohis
1235 1681 1274 1740 ad
1292 1681 1345 1740 ha·

243 1773 374 1835 bendum
388 1771 536 1831 dolentum
550 1771 767 1850 peregrinorum
783 1772 905 1832 Eretrioe
918 1773 1053 1842 militum,
1069 1771 1150 1832 solus
1165 1771 1345 1850 collegarum

216 1863 217 1868 ’
240 1877 278 1927 ³se
292 1873 444 1949 argentum
454 1863 602 1943 accepisse
616 1864 780 1924 fatebatur:
802 1882 898 1943 neque
909 1877 1028 1924 eausam
1042 1865 1170 1937 dicebat,
1184 1866 1239 1925 sed
1247 1865 1344 1924 statim

245 1959 380 2040 injuriam
394 1959 549 2028 confitens,
564 1956 704 2016 muletam
729 1955 890 2035 graviorem
912 1958 1133 2037 deprecabatur.
1165 1957 1227 2015 Vos
1249 1967 1347 2016 autern

245 2069 346 2113 corum
360 2051 465 2128 cuique
479 2049 529 2128 qui
539 2049 649 2108 inficias
660 2048 904 2108 ierantmuictum
917 2051 1029 2109 talento
1041 2048 1219 2122 aestimastis,
1233 2049 1282 2108 isti
1296 2050 1346 2108 tri-

242 2145 330 2224 ginta
341 2143 446 2202 minis:
468 2157 535 2201 cum
550 2141 631 2218 leges
641 2141 767 2218 jubeant
775 2141 870 2200 durem
883 2138 1072 2200 confitentem
1084 2142 1179 2220 eapite
1189 2141 1290 2220 plecti,
1300 2161 1346 2201 ue

245 2243 365 2315 gentem
377 2236 405 2292 iu
415 2231 560 2313 judicium
573 2231 690 2292 adduci.
711 2232 841 2292 Proinde
853 2233 956 2293 ituros
966 2234 1151 2313 contempsit,
1164 2242 1199 2291 ut
1210 2233 1241 2292 in
1251 2233 1345 2291 ieran-

240 2317 292 2388 'dis
312 2318 349 2386 de
365 2326 433 2406 jure
446 2325 572 2386 ciuitatis
594 2323 738 2404 suffragiis
753 2325 798 2384 bis
812 2325 892 2383 mille
905 2325 1059 2384 drachmas
1073 2326 1231 2403 acceperit.
1268 2325 1345 2384 Nam

245 2439 313 2484 cum
327 2421 513 2483 Philotadem
534 2421 828 2503 Cydatheuoeeusem
841 2406 988 2481 homiuem
1002 2421 1107 2493 civem,
1128 2421 1264 2481 libertum
1282 2438 1345 2482 esse

247 2533 334 2575 suum
348 2515 533 2585 asseruisset,
548 2532 582 2574 ae
595 2514 785 2594 popularibus
797 2515 1003 2593 persuasisset,
1017 2524 1051 2573 ut
1063 2532 1130 2573 eum
1144 2514 1345 2593 repudiarent:

246 2616 383 2687 suscepta
395 2607 425 2664 irr
439 2606 551 2686 judicio
565 2607 765 2679 accusatione,
779 2603 928 2685 sacrisque
942 2606 973 2665 in
985 2626 1089 2665 manus
1103 2608 1247 2685 acceptis,
1261 2608 1345 2667 dato

245 2718 303 2777 qne
313 2697 508 2778 jurejurando
516 2703 654 2767 testatus,
669 2716 701 2755 se
712 2698 791 2757 dona
800 2714 854 2757 nec
865 2699 990 2777 cepisse,
1000 2716 1095 2776 neque
1104 2707 1260 2775 capturum
1271 2717 1347 2771 esse,

226 2784 319 2850 'deos
329 2784 521 2868 jurisjurandi
543 2789 681 2868 praesides
706 2791 882 2862 obtestatus,
899 2799 929 2848 et
949 2789 1068 2848 exitium
1089 2790 1144 2848 sibi
1166 2790 1223 2869 ipsi
1241 2790 1345 2868 impre-

242 2892 343 2956 catus,
356 2882 519 2941 celarerrou
529 2881 633 2959 potuit,
647 2899 707 2941 sea
722 2867 889 2941 Leuconide
903 2881 1168 2941 Philotadisaffine
1181 2884 1234 2961 per
1248 2882 1345 2943 Phile-

246 2994 364 3034 monem
384 2972 559 3033 histrionem
575 2993 632 3031 xx.
653 2968 748 3033 minas
773 2975 935 3053 accepisse,
951 2994 1026 3053 quas
1045 2975 1151 3053 exiguo
1170 2984 1304 3055 ternpore
1317 2975 1345 3035 in

242 3062 438 3127 ‘Philoxenum
454 3065 634 3125 meretricem
647 3065 799 3143 impendit.
820 3066 869 3124 Sic
887 3071 918 3125 et
930 3067 1138 3144 prevaricatus
1151 3078 1208 3138 est,
1224 3078 1256 3127 et
1268 3068 1346 3148 peje-

245 3159 330 3219 ravit.
352 3160 397 3217 Ac
412 3166 445 3217 ut
457 3174 526 3231 vera
538 3158 636 3217 dicere
649 3176 695 3217 rue
706 3167 830 3229 constet,
843 3177 918 3218 voca
929 3158 999 3217 mihi
1012 3160 1223 3234 Philemonem,
1239 3162 1290 3240 qui
1305 3178 1345 3221 ar·

180 3316 182 3321 ,
244 3250 368 3329 ¹gentum
382 3250 536 3311 Timarcho
555 3249 647 3338 dedit,
665 3253 695 3309 e't
712 3250 909 3310 Leucouidem
928 3249 1092 3310 Philotadis
1104 3252 1236 3324 affinem,
1252 3263 1284 3312 et
1295 3273 1346 3333 pa-

241 3344 355 3404 ctionis
365 3344 531 3423 exemplum
544 3344 645 3417 recita,
659 3353 694 3402 ut
702 3342 823 3404 videant
835 3361 895 3421 qno
905 3353 992 3423 paeto
1005 3364 1123 3405 causam
1132 3346 1308 3407 vendiderit

551 3488 857 3596 rasumomuh.
884 3528 1046 3596 uncum.

289 3686 339 3744 25.
361 3682 465 3752 Qualis
478 3682 604 3763 igiturin
618 3684 696 3745 cives
706 3695 736 3746 et
749 3696 891 3767 cognatos
906 3705 975 3746 suos
984 3686 1084 3758 fuerit,
1097 3695 1130 3745 et
1140 3687 1348 3769 patrimonium

246 3788 334 3855 quam
346 3777 469 3855 turpiter
483 3776 689 3855 absumpserit,
702 3787 731 3838 et
746 3789 780 3837 ut
792 3798 879 3837 suum
892 3798 998 3857 eorpus
1012 3778 1089 3839 affici
1101 3780 1216 3857 probris
1230 3800 1291 3841 nou
1303 3802 1347 3842 rc

246 3867 368 3943 curarit,
378 3869 408 3928 id
421 3868 536 3947 quidem
552 3869 688 3940 acuistis,
701 3870 780 3949 prius
794 3872 884 3931 etiam
897 3891 985 3950 quarn
998 3887 1056 3949 ego
1070 3872 1231 3933 dixissemr
1253 3876 1308 3934 sed
1320 3884 1350 3935 et

246 3980 314 4021 mea
325 3980 379 4021 vos
397 3961 500 4033 oratio,
520 3971 663 4041 quantum
683 3964 754 4022 satis
773 3973 829 4037 est,
851 3964 1085 4027 commonefecit.
1115 3965 1246 4043 Reliqua
1261 3986 1350 4047 porro

238 4053 319 4113 mihi
333 4052 393 4113 duo
407 4063 476 4113 suut
488 4055 684 4114 accusationis
704 4073 832 4133 genera:
852 4056 891 4115 de
907 4056 1014 4135 quibus
1034 4066 1070 4116 ut
1081 4067 1113 4116 et
1125 4078 1183 4137 ego
1195 4057 1239 4118 ita
1250 4061 1350 4120 dicere

247 4156 355 4225 queam
368 4164 423 4225 pro
431 4146 589 4223 republica,
601 4156 635 4205 ut
647 4147 768 4220 institui,
783 4147 855 4208 deos
867 4148 1046 4209 immortales
1058 4168 1181 4228 precor:
1201 4160 1234 4210 et
1245 4166 1303 4212 vos
1314 4172 1351 4212 en

246 4246 315 4313 quae
329 4238 462 4297 dicturus
479 4246 682 4309 remetiente
701 4248 789 4317 atque
802 4240 998 4320 intelligenter
1016 4241 1117 4301 audire
1131 4240 1247 4302 vellem.
1267 4244 1350 4303 Con·

241 4325 326 4385 tinet
332 4336 429 4388 autem
444 4327 521 4407 prior
534 4342 600 4387 mee
614 4330 705 4389 oratio
717 4333 976 4409 praenarrationem
990 4334 1181 4405 defensionis,
1191 4353 1293 4414 qum
1306 4337 1352 4395 in·

241 4417 381 4480 stanam
390 4441 457 4483 esse
465 4422 573 4484 audior
595 4440 632 4485 na
642 4438 679 4485 es
687 4426 893 4505 praearmare,
903 4428 931 4489 is
943 4418 1266 4509 qulemmsmnuem
1281 4430 1355 4491 adc-
