2967 4950
3 4456 12 4498 l

502 313 548 378 ru
564 267 953 389 crrsrrrrorrrsrt'
1214 308 1256 398 ‘tt
1333 257 1343 400 ἡ,

164 486 167 492 ’
192 467 244 528 31.
267 439 351 541 liuto,
363 474 396 528 at
409 470 487 528 enim
500 470 591 530 aeneis
604 480 636 531 et
648 470 855 547 adamantinis,
868 481 903 532 ut
915 467 979 552 ipse
989 475 1093 548 jactat,
1106 471 1197 530 rumis
1209 481 1258 538 res

149 560 273 638 gionem
282 569 412 621 nostram
422 563 554 636 munivit,
564 563 743 623 Euboeorum
755 583 790 625 ac
800 565 1006 627 Thebanorum
1020 565 1169 624 societate.
1194 564 1258 640 lmo
1277 633 1280 638 Ι

154 671 234 726 vero,
248 653 459 725 Athenienses,
473 664 533 715 tres
542 657 724 734 -ffavissimte
737 657 795 716 hac
808 658 837 716 in
852 677 882 716 re
895 657 1007 736 injuriae
1020 656 1140 716 omnino
1156 655 1258 736 insciis

154 743 239 802 robis
255 754 326 804 sunt
339 745 439 807 illatae.
461 747 638 826 Quanquam
648 756 754 822 ,autern
779 749 818 808 ad
836 750 938 810 miram
953 749 1034 809 illam
1053 748 1258 828 Thebanorum

144 835 330 895 societatem
343 837 546 915 explicandam
560 838 704 911 festinem,
718 849 817 898 tamen
832 850 865 904 ut
879 861 933 900 suo
944 859 1069 919 quaeque
1079 839 1146 899 loco
1158 857 1258 918 perse·

156 945 242 1004 quar,
254 927 432 987 Euboeorum
441 929 566 1008 primum
575 931 752 991 mentionem
762 931 879 992 faciam.
902 932 1007 991 Multis
1018 951 1073 991 vos
1088 951 1123 1009 ac
1133 931 1259 1008 magnis,

97 1023 100 1028 '
158 1020 374 1092 Athenienses,
388 1019 486 1081 affecti
499 1023 610 1102 injuriis
623 1034 686 1083 tum
708 1043 726 1084 a
740 1023 920 1084 Mnesarcho
935 1024 1135 1097 Chalcidensi,
1156 1023 1260 1082 Calliae

150 1111 413 1170 ·et''l'aurostheuis
426 1123 521 1190 patre,
536 1133 610 1190 quoe
622 1115 678 1174 iste
692 1135 772 1175 nunc
786 1127 908 1194 accepta
926 1117 1061 1176 mercede
1070 1135 1134 1176 ,non
1148 1116 1262 1194 dubitat

115 1223 121 1228 ·
159 1205 240 1264 cives
252 1203 369 1262 Atticos
391 1203 511 1263 decreto
523 1205 683 1274 nominare,
707 1217 770 1266 tum
790 1205 996 1268 aThemisone
1017 1207 1189 1279 Eretriensi,
1210 1201 1261 1286 qui

158 1297 244 1356 robis
258 1295 340 1374 pacis
355 1304 490 1373 tempore
505 1295 639 1374 Oropum
659 1296 779 1368 ademit,
794 1298 899 1357 horum
917 1311 1017 1358 tamen
1032 1299 1161 1364 omnium
1183 1299 1261 1380 ultro

160 1389 255 1460 obliti,
268 1389 366 1447 statim
380 1407 416 1447 ac
430 1386 564 1447 Thebani
577 1388 608 1453 in
621 1387 769 1448 Enboeem
792 1391 984 1471 trajecissent,
999 1401 1028 1450 ct
1041 1389 1130 1448 urb'es
1148 1395 1209 1465 ejus
1229 1391 1261 1450 in

160 1480 333 1542 servitutem
346 1480 480 1558 redigere
493 1489 681 1552 conarentur,
694 1479 771 1539 intra
785 1482 913 1560 quinque
927 1480 990 1540 dies
1003 1481 1110 1539 Euhoeis
1123 1491 1154 1540 et
1166 1481 1262 1542 classe

91 1645 93 1649 ι
160 1583 193 1632 et
205 1572 391 1651 pedestribus
405 1571 497 1650 copiis
511 1591 597 1650 opem
609 1571 729 1645 tulistis,
744 1576 775 1632 et
787 1573 958 1652 priusquam
971 1572 1090 1650 triginta
1110 1573 1172 1633 dies
1185 1591 1262 1652 prae·

162 1665 311 1737 terierant,
326 1663 484 1724 Thebanos
504 1674 628 1744 accepta
639 1665 697 1723 fide
712 1664 874 1736 dimisistis,
888 1675 919 1724 et
932 1666 1046 1725 Euboea
1063 1663 1146 1744 potiti
1160 1665 1263 1738 urbes-

162 1777 222 1837 que
235 1768 267 1817 et
280 1757 353 1836 reip.
373 1766 483 1817 statum
495 1757 541 1830 iis,
556 1757 606 1836 qui
624 1757 690 1816 haec
705 1757 788 1816 robis
809 1759 1025 1830 commiserant,
1039 1758 1082 1816 uti
1102 1767 1214 1830 rectum
1233 1769 1264 1840 et

158 1852 273 1929 justum
286 1860 360 1920 erat,
373 1849 556 1921 reddidistis,
577 1850 709 1928 iniquum
731 1849 844 1910 scilicet
858 1869 922 1911 esse
932 1849 1002 1924 rati,
1017 1849 1067 1909 ubi
1086 1851 1160 1911 fides
1172 1850 1265 1911 habe·

164 1953 254 2014 retur,
267 1941 426 2001 iracundiae
443 1943 622 2003 meminisse.

125 2110 129 2117 Ι
169 2074 173 2079 -
207 2038 257 2094 32.
272 2037 324 2094 at
336 2055 407 2096 vero
420 2035 510 2094 tantis
524 2037 627 2095 vestris
640 2037 791 2097 beneficiis
810 2036 907 2097 affecti
921 2035 1132 2096 Chalcidenses
1152 2053 1265 2114 nequa·

166 2147 255 2207 quam
268 2147 368 2206 parem
382 2113 464 2187 vobis
479 2127 643 2187 referebant
656 2129 790 2207 gratiam,
805 2129 859 2188 sed
873 2147 940 2188 cum
959 2129 989 2187 in
1007 2129 1151 2188 Euboeam
1165 2127 1265 2206 copias

58 2268 61 2269 ν
150 2219 321 2296 ⁴trajecistis
335 2237 421 2296 opem
443 2218 602 2278 Plutarcho
616 2219 712 2292 laturi,
727 2219 827 2298 primis
847 2219 966 2299 quidem
985 2229 1065 2280 certe
1078 2219 1267 2298 ,temporibus

151 2359 155 2364 ,
167 2312 325 2376 amicitiam
338 2310 525 2391 simulabant,
541 2331 641 2372 verum
657 2313 755 2373 statim
765 2323 798 2370 ut
812 2312 850 2370 ad
862 2312 1008 2392 Tamynas
1017 2311 1223 2390 processimus,
1237 2319 1269 2370 et

40 2454 46 2465 .
118 2446 120 2451 ,
167 2404 334 2485 Cotyloeum
343 2421 431 2481 quem
443 2414 552 2462 vocant
564 2413 693 2463 montem
706 2405 919 2482 superavimus,
934 2404 996 2462 tum
1009 2403 1088 2461 illico
1098 2396 1208 2462 Callias
1219 2403 1269 2464 ille
1342 2412 1346 2418 ’

168 2496 384 2566 Chalcidensis,
392 2514 481 2572 quern
489 2495 704 2573 Demosthenes
714 2506 837 2574 accepta
847 2495 984 2555 mercede
992 2493 1189 2565 collaudabat,
1200 2500 1268 2556 cuin

166 2591 285 2651 videret.
293 2588 419 2647 civitatis
433 2596 542 2646 nostrae
552 2589 713 2648 exercitum
726 2588 757 2645 in
771 2588 924 2665 angustias
933 2588 1077 2665 quasdam
1086 2587 1269 2662 conclusum,

169 2682 248 2742 unde
262 2680 317 2740 nisi
338 2679 439 2759 praelio
453 2679 573 2740 vicisset
585 2680 684 2739 nullus
706 2690 771 2739 erat
790 2680 921 2760 receptui
934 2679 1030 2751 locus,
1041 2680 1122 2739 nulla
1134 2679 1182 2763 vel
1193 2668 1271 2741 terra

169 2775 218 2835 vel
232 2774 306 2836 mari
320 2771 418 2831 auxilii
432 2791 511 2851 spes,
534 2774 559 2831 is
581 2774 701 2850 iuquam,
715 2783 820 2833 coacto
839 2792 876 2831 ex
898 2772 976 2832 omni
996 2773 1111 2857 Euboea
1131 2776 1270 2848 exercitu,
1340 2851 1341 2857 ἵ

113 2876 115 2879 ’
170 2866 319 2946 copiisque
343 2886 362 2925 a
374 2864 511 2943 Philippo
524 2866 685 2942 accersitis,
700 2875 729 2923 et
741 2865 826 2923 simul
842 2884 910 2925 cum
924 2883 959 2923 eo
973 2865 1062 2925 irater
1079 2866 1143 2945 ejus
1158 2866 1269 2926 Tauro-

171 2961 302 3028 stbenes,
323 2958 375 3036 qui
395 2977 476 3025 nunc
489 2957 624 3017 omuibus
642 2958 774 3021 dextram
793 2956 914 3035 porrigit
938 2964 1027 3033 atque
1049 2956 1167 3028 arridet,
1184 2959 1272 3040 traje-

171 3052 228 3113 ctis
254 3050 455 3109 Phocensibus
478 3049 673 3119 mercenariis,
690 3048 721 3106 in
741 3067 794 3107 vos
813 3047 953 3127 impetum
976 3046 1110 3106 lecerunt
1130 3057 1270 3127 tauquam

170 3142 304 3205 funditus
318 3142 452 3201 deleturi.
481 3142 569 3207 Quod
581 3140 637 3200 nisi
650 3140 775 3220 primurn
785 3139 907 3199 deorum
921 3138 1025 3217 aliquis
1038 3140 1196 3197 exercitum
1211 3142 1272 3199 ser-
1360 3140 1363 3158 '

172 3247 282 3307 vasset,
297 3235 418 3312 deiude,
427 3235 535 3297 milites
548 3233 648 3305 vestri,
662 3232 787 3311 pedites
799 3242 886 3311 atque
907 3232 1030 3309 equites,
1045 3251 1076 3291 se
1091 3231 1167 3291 viros
1182 3231 1271 3312 fortes

157 3328 376 3410 prebuissent,
390 3337 420 3386 et
428 3331 516 3402 juxta
529 3326 649 3391 Circum
662 3334 827 3404 equestrem
841 3324 880 3384 ad
893 3325 1041 3404 Tamynas
1052 3319 1170 3383 collatis
1180 3324 1272 3403 signis

172 3421 323 3491 vicissent,
337 3406 478 3477 'hostibus
493 3420 655 3494 supplicibus
669 3418 746 3478 data
752 3417 818 3481 fide,
826 3416 962 3487 dimissis,
975 3415 1095 3477 omnino
1110 3416 1274 3499 periculum
1323 3466 1328 3485 ,

173 3514 232 3573 fuit
244 3531 282 3570 ne
296 3509 399 3569 civitas
414 3520 515 3569 nostm
527 3506 732 3588 gravissimum
747 3509 876 3569 dedecus
891 3501 1012 3568 subiret.
1036 3507 1142 3585 Neque
1156 3510 1274 3569 enim'iu

173 3604 259 3665 bellis
276 3602 401 3661 adverso
417 3600 517 3659 Marte
531 3621 663 3685 pugnare
676 3602 837 3665 maximum
852 3611 900 3660 est
912 3600 1042 3660 malum:
1070 3600 1124 3658 sed
1142 3602 1192 3659 ubi
1208 3602 1274 3680 quis

173 3717 244 3759 cum
258 3693 432 3754 adversariis
446 3712 477 3751 se
487 3692 615 3770 indignis
628 3710 807 3769 congressus
822 3691 939 3751 excidat
947 3691 1078 3763 victoria,
1087 3690 1206 3751 dubium
1215 3712 1276 3753 nun

176 3801 223 3851 est
243 3780 675 3865 conduplicaricalamitatem.
712 3784 776 3843 Vos
797 3793 909 3852 tamen,
933 3782 1040 3841 talibus
1064 3782 1175 3862 injuriis
1191 3803 1276 3845 acce·

175 3882 247 3962 ptis,
258 3882 363 3941 iterum
376 3896 428 3938 eos
441 3877 472 3935 in
486 3876 610 3956 gratiam
623 3876 788 3956 recepistis,
1271 3892 1276 3903 ·

218 3978 268 4035 33.
294 3972 405 4033 Callias
418 3990 488 4031 vero
511 3962 737 4040 Chalcidensis,
749 3986 817 4027 cum
834 3966 890 4027 sibi
911 3966 1025 4027 a-vobis
1050 3969 1164 4027 veniam
1186 3967 1276 4048 impe-¹

175 4075 295 4137 nasset,
303 4064 390 4124 brevi
404 4070 612 4141 posttempore
626 4059 665 4119 ad
678 4059 826 4138 ingenium
840 4059 1028 4137 remi-grabai,
1037 4078 1108 4118 cum
1123 4059 1201 4117 enim
1216 4059 1276 4118 Eu-

175 4162 295 4222 boicum
316 4157 481 4217 concilium·
496 4157 585 4216 verbo
599 4147 775 4213 Chalcidem
791 4162 975 4226 convocaret,
994 4172 1026 4211 re
1045 4170 1115 4210 vera
1135 4150 1277 4213 Eubceatn

179 4262 284 4315 muna
300 4269 355 4311 vos
363 4250 529 4321 muniebat,
550 4246 754 4325 insignemque
772 4244 825 4304 sibi
846 4244 1078 4307 dominationem<
1092 4239 1277 4322 compararint

178 4346 220 4406 Et
232 4346 296 4425 ejus
309 4340 477 4403 obtinendas
491 4338 722 4419 adjutoremsibi
736 4338 868 4407 futurum
881 4338 1048 4417 Philippum
1063 4354 1193 4415 sperans,
1208 4337 1279 4397 abiit

179 4438 213 4500 iu
230 4436 450 4510 Macedoniam,
463 4444 577 4502 etcum
590 4431 851 4520 Philippo-passim
870 4430 1089 4511 prolectusest,
1102 4438 1134 4491 et
1149 4430 1180 4491 iu
1193 4429 1279 4499 fami·
1372 4528 1379 4541 .
1419 4518 1423 4528 ι
