2967 4950
614 345 842 419 EPIS'FOLAE,
1145 371 1150 379 ·
1217 339 1277 403 84³

173 500 357 561 decrevistis.
383 500 494 562 ,Miror
513 512 621 576 antem,
636 506 660 564 si
679 524 767 566 nemo
779 513 911 566 vestrum
934 484 1156 583 cogitat-turpe
1166 517 1231 559 esse
1243 508 1278 557 ut

172 594 305 673 popolus
328 594 527 668 Atheniensis,
551 596 703 675 sapientiae
730 599 931 676 doctrinaeque
954 595 1096 676 opinione
1131 602 1277 673 prestans

176 685 381 757 omnibus-ad
395 706 480 766 quem
503 689 532 746 in
548 689 763 750 calamitatibus
777 700 918 771 tanquam
933 690 970 749 ad
990 705 1145 749 commune
1161 685 1278 763 asylum
1303 682 1312 726 ἶ

176 779 299 858 confugi
320 780 405 849 solet,
421 779 555 860 Philippo
579 781 764 842 inhumanior
786 783 928 856 videatur,
942 782 993 863 qui
1011 782 1108 856 (ut-iu
1132 785 1279 858 potestate

176 871 260 949 regia
272 872 429 931 educatum
444 872 592 951 probabile
606 879 665 948 est)
678 896 695 935 a
709 877 826 935 nemine
844 876 1024 945 admonitus,
1038 883 1135 933 umen
1150 889 1217 931 curn
1232 887 1279 927 se·

177 962 359 1022 cundissima
376 964 494 1024 fortuna
507 985 580 1025 usus
594 976 683 1039 esset,
697 967 887 1027 humanitatis
902 986 934 1025 se
948 965 1073 1025 maxime
1087 961 1153 1024 esse
1169 979 1280 1021 memo·

177 1076 243 1116 rem
256 1066 387 1136 oportere
400 1057 523 1131 censuit,
538 1068 568 1119 et
583 1061 621 1119 ab
635 1060 668 1121 iis
682 1062 732 1140 qui
747 1062 992 1139 adversus-ipsum
1007 1058 1037 1117 in
1052 1058 1116 1117 acie
1131 1063 1281 1125 steterant,

179 1157 293 1208 etcum
312 1148 419 1228 quibus
434 1150 471 1209 de
491 1169 605 1211 summa
618 1170 712 1212 reruni
727 1153 982 1232 depugnasse-qui
1001 1160 1033 1209 et
1050 1150 1162 1230 cujates
1181 1160 1283 1208 essent
1326 1211 1329 1215 ,

179 1259 278 1319 neque
291 1242 456 1321 perquirere
470 1261 566 1322 neque
586 1243 708 1323 prodere
721 1265 812 1305 ausus
829 1266 837 1305 ι
857 1245 974 1316 etenim,
984 1253 1017 1302 ut
1029 1252 1161 1322 apparet,
1174 1260 1234 1307 non
1248 1250 1284 1299 ut

179 1331 312 1414 plerique
326 1334 416 1395 vestri
430 1346 567 1407 oratores,
578 1336 681 1397 εαάεω
695 1338 725 1395 in
744 1357 848 1398 omnes
862 1356 927 1397 esse
940 1333 984 1396 vel
1002 1335 1087 1415 justa
1097 1334 1144 1394 vel
1156 1333 1283 1393 honesta

178 1427 315 1506 putebat,
336 1428 389 1487 sed
408 1427 520 1487 ratione
534 1428 641 1489 *habite
664 1429 816 1510 dignitatis
832 1430 920 1490 etiam
944 1428 1014 1488 talia
1037 1424 1232 1487 concludebat
1252 1433 1285 1483 et

180 1500 370 1580 decembbtit.
406 1521 473 1578 »Vos
486 1529 593 1594 auum,
607 1524 658 1602 qui
673 1522 742 1583 estis
757 1523 964 1592 Athenienses,
978 1530 1008 1580 et
1023 1520 1137 1596 liberali
1150 1517 1284 1579 doctrina

181 1612 329 1691 perpoliti,
349 1633 416 1691 qnoe
430 1612 564 1692 stupidos
578 1614 665 1674 etiam
685 1617 801 1676 efficere
813 1615 979 1675 tolerabiles
998 1621 1128 1694 putatur,
1148 1611 1286 1691 primum,

181 1704 421 1784 quodomnium·
435 1705 648 1786 iniquissimum
669 1718 726 1781 est,
747 1726 988 1786 quarumrerum
1012 1715 1124 1785 patrem
1144 1711 1286 1763 accusant

181 1796 315 1875 quidam,
324 1798 362 1857 ob
374 1818 424 1858 eus
436 1798 511 1859 lilios
520 1801 556 1858 -in
566 1797 686 1860 vincula
698 1800 884 1876 coniecistis3
905 1798 1050 1877 atque-ita
1063 1817 1150 1877 agere
1163 1795 1285 1876 perinde

183 1908 253 1950 esse
272 1889 378 1962 dicitis,
393 1910 428 1951 ac
443 1892 467 1951 si
482 1892 680 1969 equalitatem
701 1895 730 1952 iu
751 1894 930 1973 ponderibus
946 1904 997 1952 aut
1017 1891 1161 1951 mensuris
1175 1908 1286 1968 quaere·

183 1982 267 2075 retis,
278 1993 308 2043 et
320 2001 380 2043 uon
400 1982 575 2045 derisorum
590 1986 724 2046 instituto
738 1987 806 2046 uitae
819 1996 851 2046 et
863 1988 974 2046 ratione
984 1984 1153 2065 reipublicae
1167 1982 1287 2043 consul·

185 2076 308 2135 teretis:
330 2075 359 2134 in
381 2095 439 2155 qua
452 2077 570 2155 quidem
590 2078 786 2158 inquisitione,
800 2080 825 2139 si
838 2080 917 2140 bona
930 2090 962 2139 et
974 2078 1127 2158 popularia
1140 2087 1171 2135 et
1188 2075 1287 2135 studio

186 2168 369 2251 Reipublicae
387 2171 526 2251 juvandae
545 2184 683 2254 suscepta
704 2175 830 2255 Lycurgi
845 2184 911 2235 acta
924 2174 1111 2245 ridebuntur,
1124 2190 1185 2230 non
1198 2169 1287 2229 modo

186 2264 270 2323 nullo
285 2263 360 2325 affici
374 2267 462 2337 malo,
476 2265 529 2326 sed
542 2268 692 2345 quibusvis
710 2269 824 2328 anobis
842 2269 937 2329 ornari
958 2266 1109 2327 beneficiis
1128 2270 1192 2342 ejus
1213 2264 1287 2324 libe·

188 2376 247 2428 ros,
261 2376 379 2436 aequum
401 2368 463 2429 est;
484 2358 528 2418 sin
544 2360 698 2430 contraria,
716 2361 810 2431 illum,
831 2362 901 2420 dum
915 2360 1034 2432 viveret,
1051 2378 1156 2440 poenas
1169 2355 1288 2417 dedisse

187 2450 326 2529 oportuit,
335 2450 390 2511 hos
403 2470 472 2510 vero
485 2471 523 2512 ne
537 2451 716 2532 sicquidem,
730 2462 850 2532 propter
864 2452 981 2532 objecta
992 2451 1068 2533 patri
1083 2471 1101 2512 a
1115 2448 1287 2531 quibusdam

187 2543 320 2615 crimina,
335 2559 393 2624 per
400 2545 580 2604 iracundiam
594 2546 694 2624 plecti.
721 2547 866 2606 Omnibus
883 2547 960 2606 enim
974 2547 1103 2607 omnium
1116 2546 1288 2604 delictorum

190 2636 273 2715 quasi
291 2646 368 2695 meta
382 2646 426 2696 est
438 2637 545 2696 obitus.
587 2637 675 2705 Quod
695 2635 719 2698 si
741 2638 800 2698 hoc
818 2638 897 2697 eritis
921 2639 1028 2710 animo,
1040 2647 1076 2697 ut
1088 2637 1177 2716 aliqui
1190 2636 1291 2717 populi

191 2729 332 2789 studiosis
345 2729 410 2788 irati
429 2749 466 2789 ne
482 2749 548 2789 cum
561 2731 680 2791 mortuis
701 2732 817 2810 quidem
833 2731 867 2790 -in
882 2732 1004 2810 gratiam
1019 2730 1152 2800 redeant,
1165 2730 1218 2790 sed
1235 2730 1290 2789 ini·

190 2821 316 2880 micities
330 2821 416 2880 etiam
430 2821 467 2881 ad
482 2821 590 2882 liberos
605 2843 699 2903 usque
720 2834 887 2904 propagent
899 2825 1075 2904 tradentque
1089 2823 1221 2902 posteris,
1238 2843 1291 2902 po·

190 2913 280 2994 pulus
304 2923 412 2986 autem,
427 2915 511 2994 cujus
531 2936 650 2976 causam
669 2918 778 2996 quique
802 2917 958 2997 populares
978 2926 1081 2997 agunt,
1097 2918 1166 2975 dum
1187 2916 1291 2976 horum

189 3024 281 3085 opera
289 3007 392 3075 utitur,
405 3008 613 3068 beneficiorum
627 3009 799 3081 meminerit,
818 3020 922 3088 postea
943 3009 1129 3082 floccifaciat,
1150 3008 1223 3067 nihil
1236 3009 1293 3068 erit

192 3098 326 3159 miserius
340 3119 425 3177 quarn
440 3100 543 3180 populi
558 3101 632 3161 tueri
647 3111 756 3181 partes.
797 3103 886 3171 Quod
907 3102 931 3160 si
950 3102 1108 3162 Moerocles
1123 3100 1293 3179 respondet,
1356 3139 1362 3147 -

190 3192 257 3252 haec
277 3193 426 3270 argutione
439 3211 505 3252 esse
518 3211 605 3271 quam
621 3213 687 3271 quoe
700 3194 856 3273 intelligat,
871 3213 904 3253 se
918 3214 986 3255 vero
1000 3214 1061 3266 eos,
1076 3205 1109 3253 ut
1126 3213 1166 3252 ne
1179 3191 1292 3272 effuge·

191 3295 266 3353 rent,
281 3285 312 3343 in
334 3303 480 3344 carcerem
505 3287 699 3365 compegisse,
714 3287 869 3366 quaeritote
893 3307 930 3346 ex
953 3307 999 3358 eo,
1023 3304 1089 3346 cum
1113 3287 1243 3345 Taureae
1261 3296 1293 3346 et

193 3375 331 3435 Patiscus
349 3386 380 3435 et
403 3375 586 3456 Aristogiton
607 3387 693 3458 atque
713 3379 775 3457 ipse
796 3377 826 3436 in
846 3397 992 3438 carcerem
1006 3378 1102 3437 traditi
1124 3396 1184 3437 non
1203 3377 1293 3437 modo

190 3471 282 3531 vincti
295 3491 356 3530 non
368 3471 477 3531 fuerint
490 3473 544 3531 sed
559 3484 589 3532 et
602 3473 759 3533 conciones
773 3474 937 3543 habuerint,
959 3493 1013 3533 cur
1026 3473 1110 3533 istam
1126 3474 1293 3552 aequitatem

191 3583 252 3624 non
266 3564 457 3643 perspexerit.
476 3562 479 3568 ’
500 3564 552 3623 Sin
571 3585 603 3624 se
623 3575 684 3624 tum
700 3566 871 3645 magistratu
885 3566 1002 3645 quidem
1014 3585 1081 3628 esse
1096 3567 1229 3626 iunctum
1250 3566 1294 3625 di·

192 3667 250 3727 cet,
266 3657 320 3716 sed
342 3657 487 3716 orationes
509 3657 539 3715 in
562 3657 681 3737 publico
704 3679 765 3718 non
779 3660 928 3732 habuisse,
943 3660 1031 3737 idque
1054 3660 1226 3739 permissum
1242 3659 1296 3718 sibi

191 3748 286 3808 fuisse
300 3749 434 3828 legibus:
455 3769 573 3828 aequum
597 3769 663 3810 esse
687 3753 737 3830 qui
762 3762 870 3831 potest,
891 3761 924 3810 ut
944 3751 1116 3830 magistratu
1136 3752 1296 3830 iungantur

194 3841 235 3915 hi,
249 3842 355 3922 quibus
369 3843 458 3901 rerba
480 3843 576 3901 iacere
599 3862 659 3902 non
683 3844 762 3915 licet,
786 3844 828 3903 illi
843 3863 912 3905 vero
932 3844 962 3901 in
985 3843 1110 3903 vinculis
1129 3854 1295 3919 teneantur,

192 3955 319 4015 quorum
334 3934 371 3996 de
388 3936 470 3994 vobis
486 3953 565 4014 saepe
577 3937 653 3995 bene
671 3937 790 3996 meritus
808 3937 863 3996 fuit
875 3935 979 4015 pater?
1009 3936 1074 4017 Ego
1093 3938 1212 4016 quidem
1233 3937 1296 3995 haec

193 4028 374 4108 conjungere
395 4038 425 4086 et
443 4027 620 4088 concludere
645 4047 704 4088 non
735 4049 874 4108 possum:
909 4029 963 4087 nisi
983 4028 1041 4089 hoc
1064 4029 1182 4108 publice
1209 4027 1297 4086 vultis

194 4120 363 4190 ostendere,
377 4129 407 4180 et
431 4121 605 4181 vaecordiam
630 4132 660 4181 et
681 4122 889 4200 impudentiam
909 4131 940 4181 et
957 4121 1172 4182 affectationem
1191 4120 1297 4198 impro-

196 4214 296 4274 bitatis
310 4213 472 4273 incivitate
487 4213 584 4273 valere
598 4224 627 4273 et
640 4216 781 4295 majorem
802 4215 910 4274 habere
925 4235 1004 4295 spem
1019 4213 1238 4285 incolumitatis,
1252 4233 1298 4286 ac,

164 4353 167 4360 .
197 4305 302 4384 siquid
317 4325 403 4365 secus
416 4305 564 4378 acciderit,
579 4306 652 4365 tales
667 4306 795 4376 absolvi;
811 4308 959 4368 meliorem
978 4319 1075 4367 autern
1090 4305 1163 4365 tueri
1183 4315 1299 4384 partem

197 4397 346 4478 vitamque
368 4399 530 4459 modestam
545 4411 575 4458 et
594 4400 766 4479 popularem
783 4401 935 4462 instituere
953 4401 1149 4481 periculosum
1162 4420 1238 4472 esse,
1254 4418 1300 4473 ac,
