2967 4950
106 354 108 359 ,
209 275 274 356 ‘rso
655 297 870 362 mscmms

215 462 247 512 et
258 472 306 514 res
317 447 492 533 postularat,
506 464 537 515 et
558 474 612 515 vos
626 457 777 538 peteretis.
800 456 921 535 Alioqui
933 473 976 516 ne
991 455 1175 519 familiarium
1195 457 1310 537 quidem

214 543 361 623 aliquibus
374 546 459 607 facile
474 565 542 608 esse
553 547 678 608 suadere
692 549 904 620 existimabam,
919 549 1027 614 nedum
1039 549 1168 636 ιιιιιιιιι
1190 560 1220 611 et
1234 552 1311 612 vobis

214 657 279 698 erae
296 638 378 700 ‘alios
409 640 460 720 qui
479 640 648 721 reipublicae
667 640 794 702 dicendo
816 641 991 722 agendoque
1012 642 1164 702 consulere
1185 631 1311 721 possent.

216 730 335 810 Reliqui
347 731 426 792 enim
438 752 497 793 non
511 752 633 815 paucos.
674 733 735 794 Sed
749 733 818 813 quia
831 753 932 796 eorum
947 734 996 794 alii
1014 735 1160 820 obierunt,
1174 736 1297 795 multi'
1277 756 1312 796 ιι

123 853 134 874 x
215 823 275 882 mili
289 844 404 885 mecum
424 824 589 888 calamitate
602 835 673 888 sunt
693 827 863 900 conflictati,
878 837 909 887 et
928 828 1093 907 respublica
1105 850 1207 892 eorum
1221 851 1239 890 a
1253 830 1310 908 qui·

214 917 279 976 bus
287 907 462 996 gubemetdr
481 920 604 999 penuria
616 919 741 991 laborat,
742 920 872 980 -audio
883 928 981 1004 autem
995 921 1138 998 quosdam
1149 942 1202 1002 per
1214 922 1325 982 literas

215 1011 334 1070 turbare
345 1020 454 1098 statum
462 1011 630 1074 civitatis-
631 1013 711 1092 ,jam
724 1031 786 1076 non
796 1031 912 1085 recuso,
925 1031 961 1072 ea
974 1031 1041 1090 quae
1044 1011 1121 1084 mihi
1135 1033 1152 1072 e
1167 1013 1311 1117 republica

127 1176 129 1183 y
216 1121 283 1162 esse
302 1087 439 1166 ridentur
452 1124 512 1184 qua
526 1105 590 1164 sola
603 1105 717 1165 ratium
728 1104 808 1178 licet,
822 1124 873 1184 per
886 1104 929 1166 lit
917 1113 995 1166 teras
1010 1105 1167 1184 explicare,
1188 1105 1308 1184 quod
1278 1117 1311 1164 ιι

216 1214 265 1254 me
275 1215 355 1255 nunc
368 1197 458 1256 etiam
466 1197 566 1264 facere
574 1217 642 1258 cum
658 1197 872 1268 Macedonibus
886 1197 1000 1267 dicunt,
1012 1206 1045 1258 et
1056 1197 1138 1258 falsae
1148 1198 1311 1276 legationis,

215 1297 268 1348 aut
275 1287 406 1349 *Groeciae
428 1291 654 1371 proditaayetiam
667 1292 830 1350 'absentem
844 1290 933 1370 aliqui
944 1297 1098 1362 'accusant
1112 1301 1233 1372 paratus
1251 1311 1312 1362 sum

217 1380 295 1441 ultra
312 1392 344 1441 et
364 1382 504 1462 Rhodum
525 1395 556 1444 et
577 1384 742 1444 universam
758 1381 1036 1463 Graeciam‘fugere,
1058 1383 1213 1458 strictam,
1226 1395 1258 1446 et
1278 1385 1313 1444 ad

216 1472 371 1535 Persarum
385 1487 416 1536 et
431 1476 590 1537 Medorum
603 1495 703 1556 regem
714 1477 898 1556 proficiscar:
915 1475 1040 1540 Etsijme
1053 1485 1131 1536 stare
1144 1497 1163 1536 a
1174 1477 1272 1538 Persis
1285 1486 1313 1537 et

216 1569 315 1631 Medis
328 1592 416 1632 nemo
428 1593 558 1653 unquam
570 1573 663 1645 dixit,
671 1583 702 1632 et
715 1573 846 1634 omnium
859 1573 978 1634 minime
993 1573 1220 1634 Demosthenes.
1256 1573 1311 1634 stc

216 1682 253 1722 ne
263 1663 303 1723 ibi
317 1663 436 1741 quidem
450 1685 487 1726 ea
499 1667 625 1726 seribere
640 1666 792 1736 desistam,
809 1687 876 1748 quaa
889 1667 954 1727 nrbi
964 1663 1117 1746 profutura
1126 1666 1310 1746 ridebuntur,

216 1763 275 1817 hon
289 1757 506 1835 gratificaturus
519 1759 613 1829 vobis,
627 1769 663 1818 ut
674 1759 724 1818 alii
738 1759 869 1838 quidem,
880 1760 934 1820 sed
943 1759 1033 1820 libere
1044 1759 1216 1820 moniturus.
1252 1759 1316 1818 Scie

214 1850 327 1908 endum
346 1852 423 1910 enim
437 1863 493 1926 est,
511 1873 564 1913 eos
578 1853 779 1932 magistratus,
794 1853 844 1931 qui
866 1853 960 1932 magis
974 1853 1129 1933 objurgare
1149 1857 1211 1925 vot,
1226 1871 1311 1930 quam

215 1941 339 2019 gratiam
351 1946 481 2001 'vestram
494 1945 638 2020 'aucupari
653 1942 745 2000 videri
764 1943 878 2012 volunt,
893 1944 1016 2000 maxime
1031 1943 1070 1999 ad
1084 1944 1208 2020 gratiam
1222 1944 1313 2022 loqui,

214 2034 331 2095 delecta
341 2053 385 2093 'ea
397 2025 567 2110 assentandi
577 2034 636 2102 ria,
650 2053 718 2112 quaa
739 2035 796 2092 sub
817 2034 985 2092 velamento
1000 2032 1141 2094 libertatis
1161 2034 1312 2095 delitescat

214 2133 324 2187 —ssnam
342 2127 408 2186 brec
424 2137 483 2186 ¹est
505 2125 689 2205 gratificandi
710 2127 877 2187 civibus-et
898 2125 1020 2186 ducibus
1047 2127 1096 2187 ria
1118 2128 1210 2188 multo
1232 2129 1314 2188 mali-
1353 2185 1356 2192 ,

214 2221 367 2290 ιιοιιὸιω,
388 2223 477 2300 quain
497 2219 620 2298 ingressi
637 2219 758 2297 quidam
778 2219 984 2291 Athenisme
1003 2228 1034 2279 et
1051 2219 1247 2301 adhuc‘apud
1263 2226 1315 2282 vo's

214 2315 381 2402 superstite,
394 2313 436 2373 sic
449 2312 527 2372 euim
541 2313 612 2372 mihi
625 2312 784 2372 dicendum
797 2321 853 2383 est,
867 2321 897 2372 et
914 2317 1006 2388 nunc,
1024 2317 1168 2390 quantum
1183 2313 1212 2373 in
1224 2315 1313 2374 'rob'm
1409 2313 1413 2324 '

214 2418 270 2480 est,
294 2418 421 2480 mortuo,
441 2407 570 2469 nestram
590 2405 714 2486 culpant
732 2405 891 2485 ignaviam,
913 2416 960 2493 ut¹
972 2405 1022 2485 qui
1049 2405 1147 2466 nolitis
1162 2409 1314 2487 ‘imperare

216 2502 353 2573 G'raecioe,
366 2502 449 2561 etad
462 2501 657 2581 principatum
676 2499 879 2574 adhortantur,
893 2509 928 2560 ut
939 2502 1027 2579 quem
1041 2498 1172 2577 obtinere
1185 2501 1312 2580 possitis.

215 2595 277 2654 Vos
290 2613 361 2653 vero
377 2595 464 2654 malle
479 2592 594 2654 debetis
610 2594 678 2654 cum
692 2591 828 2673 opinione
848 2592 974 2672 ignaviae
986 2593 1078 2652 rideri
1093 2592 1207 2654 Gr'oeois
1224 2594 1313 2674 impe·-

214 2707 279 2747 rare
293 2707 392 2767 posse,
407 2706 506 2765 quam,
523 2697 639 2747 retenta
651 2698 749 2746 vestra
762 2686 923 2759 alacritate,
932 2685 1051 2746 ¹viribus
1064 2686 1194 2747 destitui.
1220 2688 1313 2747 Audio

214 2779 465 2853 emm,Alxandro
475 2778 628 2850 defuneto,
638 2778 783 2857 quosdam
800 2778 945 2839 exhortari
955 2798 1008 2839 vos
1019 2778 1164 2838 adrerum
1175 2796 1312 2839 horarum

166 2948 170 2954 .
214 2872 364 2935 studium:
385 2890 529 2951 ego‘rero
545 2868 585 2931 'ea
602 2870 746 2938 merobis
760 2870 883 2932 suadere
903 2871 1017 2945 vellem,
1029 2892 1106 2951 *quae
1120 2872 1152 2931 in
1168 2882 1313 2951 postemm

213 2966 395 3047 prodessent.
434 2964 542 3045 Neque
565 2965 643 3037 enim
662 2964 845 3043 ignorabam,
865 2973 958 3029 testor
971 2964 1076 3025 Jov'em
1092 2964 1314 3044 optimumma-

214 3060 336 3133 ximum,
349 3057 530 3137 ¹ceterosque
543 3058 629 3130 deos,
637 3058 826 3136 magnificum
847 3073 922 3129 esse,
932 3082 934 3091 ·
943 3058 1083 3117 barbaros
1098 3060 1243 3134 perpetuo
1262 3076 1314 3137 op-

199 3168 359 3232 pugnare,
371 3160 403 3211 et
414 3150 540 3210 Graecos
553 3150 583 3209 in
593 3172 596 3177 ·
606 3149 773 3209 libertatem
785 3148 944 3220 vindicare,
964 3157 995 3206 et
1005 3146 1073 3206 ¹hoc
1096 3156 1213 3225 patrum
1227 3150 1315 3209 etiam

213 3257 377 3305 nostrorum
390 3244 480 3303 fuisse
491 3243 675 3301 institutum:
696 3259 805 3311 rerum,
816 3248 850 3299 at
862 3239 974 3318 optima
984 3258 1109 3317 quaeque
1120 3238 1229 3315 velitis,
1243 3241 1274 3300 id
1286 3242 1316 3301 in

212 3339 318 3396 restris
332 3336 436 3396 animis
446 3332 626 3405 easesitnm,
641 3343 676 3392 ut
692 3341 791 3392 autem
806 3332 928 3409 exsequi
943 3332 1033 3391 etiam
1040 3331 1316 3410 possitis,'secunda

212 3429 301 3489 etiam
314 3425 525 3487 iomuuarobi'a
538 3444 606 3485 essa
619 3444 702 3504 opus.
712 3424 936 3485 ‘Existimabam
949 3422 1112 3503 igitur,³ros
1122 3444 1246 3505 quoque
1255 3446 1317 3489 me·

200 3518 496 3600 ‘miniaseoporter'e,·
507 3537 574 3590 nos,
584 3518 688 3579 etsiad
702 3517 901 3582 Athenienses
914 3516 1087 3597 scribamus,
1102 3517 1140 3577 ad
1149 3537 1202 3577 eos
1219 3530 1319 3581 tame'a

214 3617 343 3676 seribere
351 3611 558 3685 Athenienses,
569 3613 629 3674 non
639 3612 720 3692 apud
733 3630 807 3690 quos
815 3610 1025 3690 rempublicam
1038 3608 1254 3671 Themistocles
1265 3612 1318 3672 ad-

213 3708 399 3780 ministravit,
412 3707 470 3767 sed
480 3705 520 3766 ad
532 3725 597 3779 eos,
609 3704 678 3784 qui,
688 3724 757 3765 cum
771 3703 875 3765 animis
890 3701 982 3763 nihilo
997 3702 1064 3763 sint'
1075 3701 1141 3763 illis
1153 3702 1319 3779 inferiores,

213 3824 274 3864 non
287 3801 408 3863 easdem
420 3801 532 3861 habent
546 3800 584 3860 ad
598 3798 728 3879 gerenda
739 3797 820 3859 bella
840 3795 1008 3859 facultates.
1038 3793 1116 3855 Nam
1130 3796 1182 3874 qui
1200 3796 1321 3858 Graecia

212 3896 305 3976 digna
328 3892 480 3954 scribunt:
500 3892 592 3955 danto
619 3891 701 3952 robis
721 3898 874 3953 trecentas
902 3887 1167 3951 transadacto
1194 3889 1321 3969 triginta

213 3989 304 4050 millia
316 3987 461 4048 talentum
475 3986 598 4065 argenti,
613 3995 643 4045 et
657 3985 720 4044 auri
722 3984 797 4078 puri
811 3984 873 4071 puti
887 3982 942 4043 tria
951 3980 1061 4043 millia·
1083 3980 1216 4042 danto
1188 4002 1321 4044 vrrorum

213 4086 305 4165 &etate
316 4090 347 4139 et
357 4080 460 4139 robore
471 4077 635 4138 florentium
648 4066 763 4138 tantum
777 4066 1026 4169 multitudinem,
1019 4082 1060 4135 ιιι
1063 4074 1149 4135 armis
1155 4074 1225 4154 jam
1234 4095 1321 4136 exer-

181 4215 188 4231 ,
215 4160 389 4233 citatorum:
411 4178 444 4231 et
451 4169 576 4230 suadere
587 4168 843 4250 desinunto-ipsi
851 4162 937 4229 eninr
949 4166 1074 4227 sciemus
1089 4167 1163 4245 quid
1172 4168 1212 4227 sit
1226 4185 1321 4248 agen·

214 4263 296 4330 dum,
309 4262 383 4321 ubi
368 4280 405 4321 aa
417 4272 485 4341 'qu'oe
497 4263 623 4341 p'r'obata
631 4261 717 4321 nobis
732 4261 859 4322 fuerint
843 4260 984 4340 ,exsequi
991 4258 1208 4340 poterimus-,
1219 4268 1321 4341 neque

214 4357 310 4437 nugas
323 4342 446 4431 agunto,
458 4349 567 4417 frastra
579 4346 737 4413 laudandis
746 4352 920 4434 majoribus
921 4352 1047 4451 nostris,
1060 4346 1090 4411 et
1103 4350 1237 4450 regione,
1253 4353 1319 4413 illos

213 4444 245 4504 in
255 4456 334 4506 caet
350 4465 404 4527 pro
417 4458 454 4509 aa
463 4446 557 4515 truse
571 4457 679 4525 ιιιοι,
676 4446 770 4512 etiam
784 4442 889 4515 Deos
881 4458 919 4511 ιιι
931 4444 968 4509 ea
979 4452 1056 4508 ease
1067 4441 1158 4508 ortua.
1184 4442 1322 4527 Rogata
