2967 4950
436 321 602 382 cournu
625 291 976 420 pronvsononuu.
1195 327 1254 388 rae

151 485 191 535 et
203 475 320 535 mulctis
341 493 414 556 quas
431 478 486 557 ipsi
503 479 534 537 in
558 497 589 538 se
604 488 778 548 statuerant,
792 479 818 538 si
839 479 911 558 quid
932 481 1099 554 violassent,
1113 479 1258 560 neglectis

149 567 224 628 item
238 568 352 648 legibus
365 570 476 641 vestris,
489 591 557 650 quae
566 571 672 651 jubent
682 571 873 632 navicularios
887 583 919 632 et
928 584 1060 634 vectores
1076 573 1105 631 in
1119 593 1187 634 eum
1200 573 1256 654 ap·

151 661 261 740 pellere
276 673 434 722 mercatum
448 664 486 724 de
501 684 558 744 quo
578 664 655 724 inter
668 664 747 744 ipsos
767 667 945 740 convenerit,
967 667 1013 728 sin
1027 667 1110 727 aliter
1122 668 1256 742 fecerint,

152 755 289 814 maximis
305 758 397 816 teneri
411 757 515 836 paenis·
1071 765 1074 771 '

196 851 226 906 4.
239 847 311 919 Nos,
325 867 393 908 cum
412 849 535 927 primum
549 849 579 908 id
595 849 705 909 lactum
719 849 894 919 audivimus,
908 871 944 910 ea
961 871 993 910 re
1015 851 1153 931 perculsi,
1167 851 1255 912 istum

152 950 284 1001 totarum
303 942 473 1002 insidiarum
497 942 687 1003 architectum
707 942 908 1013 convenimus,
929 944 1129 1022 indignantes,
1149 957 1258 1026 utpar

155 1044 215 1103 est,
229 1045 258 1092 et
274 1046 485 1112 conquerentes
499 1055 563 1106 nos,
578 1054 644 1094 cum
659 1035 688 1093 in
706 1035 842 1114 pactione
858 1036 955 1095 verbis
968 1038 1076 1114 apertis
1094 1037 1258 1118 pepigisse·

155 1144 235 1196 mus,
251 1145 284 1186 ne
307 1128 388 1186 navis
407 1147 531 1205 usquam
555 1127 611 1186 alio
635 1147 722 1204 quam
744 1129 878 1187 Athenas
898 1127 1067 1206 appelleret,
1079 1149 1171 1208 eaque
1186 1148 1257 1190 cou-

155 1217 267 1278 ditione
289 1219 444 1299 pecuniam
464 1220 700 1290 credidissemus,
720 1221 759 1279 ab
780 1239 818 1279 eo
841 1220 872 1278 in
893 1219 1087 1298 suspicionem
1111 1216 1257 1282 adductos

154 1311 236 1390 apud
260 1331 311 1370 eos
333 1311 383 1390 qui
405 1330 459 1371 nos
478 1310 622 1370 criminari
645 1309 755 1369 vellent
775 1322 807 1370 et
828 1311 935 1378 dicere,
950 1331 1005 1372 nos
1026 1331 1144 1390 quoque
1164 1315 1257 1375 fuisse

154 1403 254 1464 socios
273 1404 410 1464 frumenti
428 1403 567 1463 Rhodum
589 1403 674 1474 vecti,
697 1404 822 1480 graviter
839 1405 978 1476 serentes,
997 1407 1076 1483 quod
1099 1425 1203 1465 navem
1226 1409 1257 1468 in

154 1507 290 1556 noenum
305 1505 475 1566 mercatum,
488 1505 521 1554 ut
534 1495 613 1574 pacti
628 1505 737 1568 essent,
752 1516 811 1556 uon
826 1497 1042 1575 perduxissent.
1071 1499 1147 1558 Cum
1157 1511 1256 1560 autern

156 1588 197 1650 de
211 1588 379 1670 syngrapha
392 1599 422 1649 et
435 1588 545 1664 dejure
560 1587 738 1666 disputando
752 1589 823 1648 nihil
838 1591 1054 1668 proficeremus,
1073 1590 1178 1651 saltem
1192 1612 1257 1652 mu·

155 1689 240 1742 tunm
253 1693 287 1742 et
300 1701 404 1742 usuras
419 1683 456 1742 ab
468 1681 547 1742 initio
560 1681 720 1760 promissas
734 1683 816 1742 reddi
831 1683 913 1742 nobis
927 1684 1152 1763 postulavimus.
1195 1675 1257 1746 leta

155 1785 255 1837 eutem
270 1774 311 1834 ita
324 1774 481 1836 insolenter
494 1774 647 1836 nobiscum
657 1775 727 1854 egit,
742 1787 776 1834 ut
789 1794 893 1834 usuras
907 1777 937 1834 in
952 1779 1123 1857 syngrapha
1130 1781 1256 1859 scriptas

156 1887 191 1930 se
215 1868 351 1928 daturum
378 1878 522 1948 negarctz·
550 1869 574 1927 si
609 1880 706 1928 autem
731 1867 828 1938 vultis,
852 1868 956 1947 iuquit,
983 1871 1115 1949 accipere
1142 1887 1256 1951 partem

156 1981 285 2023 emensae
297 1962 500 2040 navigationis,
516 1961 592 2021 dabo
605 1961 687 2020 vobis
701 1981 806 2020 usuras
821 1959 958 2018 Rhodum
969 1981 1072 2040 usque,
1085 1962 1181 2041 plures
1195 1984 1256 2024 non

156 2054 253 2122 daboz
281 2056 321 2114 sic
341 2054 404 2134 ipse
422 2054 477 2114 sibi
499 2054 580 2134 leges
602 2052 886 2124 sanciebatinonin
901 2053 1069 2132 syngrapha
1087 2057 1257 2134 perscriptis

156 2147 372 2208 conditionibus
386 2150 517 2227 parebat.
555 2147 596 2206 Ut
609 2167 740 2208 veronus
755 2147 826 2205 nihil
839 2147 960 2206 istorum
975 2167 1167 2209 concessuros
1182 2150 1255 2211 dixi·

156 2261 236 2310 mus,
250 2253 429 2321 reputantes,
445 2241 470 2301 si
484 2243 513 2300 id
527 2241 700 2313 faceremus,
714 2240 807 2299 visum
821 2240 854 2299 iri
868 2250 899 2299 et
917 2259 972 2300 nos
988 2240 1126 2299 Rhodum
1141 2243 1257 2303 vexisse

156 2335 349 2406 frumentum,
361 2335 454 2415 magis
469 2335 556 2394 etiam
572 2334 699 2394 instabat
719 2333 775 2394 iste
797 2334 954 2410 multisque
974 2334 1099 2394 testibus
1117 2335 1255 2396 adhibitis
1334 2345 1346 2352 ’“

157 2428 330 2500 accedebat,
354 2440 539 2508 separatum
564 2447 629 2488 esse
654 2428 757 2489 dicens
777 2427 816 2487 ad
837 2426 1018 2487 reddendam
1043 2440 1074 2488 et
1095 2439 1201 2489 sortem
1225 2440 1257 2492 et

154 2543 261 2585 usuras
276 2524 415 2583 Rhodum
436 2543 540 2603 usque,
556 2542 613 2585 non
628 2523 709 2601 quod
731 2522 875 2582 inanimo
888 2521 1016 2592 haberet,
1028 2520 1161 2593 ludices,
1173 2522 1257 2601 quic·

155 2602 245 2697 quam
260 2616 394 2686 reddere,
407 2616 469 2675 sed.
480 2616 560 2694 quod
574 2614 760 2674 existimabat
772 2633 826 2674 uos
841 2614 993 2693 pecuniam
1009 2634 1068 2673 non
1083 2626 1258 2694 accepturos

155 2710 196 2771 ad
207 2710 358 2771 ¹vitandam
373 2709 577 2789 suspicionem.
618 2708 710 2787 quue
727 2727 775 2767 res
789 2708 852 2786 ipsa
867 2707 1034 2767 declaravit.

198 2806 229 2863 5.
253 2802 412 2881 Postquam
435 2802 522 2871 enim,
537 2801 745 2872 Athenienses,
765 2812 926 2860 vestrorum
940 2800 1046 2860 civium
1062 2801 1255 2881 quidam,qui

154 2897 351 2957 sortesortuna
370 2898 598 2968 intervenerant,
608 2897 692 2956 nobis
706 2898 872 2957 suadebant
890 2906 923 2955 ut
943 2898 1023 2976 quod
1041 2898 1158 2957 daretur
1179 2900 1257 2959 aeci·

156 2992 356 3071 peremus,de
380 2990 584 3051 controversiis
609 2990 638 3048 iu
659 2989 804 3069 judicium
830 2989 1005 3057 veniremus,
1029 3008 1132 3047 usuras
1157 3002 1255 3049 autem

159 3082 292 3143 Rhodias
305 3104 362 3144 non
382 3083 599 3143 admitteremus
621 3082 716 3141 donec
732 3082 876 3161 judicium
895 3083 1055 3158 fieret,an
1079 3080 1131 3139 illa
1147 3100 1255 3141 conce·

158 3176 312 3245 debemus,
327 3197 384 3237 non
400 3176 502 3255 ignari,
514 3176 646 3245 ludices,
661 3175 732 3254 quid
755 3194 789 3233 ex
804 3173 971 3254 syngrapha
991 3172 1075 3232 nobis
1089 3172 1255 3247 deberetur,

157 3270 211 3331 sed
226 3270 424 3329 existimantes
440 3270 538 3329 danrni
552 3268 658 3346 aliquid
675 3261 840 3353 laciendum
851 3279 881 3326 et
892 3264 1112 3325 concedendum
1126 3284 1202 3336 esse,
1217 3285 1274 3327 ne·

156 3363 224 3423 lites
237 3364 320 3442 sequi
335 3363 514 3423 videremur:
537 3362 588 3421 sed
601 3362 666 3430 iste,
678 3370 710 3419 ut
725 3380 780 3419 nos
790 3360 827 3420 ad
842 3378 902 3419 rem
917 3360 1057 3419 accedere
1072 3359 1153 3429 vidit,
1163 3360 1255 3423 tollite

156 3457 256 3536 igitur,
270 3455 372 3535 inquit,
388 3455 595 3535 syngrapham.
620 3454 683 3514 Nos
697 3452 852 3514 tollamus?
872 3472 927 3513 nos
936 3452 1008 3510 nihil
1022 3453 1115 3511 minus
1125 3453 1255 3513 facturos

156 3550 387 3630 respondemus:
403 3548 455 3608 sed
469 3548 548 3626 quod
563 3546 601 3607 ad
615 3566 750 3606 nummos
761 3547 908 3615 attineret,
922 3544 1003 3624 quod
1022 3544 1167 3615 redderet,
1182 3545 1257 3605 anti·

156 3656 297 3723 quaturos
310 3661 419 3703 coram.
429 3642 571 3702 rnensario
584 3640 792 3721 syngrapham,
805 3640 971 3699 universam
985 3648 1159 3708 autemnon
1180 3640 1256 3699 anti·

155 3747 306 3816 quaturos,
320 3746 476 3814 antequam
490 3734 527 3793 de
540 3732 744 3793 controversiis
759 3733 954 3811 disceptatum
969 3740 1057 3789 esset.
1078 3728 1256 3822 ‘Quaenirn
1340 3769 1342 3772 -

151 3833 231 3906 jure,
241 3848 300 3908 quo
314 3828 714 3889 controversie-firmamento
729 3826 895 3895 niteremur,
909 3822 969 3882 sive
983 3822 1022 3880 ad
1036 3822 1186 3894 arbitrum,
1196 3822 1256 3882 sive

157 3922 196 3984 ad
206 3922 338 4002 judicem
356 3932 474 3983 ventum
493 3930 586 3993 esset,
604 3918 784 4000 syngrapha.
795 3917 920 3999 sublata,
934 3916 976 3975 iu·
987 3936 1046 3995 qua
1065 3916 1257 3976 fundamenta

157 4015 252 4076 nostri
271 4014 351 4095 juris
364 4015 422 4074 sita
434 4013 553 4073 essenti
575 4012 657 4071 -Haec
681 4010 767 4071 nubis
776 4064 779 4067 .
788 4008 1181 4085 dicentibus,Athenienses,
1195 4017 1225 4064 et
1239 4024 1258 4065 a

123 4128 135 4161 ο
157 4106 367 4188 Dionysodoro
385 4106 555 4187 petentibus
575 4124 617 4166 ne
641 4102 837 4185 syngrapha-m
858 4109 1064 4174 commoveret,
1079 4118 1133 4178 nec
1146 4096 1256 4157 irritam

156 4198 266 4263 laceret
280 4207 413 4278 quamiet
429 4196 482 4277 ipsi
495 4209 593 4259 ratam·
601 4196 775 4259 habuissent
786 4206 819 4255 et
831 4194 1065 4264 confirmassent,
1075 4190 1129 4251 sed
1141 4198 1258 4249 tanturn

157 4290 293 4374 pecunia
306 4278 448 4371 quantum
470 4290 533 4370 ipse
547 4288 702 4351 obtulisset
716 4288 863 4359 redderet,
877 4286 921 4349 da
935 4279 1143 4347 cunnnrersiia
1158 4290 1257 4343 summ

156 4396 277 4467 pratos
291 4403 357 4445 esse
370 4402 436 4457 nos,
449 4381 575 4444 sivejuni
589 4383 650 4443 sive
667 4380 812 4461 pluribus.
824 4381 888 4459 ipse
901 4379 992 4439 uellet
1010 4377 1049 4436 in,
1062 4385 1201 4435 mercatu·
1208 4375 1261 4456 ju·.

156 4477 268 4541 dicium
281 4477 459 4557 permittere,
474 4476 621 4537 recusavit
634 4472 860 4553 Dionysodorus
874 4472 982 4541 omnia,
1001 4479 1041 4538 et,
1055 4486 1259 4547 cum-syngra-
