2967 4950
64 296 67 306 ¹
136 295 140 301 ’
227 333 297 404 ‘osa
551 309 790 402 'inversus
814 333 1001 398 umorum

235 502 397 560 revocent:
418 492 507 555 istum
530 491 644 554 actione
665 493 769 556 talenti
787 491 866 556 dotis
884 490 1025 554 aduersus
1044 510 1091 550 me
1108 490 1253 564 instituta,
1264 500 1338 565 tum,

153 629 158 640 ·
236 597 274 651 ‚ut
285 586 349 666 ipse
362 585 412 657 ait,
425 585 532 664 injuste
546 584 727 658 demnatum,
738 585 838 646 arbitri
852 584 1028 664 seutentiam
1040 592 1132 644 ratam
1146 583 1299 644 habuisse.

237 737 240 744 .
280 681 310 744 6.
331 679 373 738 At
391 677 510 741 hercule
530 676 619 738 homo
639 677 756 756 quietus
773 688 830 743 est.
844 685 877 736 et
893 695 953 734 non
973 674 1183 735 contentiosus.
1224 675 1339 734 Vellem

240 771 387 851 equidem,
401 769 534 841 sudines,
549 788 616 828 eum
637 782 699 830 esse
720 769 820 828 talem.
863 768 952 828 Nunc
974 786 1028 827 vos
1052 766 1095 828 ite
1114 766 1185 826 estis
1208 765 1287 844 oequi
1310 775 1341 826 et

142 891 144 898 ,
198 885 199 888 ¹
240 865 373 935 humani,
386 872 489 924 utnec
502 861 622 941 triginta
635 871 826 942 tyrannorum
848 860 924 920 lilios
945 880 1032 940 agere
1049 859 1079 918 iu
1093 858 1225 918 exsilium
1238 859 1340 919 uolue-

237 957 318 1018 ritist
338 955 395 1016 iste
408 963 516 1026 autem,
530 975 597 1016 eum
613 954 750 1016 Meneole
762 953 893 1015 omnium
910 952 1030 1012 istarum
1049 971 1148 1019 rerum
1168 951 1340 1022 architecto,
1375 976 1379 982 ·

240 1049 354 1112 insidiis
372 1047 443 1108 mihi
465 1047 628 1120 collocatis,
649 1058 680 1108 et
694 1056 815 1127 propter
827 1045 957 1124 jurgium
971 1055 1003 1105 et
1017 1045 1182 1106 convicium
1205 1042 1341 1106 menibus

238 1142 393 1215 consertis,
407 1141 501 1221 cupite
512 1160 568 1201 suo
580 1140 705 1212 inrecto,
719 1141 760 1200 ob
772 1139 880 1199 vulnus
902 1139 933 1197 iu
950 1139 1141 1216 Areopagum
1163 1156 1212 1196 me
1231 1137 1342 1207 citavit,

240 1246 276 1296 ut
287 1234 587 1316 urbesexterrninaret.
629 1232 727 1306 Quod,
742 1233 773 1291 ni
787 1231 973 1312 Euthydious
986 1230 1128 1302 medicus,
1141 1229 1180 1289 ad
1193 1244 1283 1306 quem
1295 1229 1341 1288 isti

242 1327 366 1410 primum
382 1335 532 1399 venerant,
557 1335 696 1404 rogantes
709 1335 742 1384 ut
756 1335 848 1404 caput
866 1322 1018 1394 incideret,
1032 1323 1096 1402 ipse
1116 1321 1195 1400 apud
1209 1323 1343 1398 Areopa·

238 1419 363 1500 giticum
371 1427 515 1479 'senatum
530 1435 646 1478 omnem
659 1417 812 1477 veritatem
826 1415 959 1489 dixisset,
972 1415 1032 1476 tale
1045 1413 1222 1497 supplicium
1233 1415 1294 1475 iste
1304 1413 1344 1474 de

242 1533 290 1574 me
303 1514 461 1573 innocente
473 1511 657 1590 sumpsisset,
671 1510 759 1590 quale
773 1529 827 1570 vos
845 1528 883 1569 ne
904 1509 943 1570 de
959 1509 998 1571 iis
1017 1507 1134 1588 quidem
1149 1507 1200 1588 qui
1221 1509 1344 1568 summis

243 1623 296 1665 vos
308 1605 419 1683 injuriis
433 1603 781 1664 affecissent-sumeretis.
801 1602 849 1663 Ne
858 1613 957 1662 autem
969 1621 1038 1662 eum
1047 1600 1219 1664 calumniari
1232 1602 1345 1674 vident,

243 1695 580 1774 legemihitestimonia.
616 1713 617 1718 ¹

658 1911 932 2008 TESTIMONIA.

286 2058 315 2116 7.
331 2055 397 2116 Hoc
412 2054 500 2134 igitur
513 2043 627 2116 tantum
641 2065 671 2117 et
684 2063 745 2117 tem
756 2052 942 2120 formidabile
952 2053 1110 2117 discrimen
1119 2053 1175 2116 iste
1185 2065 1291 2120 eontra
1301 2075 1349 2117 me

243 2167 304 2213 aon
325 2159 360 2210 ut
380 2149 470 2210 homo
491 2147 627 2229 simplex,
648 2148 703 2210 sed
725 2156 760 2209 ut
782 2147 936 2210 insidiator
961 2157 993 2211 et
1012 2147 1174 2220 maleficus,
1193 2149 1348 2213 usumin

162 2235 167 2242 ’
240 2241 351 2304 deiude
364 2241 432 2302 loco
445 2239 581 2312 nominis,
595 2239 676 2318 qaod
689 2240 715 2299 ei
729 2249 814 2318 pater
826 2239 983 2325 indiderat,
995 2239 1103 2312 Boeou,
1117 2249 1194 2304 utet
1203 2241 1285 2320 apud
1294 2258 1350 2304 uos

245 2342 386 2394 testatum
402 2341 459 2405 est,
481 2350 518 2393 eo
538 2331 688 2403 defuneto,
704 2331 905 2395 Mantitheum
918 2351 951 2392 se
964 2333 1046 2410 apud
1064 2331 1226 2411 municipes
1245 2334 1351 2394 inseri·

234 2425 315 2504 -psit,
328 2433 360 2485 et
376 2443 444 2487 cum
462 2426 499 2485 ab
518 2424 671 2501 eodemst
685 2435 770 2505 patre
786 2433 815 2485 et
838 2424 947 2505 populo
967 2443 1085 2507 mecum
1099 2424 1275 2506 appelletur,
1288 2445 1351 2487 non

247 2519 344 2580 solum
354 2517 431 2579 hanc
449 2536 582 2588 causam,
598 2531 686 2596 quem
703 2536 783 2578 nunc
797 2535 867 2594 ago.
880 2515 953 2580 iecit
964 2514 1086 2589 initam,
1100 2511 1265 2591 sedetiam,
1279 2538 1350 2583 cum

245 2628 298 2674 voe
311 2628 358 2669 me
370 2606 519 2668 ordinibus
532 2606 749 2687 praesentaretis,
761 2608 869 2685 ipsein
878 2606 1024 2687 judicium
1032 2609 1114 2670 uenit
1125 2619 1160 2669 ut
1166 2611 1351 2688 approbare·

245 2712 304 2772 tur,
317 2719 441 2778 eumque
463 2710 499 2761 eo
515 2698 628 2778 judicio
643 2698 925 2782 upder‘rconvictus
942 2711 1029 2773 esset,
1044 2720 1104 2762 non
1128 2721 1160 2761 se
1181 2703 1352 2764 convictum

242 2810 312 2857 esse
322 2792 408 2865 dicit,
425 2791 477 2855 sed
497 2811 553 2853 me.
596 2791 640 2853 Ut
652 2800 752 2853 eutem
772 2793 942 2854 summatim
954 2793 1063 2865 dIcam,
1077 2793 1261 2867 lacerandis
1277 2796 1352 2858 mihi

244 2884 374 2965 negotiis
387 2894 419 2945 et
430 2882 515 2947 malis
532 2882 604 2947 mibi
624 2883 741 2957 mnus,
755 2904 802 2945 me
816 2886 914 2965 coegit
929 2886 963 2945 in·
974 2889 1022 2961 ius
1040 2886 1281 2949 emmenrode
1295 2907 1352 2948 no·

247 2978 334 3050 mine,
344 2996 403 3039 non
417 2984 452 3038 ut
463 2975 618 3055 pecuniam
629 2977 666 3037 ab
686 2995 725 3037 eo
736 2977 910 3057 acciperem,
923 2977 1058 3048 Iudices,
1068 2977 1178 3048 redut,
1187 2978 1352 3057 sirospu-

243 3071 346 3133 teretis
358 3070 456 3149 inique
471 3088 586 3131 mecum
603 3069 657 3148 agi
670 3076 701 3128 et
721 3088 769 3129 me
790 3070 909 3148 mugnis.
919 3069 1035 3132 daunais
1048 3070 1139 3144 ,affici
1155 3071 1212 3132 iste
1226 3070 1353 3153 Boeotum

246 3168 409 3234 vocaretur,
432 3181 469 3235 eo
491 3161 609 3223 nomine
626 3160 709 3240 quod
727 3161 754 3223 ei
776 3172 858 3241 pater
878 3163 1026 3242 imposuit.
1066 3162 1107 3223 Ut
1122 3162 1211 3242 igitur
1224 3173 1352 3237 consmt,

247 3275 295 3317 me
308 3256 497 3321 ethoecvere
512 3254 622 3326 dicere,
635 3254 828 3333 cepe-harum
841 3255 929 3317 etiem
944 3274 1039 3319 rerum
1052 3253 1227 3342 testimonla
1259 3272 1263 3319 ἰ
1325 3246 1341 3309 '.

621 3486 626 3497 ·
667 3470 934 3531 TESTIMONIA.

290 3618 319 3675 8.
340 3613 388 3678 Ad
407 3612 579 3694 hec,quod
597 3632 665 3693 ego,
678 3632 747 3681 cum
767 3613 932 3687 militarem,
955 3624 986 3675 et
1009 3633 1078 3673 cum
1103 3612 1220 3673 Aminia
1242 3612 1354 3692 milites

242 3706 456 3783 conducerem,
474 3716 534 3772 ‚tum
556 3704 674 3771 aliunde
692 3706 849 3785 pecuniam
867 3707 961 3785 coegi,
978 3702 1043 3765 'tum
1066 3705 1219 3785 Mitylenis
1240 3707 1280 3765 ab
1296 3705 1353 3783 lpo-

244 3800 324 3879 spite
338 3808 437 3863 vestro
451 3797 629 3877 Apollonide
650 3809 681 3859 et
704 3818 722 3857 a
742 3798 858 3877 reipub.
872 3808 981 3870 uostrae
1004 3795 1106 3870 micis
1126 3808 1276 3874 trecentas
1290 3809 1354 3860 sta·

244 3902 325 3970 teres
339 3889 503 3955 Phocaieoe
517 3903 668 3971 acceptos,
682 3891 824 3971 militibus
836 3882 985 3970 expensos
999 3891 1065 3963 tuli,
1078 3901 1112 3968 ut
1125 3892 1236 3971 aliquid
1249 3902 1282 3961 et
1299 3911 1355 3967 uq-

245 3981 301 4050 ,bis
318 3995 361 4053 et,
372 3984 430 4047 illis
450 3982 523 4049 utile
543 3994 708 4063 gereretur,
722 3984 760 4045 de
774 3983 832 4046 illis
845 3983 978 4063 pecuniis
991 4004 1039 4055 me
1052 3984 1083 4047 iu
1091 3988 1141 4060 jus
1156 3992 1253 4055 uocat,
1267 3983 1355 4062 quasi

245 4086 403 4156 paternum
421 4074 553 4147 debitum
573 4076 719 4155 exegerim
736 4075 888 4145 acirimte
902 4070 1150 4157 Mitylenreopum,
1160 4076 1353 4155 Commeta-

244 4188 342 4247 muno
353 4168 514 4251 Mitylenes
532 4169 717 4247 obsequium,
729 4168 780 4247 qui
797 4179 829 4229 et
846 4168 929 4232 robis
943 4160 1060 4249 publice
1078 4181 1110 4231 et
1127 4168 1197 4242 mihi
1215 4166 1356 4253 priuatim

245 4270 300 4335 „est
317 4261 460 4325 inimicus.
504 4260 545 4319 Ut
556 4270 663 4325 autem
683 4271 801 4327 constet
818 4272 933 4340 patrem
961 4274 1106 4336 nostrum,
1118 4261 1198 4340 quod
1211 4260 1353 4330 decrere·

246 4364 319 4421 runt
329 4354 357 4418 ei
367 4374 478 4419 munus
493 4352 665 4433 Mitylenaei,
680 4353 896 4437 statimipsum
916 4356 1077 4437 accepisse,
1091 4372 1188 4436 neque
1201 4353 1354 4445 ullumaes
1424 4430 1430 4446 ι
