2967 4950
204 300 423 402 inversus
436 323 843 406 nnusruncnuuur
864 342 1154 405 xnuorrrrrnn.
1175 348 1234 408 ers

8 479 9 522 3
137 495 261 577 Bospori
275 492 377 565 esset;
399 518 459 577 quo
472 496 649 559 Demaretus
663 497 928 578 nunquamnenit:
943 518 1002 579 quo
1017 511 1106 585 pacto
1117 482 1238 579 exegit?
1319 558 1321 561 .

137 590 178 650 At
191 590 321 651 Hercule
334 591 424 663 misit,
437 591 551 670 inquiet
567 592 684 672 aliquis,
697 594 751 670 qui
762 592 902 671 exigeret.
943 593 978 651 Id
992 611 1061 652 vero
1081 593 1124 652 ita
1136 594 1234 655 consi-

138 685 247 746 derate.
290 684 404 745 Debuit
411 686 581 747 Hermonax
593 696 721 747 stateres
733 699 866 759 centum,
875 704 893 746 a
901 686 1074 747 Nausicrate
1085 696 1234 766 acceptos.

137 778 264 839 Istorum
279 789 360 839 tutor
373 789 405 839 et
414 788 530 839 curatur
544 778 755 840 Aristasclrmus
768 780 826 841 fuit
837 780 967 847 sedecim
981 799 1086 849 annos.
1104 777 1107 781 ’
1128 781 1234 861 Neque

135 889 214 944 sero,
237 890 328 951 quam
351 870 414 931 istis
438 871 547 934 adultis
570 872 727 951 pecuniam
749 891 847 933 coram
868 874 933 954 ipse
954 873 1235 947 soluitflermonax,

136 962 356 1037 eamreddidit,
374 964 446 1023 dum
466 964 554 1045 pueri·
567 974 683 1025 essent:
705 966 897 1044 nequeenim
920 966 966 1025 bis
989 967 1113 1027 eandem
1127 980 1236 1027 'nume'-

136 1054 219 1115 rarit.
260 1053 317 1115 Est
338 1075 406 1116 reru
426 1054 580 1137 quisquam
593 1057 760 1118 mortalium
774 1057 817 1119 ita
828 1058 1012 1136 ineptus-ut,
1024 1079 1093 1138 quaa
1112 1076 1149 1119 ne
1167 1060 1237 1120 red:

114 1191 118 1196 .
137 1146 220 1207 deret
239 1147 323 1227 ipsos
344 1146 478 1209 dominos
500 1149 611 1219 tamdiu
634 1151 732 1224 elusit,
746 1170 783 1211 ea
802 1151 845 1210 illi
858 1150 908 1230 qui
922 1150 1058 1211 dominus
1070 1172 1131 1213 non
1145 1166 1235 1230 esset,

137 1240 231 1301 missis
243 1240 347 1316 literis,
360 1241 438 1302 ultro
455 1242 640 1304 numeraret?
668 1243 813 1321 Equidem
827 1263 888 1304 non
905 1242 1037 1303 arbitror.
1079 1244 1121 1303 Ut
1135 1254 1246 1307 autern
1279 1245 1283 1254 “

136 1350 180 1391 me
201 1352 275 1392 vera
296 1332 406 1408 dicere,
419 1343 450 1394 et
470 1343 583 1414 patrem
604 1336 704 1395 statim
726 1347 797 1416 post
814 1337 1042 1397 transactionem
1062 1338 1181 1413 obiisse,
1204 1350 1235 1401 et

8 1453 9 1456 ¹
136 1422 329 1485 Demaratum
340 1444 489 1505 nunquam
503 1428 541 1487 ab
554 1426 618 1488 istis
631 1428 670 1487 de
688 1446 726 1488 ea
745 1429 872 1509 pecunia
892 1428 923 1488 in
942 1428 993 1509 jus
1005 1440 1143 1490 vocatum
1157 1450 1233 1505 esse,

135 1538 230 1596 neque
253 1518 386 1597 (lenique¹
408 1538 556 1599 quoquam
577 1520 732 1600 navigasse
756 1540 853 1601 neque
879 1521 950 1583 illuc
972 1520 1137 1604 profectum
1157 1540 1253 1599 esse„

134 1620 261 1684 constet,
278 1630 355 1691 cape
367 1612 432 1674 brec
446 1611 623 1673 testimonia.

548 1803 818 1866 TESTIMONIA.

135 1943 262 2005 Proinde
284 1964 381 2025 neque
409 1957 523 2027 patrem
548 1960 618 2027 post
639 1946 867 2007 transactionem
892 1948 1048 2025 pecuniam
1075 1950 1235 2030 redegisse,

133 2058 237 2117 neque.
254 2051 362 2119 sponte
382 2060 550 2120 quenquam
571 2041 664 2103 fuisse
684 2040 824 2101 daturum
846 2038 872 2098 si
885 2039 1013 2101 misisset
1032 2041 1102 2101 illuc
1123 2043 1232 2103 Dema-

134 2142 226 2203 rems,
240 2133 338 2193 necui
349 2133 412 2212 ipse
419 2134 595 2213 navigasset
606 2143 659 2194 aut
676 2132 747 2192 illuc
761 2131 951 2217 pervenisset,
965 2134 1050 2193 vobis
1070 2144 1101 2193 et
1111 2144 1233 2216 tempo·

132 2223 212 2285 ribus
225 2236 259 2285 et
271 2226 396 2285 testibus
408 2236 457 2288 est
468 2225 661 2287 dedaratum.

145 2352 148 2357 -
171 2321 203 2376 4.
219 2319 321 2397 Atque
333 2318 410 2380 adeo
421 2318 453 2380 iu
465 2318 633 2381 universum
644 2316 800 2380 ostendam
814 2335 867 2377 eos
889 2326 983 2379 totam
1004 2336 1067 2377 rem
1079 2318 1232 2379 ,ementiri

134 2410 230 2471 Isti-in
242 2429 319 2485 eam,
332 2427 394 2490 qus
406 2430 461 2477 nos
474 2410 563 2471 modo
576 2428 640 2471 reos
653 2420 759 2490 agunt,
773 2407 996 2484 accusationem
1010 2409 1231 2491 inscripserunt,

131 2505 242 2566 debere
255 2523 311 2566 nus
323 2504 488 2584 pecuniam,
501 2523 590 2583 quam
606 2514 692 2584 pater
708 2502 859 2582 receperit,
872 2520 940 2562 cum
955 2501 985 2560 id
999 2521 1042 2564 res,
1054 2503 1189 2565 alienum.
1200 2505 1232 2568 in

132 2597 235 2658 tutelae
258 2596 431 2670 rationibus,
444 2606 480 2656 ut
498 2594 757 2676 qnoddeberetur
777 2593 885 2674 adhuc,
909 2593 1089 2656 tradidisset.
1131 2596 1231 2674 Ipsam
1332 2637 1336 2652 .

133 2688 354 2750 accusationem
364 2707 440 2768 cape
453 2698 486 2750 et
496 2687 602 2750 recita.

554 2876 804 2940 Accusnrlo.

133 3021 252 3082 Auditis
280 3020 309 3080 in
342 3019 529 3098 accusatione
557 3019 697 3098 scriptum
725 3038 791 3078 esse
823 3036 909 3077 cum
946 3017 1038 3077 mihi
1066 3019 1230 3079 Aristae-

133 3114 273 3174 chmus
306 3112 347 3172 id
377 3132 429 3172 aes
459 3107 637 3171 alienum
666 3109 865 3169 intutclae
892 3108 1130 3194 rationibus
1154 3120 1232 3170 tra·

134 3206 219 3268 didi
230 3204 352 3266 ssetl'
369 3206 410 3264 At
427 3223 494 3264 cum
517 3213 627 3282 patrem
650 3201 752 3261 tutelae
767 3221 847 3260 reum
867 3199 1007 3272 lucerent,
1020 3201 1068 3258 his
1086 3201 1233 3261 contraria

101 3303 104 3308 '
134 3301 335 3384 scripserunt:
357 3299 478 3378 apparet
491 3297 568 3356 enim
582 3315 633 3355 eos
647 3295 672 3355 ei
692 3305 723 3354 et
735 3294 793 3354 hoc
806 3302 841 3352 nt
853 3292 984 3352 nondum
999 3291 1097 3353 relatis
1112 3293 1230 3354 rationi-

131 3395 188 3453 bus
211 3391 400 3480 ubjectasse.'
425 3386 537 3449 ¹Recita
559 3388 651 3470 ipsam
677 3387 834 3458 actionem,
847 3404 935 3466 quarn
957 3396 1020 3444 turn
1038 3385 1113 3464 patri
1135 3387 1230 3449 inten-

132 3487 249 3546 derunt.

556 3645 807 3738 secusino,

132 3800 202 3868 Qua
213 3797 303 3876 igitur
315 3793 438 3864 ratione,
452 3791 607 3854 tradidisse
618 3809 699 3862 eum,
713 3808 793 3848 nunc
815 3788 896 3867 queri
915 3785 1052 3866 potestis,
1065 3787 1232 3868 Xenopithe

131 3902 164 3952 et
176 3887 397 3950 NausImschei
417 3886 491 3946 Tum
502 3884 590 3956 enim,
600 3894 637 3942 ut
648 3882 700 3961 qui
713 3901 773 3944 non
788 3879 965 3950 tradidisset,
980 3878 1008 3938 in
1019 3879 1068 3958 jus
1080 3882 1230 3944 vocabatis

131 3995 163 4043 at
174 3980 331 4062 munim
344 3977 557 4058 postulabatis:
581 3995 661 4034 nunc
679 3973 765 4053 quasi
778 3971 931 4033 tradiderit
945 3971 1101 4033 accusatis.
1143 3973 1231 4042 Quod

132 4077 159 4137 si
179 4085 333 4151 utramque
356 4072 391 4130 in·
408 4079 524 4150 partem
543 4067 627 4128 vobis
645 4064 816 4126 calumniari
835 4064 946 4135 licebit,
960 4076 991 4122 et
1013 4084 1091 4132 nunc
1112 4078 1233 4144 propter

130 4167 288 4247 pecuniam
312 4183 374 4224 non
396 4161 532 4222 traditam
546 4159 699 4229 vexabitis,
715 4175 794 4224 nunc
814 4165 932 4236 propter
954 4155 1089 4244 traditam
1111 4175 1231 4216 accusa-

131 4259 213 4332 bitis,
226 4256 298 4318 aurit
311 4253 547 4334 prohibebitque
564 4252 660 4312 minus
673 4262 704 4311 et
725 4249 843 4310 tertium
865 4247 1016 4326 quippiam
1033 4247 1158 4327 posthac
1180 4268 1234 4308 ex.

132 4349 269 4430 cogitetis
281 4349 320 4419 de
333 4367 394 4427 quo
405 4348 510 4407 iterum
524 4343 670 4410 actionem
685 4343 865 4410 iustituatIs:
888 4341 941 4410 sed
954 4341 1037 4420 leges
1052 4341 1109 4403 ista
1121 4351 1235 4428 vetqnt,

132 4455 165 4504 st
177 4442 271 4505 semel
283 4440 389 4502 iisdem
397 4440 441 4530 ‘de
454 4440 541 4501 rebus
555 4455 623 4501 curu
636 4435 741 4499 eodem
757 4433 805 4512 agi
815 4434 931 4520 jubent.
1052 4489 1056 4498 .
