2967 4950
449 277 648 342 'courns
670 245 944 344 rinsncuun.
1232 281 1262 338 '5
1343 309 1350 313 -
1452 357 1456 367 Ι

160 431 229 492 stiae
238 431 379 492 rationem
393 431 528 496 habuerit
543 435 612 494 Solo
624 433 761 512 antiquus
776 435 833 507 ille,
853 445 885 494 et
899 436 1007 503 Draco,
1022 433 1174 510 ceterique
1185 431 1263 490 illius
1352 456 1357 465 ·

161 525 259 583 aetatis
274 521 501 602 legumlator‘es.⁸
525 526 654 585 Primum
675 527 753 585 enim
774 529 855 606 leges
874 529 910 588 de
927 528 1082 586 liberorum
1097 534 1263 583 nostrorum

161 614 322 694 disciplina
342 609 481 685 tulerunt,
502 616 647 694 planeque
667 617 915 695 demonstrarunt,
938 637 1004 696 quae
1023 636 1095 695 puer
1119 617 1264 694 ingenuus

160 706 263 766 studia
281 707 364 784 sequi
384 708 502 783 debeat,
519 718 609 786 utque
633 710 671 766 sit
684 708 876 768 educandus:
898 710 1031 768 secundo
1046 709 1112 768 loco
1133 709 1169 766 de
1192 708 1264 767 ado-

159 799 358 857 lescentibus:
381 817 416 858 ac
436 796 575 877 deinceps
597 799 635 856 de
649 799 768 877 reliquis
783 799 939 866 oetatibus;
961 819 1136 876 aequavero
1150 799 1189 857 ad
1201 799 1265 875 ple·

159 891 245 949 beios
261 890 405 951 duntaxat
418 891 562 960 homines,
579 891 728 950 sedetiam
740 890 779 949 ad
792 902 921 950 oratores
933 891 999 948 haec
1009 891 1151 970 pertinere
1164 890 1264 949 volue-

161 991 241 1039 runt.
263 981 302 1039 Et
309 979 363 1042 has
372 982 453 1060 leges
462 983 492 1040 in
501 981 600 1051 literas
610 982 716 1042 relatas
732 982 1091 1060 apudvosdeposuerunt,
1107 1001 1264 1060 earumque

160 1075 374 1144 custodimvos
390 1075 595 1152 praefecerunt.
717 1071 720 1078 '
1051 1087 1055 1092 ·

205 1168 234 1223 3.
258 1167 352 1230 Quem
366 1165 454 1244 igitur
468 1165 567 1243 legum
586 1165 716 1224 ordinem
730 1177 777 1226 est
790 1177 908 1226 secutus
923 1166 1082 1245 legislator,
1096 1166 1221 1224 eundem
1236 1176 1266 1224 et

161 1257 228 1335 ipse
242 1259 431 1334 praescribam
446 1249 568 1316 orationi
582 1277 665 1316 meae.
697 1258 827 1316 Primum
849 1259 924 1317 enim
947 1279 997 1318 eas
1013 1259 1095 1336 leges
1119 1276 1266 1337 exponam

162 1348 258 1417 vobis,
275 1369 341 1425 quae
355 1349 393 1407 de
403 1369 559 1427 puerorum
574 1359 757 1409 vestrorum:
779 1351 946 1409 deindeeas
960 1370 1026 1428 quas
1042 1350 1079 1408 de
1093 1349 1266 1409 adolescen-
1281 1355 1285 1362 '

162 1449 244 1498 tum:
267 1451 413 1518 postremo
423 1461 473 1500 eas
487 1462 552 1519 quae
566 1442 604 1500 de
619 1442 794 1520 reliquarum
805 1453 926 1502 aetatum
938 1442 1092 1522 disciplina
1107 1451 1175 1500 sunt
1187 1442 1267 1514 lat'ae,

164 1551 220 1590 nec
233 1523 410 1610 privdtorum
430 1531 574 1591 duntaxat
596 1533 755 1602 hominum,
770 1533 823 1592 sed
843 1536 933 1593 etiam
948 1547 1106 1594 oratorum.
1127 1534 1178 1592 Sic
1190 1534 1268 1591 euim

164 1623 329 1683 orationem
339 1644 435 1682 meam
449 1626 568 1684 arbitror
578 1626 701 1682 maxime
713 1624 894 1704 perspicuam
906 1627 977 1684 lore.
1000 1626 1092 1685 Simul
1101 1624 1195 1685 'etiam
1209 1626 1268 1684 dis-

166 1735 274 1786 seram,
288 1717 496 1786 Athenienses,
507 1717 578 1795 quid
590 1717 707 1775 edicant
717 1717 799 1794 leges
809 1717 845 1775 de
857 1718 1155 1797 gerendarepublica,
1167 1730 1198 1776 et
1207 1737 1269 1776 rur-

164 1827 217 1867 sus
235 1820 304 1887 post
316 1809 373 1867 hoc
390 1809 538 1868 Timarchi
551 1829 646 1868 mores
661 1829 727 1867 cum
739 1809 774 1867 iis
788 1811 945 1868 conferam.
984 1811 1059 1867 Eum
1074 1811 1150 1868 enim
1171 1812 1269 1887 egisse

165 1893 253 1959 vitam
273 1897 387 1980 legibus
407 1901 541 1960 omnibus
569 1902 744 1962 contrariam
768 1902 927 1979 reperietis.
959 1901 1123 1980 legislator
1138 1903 1269 1979 primurn

164 1993 229 2051 ludi
240 1994 396 2071 magistris,
409 2011 533 2071 quorum
546 1993 615 2052 fidei
628 1983 733 2052 liberos
748 2002 863 2052 nostros
874 1995 1039 2052 necessario
1049 1995 1269 2071 committimus,

165 2105 349 2164 quorumque
365 2086 459 2144 victus
474 2085 504 2142 in
518 2086 711 2164 temperantia
725 2087 799 2145 situs
813 2094 868 2156 est,
882 2086 981 2164 inopia
992 2095 1060 2145 vero
1073 2085 1103 2143 in
1118 2087 1269 2145 contrariis

165 2177 266 2244 rebus,
280 2185 378 2234 tamen
393 2175 516 2234 diffidit:
538 2197 572 2235 ac
588 2177 674 2254 plane
688 2177 802 2246 definit,
818 2177 962 2255 qua-hora
974 2196 1095 2255 puerum
1109 2177 1271 2255 ingenuum

164 2267 321 2326 iu-ludum
341 2268 380 2327 ire
394 2269 508 2344 deceat,
523 2269 640 2340 deinde,
657 2288 728 2326 cum
748 2278 822 2346 quot
841 2271 939 2349 pueris
960 2269 1084 2347 ingredi,
1103 2279 1133 2328 et
1151 2269 1271 2346 quando

167 2360 249 2420 abire'
258 2381 265 2418 :
288 2381 323 2419 ac
337 2364 534 2438 preceptores
544 2346 642 2432 ludos,
652 2360 784 2419 ‘lanistas
800 2360 911 2439 aperire
927 2362 1080 2439 palaestras
1099 2370 1182 2441 vetat
1201 2372 1270 2420 ante

166 2453 239 2513 solis
260 2463 365 2523 ortum,
379 2461 409 2511 et
423 2451 561 2511 claudere
571 2453 654 2527 jubet
675 2461 744 2511 ante
765 2471 913 2521 occasum,
930 2453 1026 2530 utqui
1041 2452 1226 2512 solitudinem
1241 2444 1288 2513 et

164 2546 302 2605 tenebras
316 2543 439 2602 maxime
460 2554 612 2622 suspectas
631 2542 764 2601 habeat:
783 2534 966 2616 edicit'item,
984 2542 1220 2603 adolescentulos
1234 2564 1272 2604 ea

164 2638 236 2699 loca
247 2638 476 2715 frequentantes,
488 2637 590 2714 quales
605 2656 670 2695 esse
685 2645 829 2715 oporteat,
843 2646 873 2695 et
885 2656 945 2715 qua
958 2646 1056 2708 aetate,
1070 2639 1163 2715 etqui
1177 2639 1271 2717 magi-

166 2739 279 2789 stratus
290 2748 389 2787 corum
399 2728 508 2789 habere
521 2748 622 2787 curam
636 2728 761 2787 debeat:
776 2738 807 2787 et
820 2728 858 2787 de
870 2730 1099 2807 pedagogorum
1107 2730 1271 2811 diligentia,

169 2832 203 2882 et
217 2823 255 2881 de
269 2822 346 2883 festo
360 2825 515 2881 Musarum
529 2822 558 2879 in
573 2822 661 2893 ludis,
675 2830 705 2880 et
718 2820 756 2879 de
769 2820 846 2880 festo
860 2820 999 2900 Mercurii
1008 2822 1038 2879 in
1050 2821 1204 2899 palaestris,
1219 2822 1271 2892 de-

169 2917 258 2993 nique
273 2915 309 2973 de
320 2914 527 2993 congressibus
540 2932 693 2992 puerorum
708 2921 736 2969 et
750 2921 877 2971 coetuum
892 2911 1066 2971 solennium.
1087 2905 1181 2972 Jubet
1193 2914 1270 2971 enim

171 3007 300 3078 aedilem,
311 3007 361 3083 qui
376 3006 435 3066 suis
450 3006 612 3084 sumptibus
627 3003 730 3063 vestris
746 3002 852 3062 ser'vire
867 3004 1029 3062 commodis
1045 3004 1172 3075 studeat,
1186 3005 1217 3063 id
1227 3006 1272 3063 sa-

170 3119 248 3168 cere,
268 3098 319 3157 ubi
332 3096 590 3177 quadragesimum
605 3094 701 3155 aetatis
716 3094 828 3152 annum
840 3096 1007 3167 excesserit,
1022 3105 1056 3153 ut
1073 3096 1097 3153 is
1115 3097 1272 3157 modestis·

172 3186 247 3252 sima
255 3192 317 3271 jam
329 3201 414 3251 aetate
425 3191 532 3265 liberos
543 3201 654 3251 vestros
666 3190 798 3249 accedat.
821 3189 887 3248 Has
897 3190 984 3266 igitur
992 3190 1073 3267 leges
1083 3191 1272 3262 scribavobis

170 3285 317 3357 recitabit,
330 3294 364 3342 ut
382 3284 491 3357 sciatiS,
507 3284 688 3343 existimasse
702 3281 911 3359 legislatorem,
925 3300 1047 3358 puerum
1067 3290 1147 3341 recte
1163 3283 1273 3344 educa·

171 3388 246 3447 tum,
268 3377 341 3435 virili
356 3386 443 3436 aetate
461 3376 563 3435 utilem
583 3376 646 3435 fore
660 3373 790 3433 civitati:
813 3374 836 3432 si
860 3382 959 3431 autem
978 3373 1103 3433 hominis
1121 3375 1272 3454 ingenium

168 3466 283 3527 malum
305 3468 468 3547 disciplinae
488 3468 602 3527 initium
623 3465 752 3546 coeperit,
768 3466 844 3524 male
858 3466 1007 3526 institutos
1020 3487 1138 3546 pueros,
1153 3470 1182 3528 in
1196 3470 1273 3529 viros

172 3580 313 3625 erasures
328 3561 482 3624 Timarcho
497 3561 616 3634 similes,
632 3558 794 3621 censuisse.
826 3558 933 3619 Recita
941 3559 1023 3638 leges
1033 3560 1097 3619 has.

652 3789 793 3850 LEGES.

207 3961 335 4007 Puerorum
351 3958 456 4020 magistri
466 3917 535 4004 ludos
549 3963 601 4005 ante
613 3957 669 4004 solis
680 3966 756 4005 ortum
768 3974 797 4005 ne
809 3957 941 4018 aperiunto,
955 3964 981 4003 et
998 3948 1051 4003 rute
1062 3970 1170 4005 occasum
1191 3956 1276 4001 iterum

173 4037 308 4085 claudunto.
331 4036 414 4096 Neque
431 4036 466 4081 t'ss
483 4042 535 4081 esto
554 4034 584 4081 iis
600 4034 640 4096 qui
658 4036 770 4096 puerilem
785 4041 876 4081 oetstsm
892 4042 1045 4081 excesserunt
1062 4051 1091 4081 eo
1102 4032 1203 4094 ingredi,
1220 4032 1277 4079 dum

173 4116 242 4177 pueri
253 4121 306 4160 sunt
316 4114 388 4169 intus,
397 4120 482 4173 preter
493 4112 565 4159 lilium
576 4112 680 4175 magistri
692 4118 732 4160 aut
742 4113 835 4159 fratrem
843 4118 883 4158 sut
892 4126 1015 4171 generum:
1032 4112 1069 4157 his
1081 4107 1184 4168 exceptis
1192 4107 1212 4153 si
1223 4108 1285 4167 quis.

173 4191 245 4239 suerit
256 4190 386 4251 ingressus,
398 4190 475 4249 cupite
485 4190 615 4235 mulctator.
639 4190 671 4235 Et
680 4189 861 4249 gymnasiarchae
869 4187 1045 4235 mercurialibus
1054 4186 1117 4231 nullo
1127 4184 1195 4231 modo
1204 4200 1277 4244 quen·

174 4282 244 4329 quarn
255 4267 358 4313 adultum
368 4266 459 4327 ingredi
467 4281 519 4312 aum
528 4267 606 4327 pneris
616 4265 723 4313 sinunto:
742 4265 778 4312 sin
790 4265 922 4327 permiserit
929 4280 1004 4324 neque
1013 4260 1132 4325 gymnasio
1141 4261 1280 4318 excluserit,

173 4350 282 4389 teneatur
298 4342 473 4403 gymnasiarcho
483 4342 536 4402 lege
548 4343 578 4388 de
596 4341 729 4403 corruptela
742 4341 896 4402 ingenuorum
911 4352 1044 4401 puerorum.
1081 4336 1182 4397 Ghoragi
1201 4346 1277 4386 autem

175 4420 217 4480 qni
228 4434 241 4465 a
252 4418 339 4481 populo
350 4418 523 4467 constituuntur
534 4432 616 4467 sunam
628 4418 704 4466 aetatis
715 4415 919 4478 quadragesimum
934 4413 1071 4482 excessisse
1076 4414 1170 4464 debent.
