2967 4950
520 301 568 367 ιιι
590 259 938 370 consummo..
991 253 994 258 ¹
1115 305 1159 320 ··
1216 311 1273 371 ros

162 483 227 546 que
237 463 397 545 quicquam
411 462 569 541 rogarefas
583 473 628 523 est
629 482 748 542 ,neque
766 473 902 544 rogatum
914 463 1000 526 alteri
1019 465 1192 530 cnumdere.
1214 469 1271 530 Ju-

167 561 236 620 bete
248 559 348 638 igitur,
362 567 406 627 ut,
421 575 475 616 ros
488 555 613 635 primam
628 557 805 616 sententiam
815 559 980 618 secundum
994 559 1076 637 leges
1089 561 1163 621 ferre
1177 563 1268 642 passi,
1314 639 1318 646 Ι
1344 621 1350 633 ,

167 652 275 712 exinde
288 653 329 712 ad
342 651 403 710 litis
415 648 640 710 estimationem
653 648 730 708 vires
739 660 923 711 convertant.

204 745 256 803 67.
279 741 328 802 Ad
338 759 485 802 summam
494 749 593 800 autem
607 759 712 821 parum
725 741 795 802 mihi
808 744 902 815 abest,
916 743 1120 818 Athenienses,
1134 747 1204 824 quin
1219 747 1265 807 di·

161 856 234 898 cam
254 838 351 916 legem
369 837 400 895 in
415 835 579 896 actionibus
599 834 746 895 duntaxat
760 835 798 896 de
819 837 943 896 decretis
959 848 1064 898 contra
1079 838 1163 917 leges
1183 840 1268 920 factis

104 977 115 984 e
159 931 234 991 »ferri
247 931 367 1007 debere,
380 949 418 998 ne
433 928 521 987 liceat
533 937 586 988 aut
598 929 775 999 accusatori,
798 939 850 989 sut
862 930 952 1008 siqui
970 931 1056 1010 hujus
1071 932 1199 992 criminis
1213 953 1267 1012 po·

165 1026 302 1093 stolatus,
317 1013 476 1083 advocatos
486 1020 742 1088 sibiadsciscere:
764 1042 824 1082 non
839 1022 915 1098 enirn
934 1024 978 1082 lic
990 1023 1206 1085 interminatum
1217 1026 1267 1105 jus
1372 1052 1376 1063 ι

165 1128 223 1191 est,
236 1118 290 1178 sed
304 1115 419 1194 legibus
432 1113 537 1174 restris
550 1114 713 1174 delinitum.
739 1114 784 1175 Ut
793 1114 869 1176 enim
878 1117 908 1174 in
923 1125 984 1175 erte
995 1115 1100 1186 fabrili,
1116 1137 1184 1178 cum
1194 1119 1267 1197 quid

164 1220 278 1270 rectum
298 1209 337 1268 sit
353 1206 426 1286 quid
437 1225 510 1277 non,
525 1207 602 1266 scire
615 1207 759 1280 volumus,
773 1208 903 1286 regulam
913 1208 1103 1282 adhibemus,
1117 1211 1270 1292 quadijm

157 1303 308 1375 dicemur,
328 1302 370 1360 ita
382 1301 413 1358 in
431 1299 670 1360 accusationibus
678 1300 720 1360 da
734 1299 861 1361 decretis
881 1310 985 1362 conus
997 1301 1079 1379 leges
1096 1301 1183 1362 lactis
1190 1303 1265 1382 juris

162 1395 268 1474 regula
286 1391 467 1473 proponitur,
484 1390 725 1454 tabellascilieet
742 1393 845 1453 haecce
862 1401 894 1452 et
906 1391 1056 1460 decretum
1074 1402 1104 1452 et
1117 1393 1199 1472 leges
1214 1395 1265 1456 de-
1379 1399 1382 1407 '

163 1489 281 1571 scriptae
291 1507 328 1548 ac
334 1488 422 1567 justa
430 1484 550 1574 posue
586 1484 698 1543 lirae
675 1504 700 1544 ιι
712 1485 790 1548 inter
804 1505 836 1545 se
850 1485 1013 1546 consentire
1028 1486 1201 1558 ostenderis,
1212 1489 1265 1548 de·
1282 1549 1286 1555 ,

161 1581 284 1654 scendo,
306 1589 338 1639 et
355 1579 432 1658 qnid
440 1599 521 1657 opus
533 1589 564 1638 te
577 1577 811 1638 Demosthenem
825 1579 987 1638 advocare?
1009 1579 1086 1639 Cum
1103 1600 1172 1640 vero
1182 1581 1266 1659 justa

156 1673 212 1734 illa
232 1671 420 1732 defensionis
436 1671 549 1732 radone
571 1671 709 1749 neglecta
728 1671 877 1731 honinem
892 1663 1063 1732 maleficum
1085 1674 1209 1734 accersis
1234 1685 1265 1736 et

159 1768 316 1826 uerborum
326 1765 479 1836 artifioarn,
488 1763 616 1824 rrnsrdras
622 1763 714 1823 struis
720 1764 920 1837 auditoribus,
931 1764 1078 1824 civitatem
1088 1765 1263 1840 labefactas,
1354 1811 1358 1818 .

160 1857 263 1938 populi
277 1857 506 1918 dominationem
520 1856 641 1928 mertis.

187 1951 252 2009 ι68.
273 1953 419 2017 Quaenam
432 1950 521 2028 igivrr
533 1948 658 2008 ratio·sit
675 1949 848 2029 hujusmodi
868 1949 1032 2010 orationum
1047 1935 1265 2030 propulsanda:

159 2042 245 2101 sumi
267 2043 331 2122 ligo
347 2043 589 2122 jamexponam..
626 2035 810 2119 Simulatque
831 2041 891 2101 huc
905 2061 1078 2120 progressus
1100 2043 1261 2122 Ctesiphon

157 2133 233 2196 illud
239 2133 513 2213 compositumsibi
530 2154 551 2193 o
563 2133 746 2200 Demosthene
761 2133 914 2195 exordium
930 2135 1139 2212 pronuntiabit,
1153 2135 1261 2196 deinde

156 2236 275 2306 tempus
283 2227 432 2294 absumat
442 2226 572 2304 nihilque
589 2225 627 2285 ad
639 2225 842 2286 defensionem
856 2224 970 2298 afferet,
983 2236 1168 2287 commonete
1180 2247 1260 2300 eum,

152 2328 192 2378 ιιι
204 2320 278 2384 eitra
289 2319 449 2379 tumultum
460 2318 688 2378 tabellamhanc
698 2318 729 2376 in
742 2319 850 2377 manus
864 2329 962 2378 sumat
972 2314 1114 2397 legesque
1126 2339 1195 2380 curn
1207 2319 1259 2381 de-

156 2421 238 2474 creto
258 2429 314 2471 suc
327 2411 467 2472 rmitatas
476 2410 623 2480 conferat.
644 2410 734 2484 Quod
755 2411 781 2470 si
793 2430 846 2470 vos
860 2412 962 2470 audire
973 2431 1009 2470 se
1024 2411 1258 2487 dissimulaverit,

152 2502 262 2581 neios
285 2506 405 2586 quidam
424 2524 490 2565 eum
507 2504 656 2564 sochehet
676 2523 737 2563 non
752 2503 830 2563 enim
844 2503 905 2563 huc
928 2504 1169 2577 conveniebant
1189 2527 1257 2569 reos

145 2620 206 2677 qur
199 2600 378 2679 legitimam
387 2598 602 2658 defensionem
598 2605 746 2676 respuunt
759 2595 894 2667 audiatis,
914 2595 967 2655 sed
982 2596 1048 2654 illos
1064 2597 1115 2674 qui
1133 2617 1165 2657 se
1179 2610 1259 2661 recte

151 2703 243 2769 atque
264 2692 377 2751 ordine
386 2690 546 2750 &tendere
560 2690 655 2772 parati
675 2700 754 2749 sunt.
779 2688 842 2747 Sin
864 2698 963 2748 autem
982 2688 1067 2785 justa
1084 2689 1257 2754 defensione

153 2785 352 2862 praetermissa
364 2783 597 2844 Demosthenem
609 2791 750 2853 accersat,
769 2780 954 2887 potissimum
969 2764 1059 2841 nolite
1072 2780 1148 2842 ferre
1161 2783 1255 2845 homi·

153 2896 222 2937 nem
228 2889 424 2938 veteratricem
425 2888 609 2957 ,spuantem
620 2897 653 2937 se
663 2878 816 2935 verborum
825 2876 960 2954 aucupiis
968 2875 1051 2953 leges
1061 2876 1254 2949 sublaturum,
1257 2898 1269 2909 ·

148 2988 250 3048 neque
260 2970 319 3028 boc
330 2970 477 3047 quispiam
490 2980 621 3028 vestrum
640 2967 741 3027 sibim
754 2966 852 3026 laudis
864 2966 932 3041 loco
946 2966 1079 3045 deputet,
1091 2967 1253 3029 siiuterro·
1307 3044 1310 3047 Ι

152 3075 243 3143 gente
265 3061 470 3140 Ctesiphonte,
483 3060 610 3121 liceatne
620 3081 673 3137 per
690 3079 738 3117 oor
761 3059 993 3120 Demosthenem
1013 3058 1171 3133 advocare,
1185 3061 1253 3139 ,pris

150 3174 219 3216 mus
240 3153 431 3215 exclamabit,
445 3172 554 3225 soca,
578 3162 846 3227 vocar-contra
871 3152 1003 3231 teipsum
1021 3170 1124 3223 vocas,
1149 3156 1279 3213 coatra'
1343 3196 1348 3201 -

150 3248 236 3326 leges
242 3262 344 3319 meas,
354 3257 457 3306 contra
465 3246 565 3325 populi
575 3245 742 3307 libertatem
756 3263 898 3305 vocas-2
920 3241 1039 3321 quodsi
1054 3242 1137 3303 vobis
1148 3244 1251 3305 audire

147 3343 269 3421 placeat
281 3340 524 3412 Demosthenem,
536 3340 685 3419 postulate
697 3341 737 3399 ab
753 3358 801 3409 eo,
816 3348 850 3397 ut
867 3338 905 3397 ad
924 3356 988 3397 earn
1004 3356 1134 3397 normam
1148 3338 1250 3400 delen-

148 3435 262 3494 sionem
278 3434 431 3504 »instituat
445 3453 534 3513 quarn
553 3452 610 3512 ego
623 3433 654 3493 in
673 3431 859 3493 accusatione
874 3430 1250 3510 sicquodammodo,m1id

149 3528 234 3587 vobis
244 3529 274 3587 in
285 3527 455 3587 memoriam
469 3546 613 3599 revocem,
628 3536 833 3586 sumsooutus.
940 3562 945 3577 .
1271 3591 1276 3599 ‚
1368 3594 1373 3605 ⁸

168 3622 241 3679 169.
266 3621 331 3679 Nee
342 3620 485 3700 privatam
499 3619 707 3680 Demosthenis
720 3618 807 3677 ruam
826 3618 907 3698 prius
920 3616 1076 3697 explicavi,
1089 3638 1146 3678 nee
1159 3619 1248 3681 ullius
1306 3693 1309 3699 Ι
1358 3667 1361 3673 .

146 3713 258 3792 publici
270 3714 399 3773 criminis
414 3701 591 3773 mentionem
614 3713 679 3782 ieci,
700 3730 769 3773 cum
792 3730 893 3773 eorum
909 3711 1015 3787 ingens
1032 3711 1106 3770 mihi
1128 3712 1248 3793 adesset

147 3807 324 3886 mpla-aut
345 3808 475 3867 omnium
503 3817 584 3866 certe
606 3807 758 3865 hominurn
786 3824 891 3865 essem·
906 3800 1169 3877 infantissimus-,
1194 3807 1247 3866 sed

145 3900 238 3979 primo
258 3901 327 3960 loco
340 3900 458 3959 ostendi
478 3899 561 3978 leges
574 3897 683 3967 diserte
697 3906 807 3967 vetare,
821 3916 858 3955 ne
875 3914 983 3954 corone
996 3894 1144 3957 donentur
1161 3899 1182 3957 ii
1193 3894 1245 3975 q'ui

144 3992 306 4053 rationibus
325 3992 484 4051 misrendis
497 4001 567 4051 sunt
580 3991 710 4061 obnoxii,
724 3988 832 4048 deinde
845 3998 988 4047 oratorem
1003 3990 1151 4068 redargui,
1166 3990 1246 4066 quod

146 4084 378 4145 Demosthenem
390 4085 442 4164 qui
455 4084 617 4144 rationibus
631 4081 791 4143 reddendis
805 4081 949 4140 obnoxius
957 4092 1004 4142 est
1018 4100 1128 4142 corona
1141 4082 1244 4142 donari

140 4176 270 4256 instent,
294 4178 376 4236 nullo
389 4185 535 4257 pretextu
553 4175 734 4255 interposito,
749 4194 809 4235 non
827 4170 1027 4243 excusatione}
1039 4174 1244 4253 caadscripta

143 4279 394 4349 posteaquam
421 4269 589 4330 rationes
613 4268 794 4339 retulerit,
823 4268 877 4328 sed
901 4267 983 4327 vobis
1011 4274 1099 4344 atque
1126 4268 1241 4347 legibus

140 4364 433 4443 penimsdespectis:
454 4380 545 4442 porro
553 4361 840 4443 cavillationesquas
854 4370 959 4422 contra
970 4359 1035 4419 haec
1046 4359 1162 4420 allaturi
1173 4374 1241 4423 sunt

141 4456 277 4537 exposui,
291 4475 415 4536 quarum
433 4456 521 4517 etiam
539 4466 574 4517 ut
586 4476 643 4519 ‹ros
662 4474 808 4548 memores
824 4452 888 4515 sitis
900 4471 1000 4521 exoro.
1018 4453 1159 4517 Secundo
1171 4450 1240 4517 loco
