2967 4950
270 304 333 366 760
381 375 383 380 ,
571 301 790 362 ADVERSUS
812 298 1069 362 EUBULIDEM.

268 475 349 529 num,
364 464 397 515 ut
419 473 498 517 nunc
518 453 559 515 ait
583 455 754 531 Eubulidas,
772 458 818 517 vel
838 457 1024 537 magistram
1037 475 1148 536 gerere,
1166 456 1210 515 vel
1223 454 1338 516 sacerdo·

267 548 341 610 tium
356 547 462 623 sortiri,
486 567 585 610 secum
597 548 746 610 delectum
759 550 984 610 sivisset-nam
1001 559 1032 610 et
1046 550 1109 629 ipse
1122 549 1180 608 fuit
1201 569 1217 608 e
1235 549 1338 608 sortien-

268 642 346 702 tibus
364 651 394 703 et
416 641 590 715 delectis—,
611 663 707 722 neque
728 639 826 715 etiam,
848 663 915 702 cum
938 653 1023 702 vetus
1045 643 1072 701 ei
1094 661 1208 702 mecum
1228 642 1339 700 simultas

266 734 468 807 intercederet,
481 735 511 792 in
527 735 584 794 boc
599 753 692 812 usque
705 743 820 813 tempus
835 734 1004 807 distulisset,
1017 734 1099 813 qnod
1119 753 1158 793 an
1175 751 1294 812 uuquam
1303 735 1341 792 lu·

267 838 364 888 turum
377 837 468 898 esset,
490 847 576 886 nemo
591 827 746 906 praescivit,
759 827 785 886 si
798 827 868 906 quid
889 826 927 887 de
939 847 986 886 me
1000 827 1060 887 tale
1077 837 1254 905 compertum
1266 827 1342 884 habu-

267 919 347 990 isset.
390 918 449 978 Sed
462 933 522 978 non
535 929 715 997 compertum
728 917 840 978 babuit.
882 918 1065 997 Quapropter
1077 937 1129 997 per
1140 926 1255 997 tempus
1270 935 1343 976 omna

267 1014 425 1093 reliquum,
437 1031 503 1072 cnm
527 1021 557 1071 et
576 1011 765 1091 municipium
788 1021 819 1070 et
842 1011 1022 1071 sortitionem
1044 1029 1160 1070 mecum
1179 1027 1342 1068 communen

268 1105 399 1176 haberet,
421 1103 493 1164 nihil
507 1104 610 1163 horum
623 1103 792 1182 perspexit:
813 1115 968 1183 postquam
987 1113 1086 1162 antem
1106 1102 1207 1162 civitas
1228 1101 1343 1159 universa

268 1197 300 1260 in
320 1197 439 1276 eosqui
460 1216 493 1256 se
512 1195 676 1276 petulanter
696 1196 726 1254 in
746 1195 904 1274 municipia
924 1197 1116 1274 ingesserant,
1130 1193 1267 1254 iracunde
1283 1209 1342 1252 con·

266 1293 359 1354 citata
372 1290 437 1363 fuit,
452 1289 649 1350 tuminsidias
663 1288 932 1366 mibicomparavit.
973 1288 1088 1348 Fuisset
1100 1297 1200 1347 antem
1212 1286 1280 1345 illud
1289 1285 1342 1364 qui·
1439 1358 1440 1371 χ

268 1384 337 1446 dem
349 1393 466 1462 tempus
480 1381 606 1441 hominis
626 1380 844 1440 veritatelreti:
866 1379 924 1439 boo
945 1389 1054 1452 annm,
1066 1379 1146 1458 quod
1168 1398 1246 1438 nnnc
1264 1377 1343 1449 adest,
1439 1376 1440 1403 ³

266 1474 377 1536 inimici
389 1482 446 1548 est,
461 1472 563 1552 quide
577 1472 722 1533 industria
738 1472 941 1532 calumnietur.
984 1472 1049 1550 Ego
1063 1480 1173 1541 autem,
1186 1470 1343 1539 dudins-

267 1587 364 1647 neque
375 1585 428 1646 per
440 1565 513 1625 deos
526 1584 577 1625 oro
589 1563 745 1645 quisquam
757 1565 828 1624 mihi
841 1565 988 1637 obturbet,
1000 1584 1097 1643 neque
1117 1564 1149 1623 id
1167 1563 1248 1643 quod
1265 1563 1345 1621 dictu·

267 1679 317 1723 tus
341 1677 406 1720 sum
430 1677 510 1736 tegre
533 1658 659 1731 lerat-,
677 1677 723 1718 me
745 1657 954 1718 Atheniensem
976 1676 1042 1716 esse
1065 1657 1154 1727 duoo,
1177 1666 1214 1717 ut
1234 1664 1343 1716 sesmrrn

268 1750 391 1832 quilibet
403 1768 479 1823 sese,
492 1761 523 1810 et
543 1769 608 1810 eam
622 1769 685 1812 esse
701 1749 772 1809 mihi
790 1759 913 1810 matrem
933 1751 971 1810 ab
990 1749 1075 1809 initio
1088 1763 1170 1830 puto,
1184 1769 1270 1828 quam
1280 1745 1344 1826 apnd

269 1863 323 1906 uos
336 1843 474 1913 ostendo,
486 1862 581 1921 neque
596 1841 714 1903 alterins
728 1863 803 1915 sum,
811 1843 888 1902 hane
898 1851 997 1903 autem
1009 1842 1080 1901 mihi
1090 1842 1224 1903 vendico.
1244 1841 1343 1900 Patrem

267 1937 486 2010 rursus'eodem
500 1937 598 1998 modo.
640 1937 682 1996 At
695 1936 719 1996 si
733 1935 783 2015 qui
796 1955 907 2006 eorum,
925 1936 956 1993 in
969 1954 1044 2013 quos
1056 1935 1218 2013 inquiritur,
1231 1927 1294 1994 cum
1304 1950 1344 1992 eos

267 2050 392 2110 qnorum
416 2040 485 2090 sunt
507 2031 668 2102 occultant,
689 2049 792 2088 eorum
814 2048 884 2090 sero
901 2047 967 2090 esse
985 2048 1052 2088 sese
1069 2043 1193 2108 quornm
1211 2049 1269 2088 non
1287 2035 1343 2086 sunt

266 2123 415 2202 simulant,
429 2143 464 2183 eo
487 2123 553 2202 ipso
570 2132 744 2202 argumento
758 2141 817 2180 non
838 2121 945 2201 injuria
963 2121 1109 2200 peregrini
1122 2119 1203 2201 apud
1216 2141 1265 2180 vos
1279 2118 1344 2198 judi·

267 2227 390 2280 cantur:
411 2215 448 2276 de
461 2235 508 2275 me
522 2215 700 2276 contrarium
718 2215 819 2294 utique
839 2214 1023 2274 sentiendum
1042 2215 1106 2287 erit,
1120 2216 1214 2275 civem
1226 2231 1342 2273 essene.

267 2311 372 2391 Neque
396 2308 473 2368 enim
494 2309 678 2388 peregrinum
700 2319 730 2366 et
749 2308 930 2387 peregrinam
943 2319 1080 2387 parentes
1093 2327 1159 2367 esse
1171 2325 1256 2368 meos
1272 2303 1345 2384 proti·

266 2401 368 2476 tendo,
381 2400 438 2459 frui
463 2399 580 2472 ciuitate
603 2399 814 2460 instituissem:
834 2399 887 2459 sed
910 2399 936 2458 si
959 2399 1031 2479 quid
1051 2400 1110 2460 tale
1133 2399 1205 2458 mibi
1222 2397 1343 2460 conscius

267 2514 374 2567 essem,
397 2494 610 2571 quaeritassem,
624 2511 747 2571 quorum
770 2511 816 2551 me
836 2492 927 2551 filiurn
942 2513 1006 2552 esse
1028 2491 1164 2553 dicerem.
1210 2492 1268 2552 Sed
1285 2488 1343 2549 nihil

267 2606 347 2646 eram
360 2586 508 2647 conscius.
550 2586 733 2665 Quapropter
746 2605 799 2645 eos
818 2594 961 2665 parentes,
974 2585 1024 2665 qui
1039 2597 1116 2659 sunt,
1130 2594 1163 2646 ut
1175 2601 1288 2666 aequum
1299 2590 1344 2653 est,

266 2679 405 2750 retinens,
416 2678 487 2739 civis
501 2698 567 2738 esse
581 2678 697 2738 studeo.
734 2676 737 2681 ’

310 2775 358 2831 14.
377 2772 445 2831 dam
459 2770 514 2830 etsi
528 2768 658 2849 pupillus
671 2769 789 2830 relictus
802 2771 884 2842 snm,
897 2781 995 2830 tamen
1016 2790 1064 2831 me
1077 2770 1181 2831 dicunt
1196 2790 1260 2830 esse
1277 2766 1354 2826 loce.

268 2865 389 2946 pletem,
404 2874 436 2925 et
457 2865 575 2925 testium
589 2865 734 2942 quosdam
748 2875 865 2944 propter
878 2864 1076 2925 emolumenta
1094 2884 1126 2925 se
1140 2864 1211 2923 milri
1223 2869 1347 2943 cognatos

267 2978 333 3022 esse
353 2958 459 3017 dicere.
501 2956 547 3016 lta
570 2956 656 3016 simul
677 2966 707 3015 et
724 2958 830 3035 probra
847 2957 1028 3036 paupertatis
1049 2967 1079 3016 et
1100 2958 1216 3035 generis
1234 2950 1345 3016 obscuri·

264 3058 356 3111 tatem
371 3050 531 3130 objiciunt:
553 3047 639 3109 simul
662 3059 782 3129 propter
796 3048 911 3109 divitias
926 3050 1024 3108 omnia
1042 3049 1163 3109 mercari
1186 3069 1233 3108 me
1250 3047 1345 3107 dicunt

266 3143 393 3204 Proinde
413 3154 480 3203 utra
499 3142 604 3203 horum
627 3141 669 3201 eis
691 3141 839 3202 credenda
850 3142 940 3203 suntl
962 3142 1105 3202 Licuisset
1120 3143 1255 3202 nimirum
1268 3141 1314 3207 eis,
1327 3134 1346 3194 si

264 3235 432 3315 peregrinus
456 3243 507 3294 ant
528 3233 636 3293 nothus
660 3253 716 3312 ego
734 3252 840 3306 essem,
854 3234 983 3294 omnium
997 3253 1127 3294 mearum
1147 3254 1237 3315 opum
1258 3244 1346 3311 capere

208 3330 212 3337 '
264 3325 465 3387 hereditatem.
508 3326 593 3386 Itane
612 3325 644 3385 hi
661 3316 796 3405 'paucula
817 3328 960 3407 accipere,
979 3335 1011 3387 et
1032 3326 1098 3387 falsi
1116 3324 1274 3388 testimonii
1286 3320 1347 3383 acti-

265 3436 352 3479 onem
366 3428 397 3479 et
414 3418 574 3498 periculum
596 3429 777 3498 exspectare,
792 3430 821 3479 et
840 3423 980 3499 pejerare,
1005 3418 1129 3493 malunt,
1152 3439 1243 3499 quam
1262 3426 1347 3477 nuere
1442 3469 1443 3472 ,

265 3509 373 3583 omnia,
386 3528 481 3589 eaque
499 3528 614 3579 secure,
629 3530 725 3589 neque
747 3510 816 3570 ullis
830 3531 862 3571 se
876 3510 945 3572 diris
967 3521 999 3571 et
1020 3510 1225 3572 devotionibus
1238 3506 1347 3571 0bnrir·
1442 3509 1443 3512 ’

265 3600 357 3680 gerel
382 3602 450 3661 Non
464 3602 507 3663 ita
518 3618 564 3662 res
576 3601 666 3661 habet
678 3602 823 3663 nimirum.
852 3604 912 3665 Sed
925 3605 1046 3684 cognati
1060 3624 1128 3665 cum
1142 3604 1211 3678 sint,
1225 3604 1276 3663 nni
1290 3621 1347 3662 sno
1442 3649 1443 3664 .

262 3713 338 3767 rum,
351 3703 386 3754 nt
401 3704 513 3755 rectum
527 3704 582 3767 est,
597 3695 786 3776 opitulantur.
806 3696 809 3700 ’
822 3698 925 3777 Neque
936 3698 1001 3758 haec
1015 3718 1095 3759 nunc
1108 3706 1224 3759 tantum
1235 3696 1346 3777 impulsu

263 3804 331 3846 meo
340 3786 463 3857 faciunt,
477 3787 528 3847 sed
541 3787 612 3847 dum
621 3786 762 3868 puerulus
775 3790 933 3849 etiamnum
944 3790 998 3863 lui,
1007 3810 1054 3849 me
1070 3791 1167 3851 statim
1181 3790 1223 3850 ad
1236 3787 1346 3849 curiales

264 3878 421 3950 duxerunt,
441 3879 472 3938 in
488 3878 584 3973 aedem
599 3880 744 3960 Apollinis
764 3882 850 3961 patrii
866 3882 1021 3954 duxerunt,
1034 3882 1065 3941 in
1079 3882 1192 3963 reliqua
1204 3883 1274 3942 item
1286 3891 1346 3941 tem·

263 3971 322 4051 pla.
365 3971 469 4051 Neque
486 3992 555 4033 vero
576 3992 632 4053 ego
656 3973 726 4033 dum
743 3992 818 4054 puer
835 3973 888 4047 fui,
903 3975 945 4035 eis
959 3975 1101 4055 persuasi,
1115 3985 1147 4036 ut
1166 3975 1350 4036 illalaeerent
1442 4053 1443 4056 Ἴ

264 4062 386 4137 scilieet,
397 4075 521 4143 argento
534 4063 615 4125 dato.
643 4065 703 4125 Sed
715 4076 842 4146 etpater
854 4067 925 4126 dum
935 4068 1018 4140 vixit,
1031 4066 1160 4145 legitimo
1170 4063 1348 4148 jurejurando

263 4155 334 4218 dato
355 4157 524 4229 curialibus,
538 4176 586 4217 me
606 4157 698 4217 civem
720 4159 892 4233 introduxit,
914 4179 982 4220 cnm
1001 4178 1038 4220 ex
1055 4160 1118 4220 cive
1140 4160 1285 4241 desponsa
1302 4154 1348 4217 sibi

263 4259 366 4309 natum
386 4251 483 4311 sciret
526 4250 565 4308 Et
584 4249 650 4311 baec
665 4260 757 4313 testes
771 4252 960 4313 affirmarunt.
1001 4252 1113 4314 Postea
1124 4274 1182 4334 ego
1195 4274 1261 4314 snm
1273 4268 1349 4333 pere·

261 4338 383 4415 grinusl
405 4343 462 4403 Ubi
474 4342 616 4403 tributum
634 4342 842 4423 inquilinorum
854 4345 992 4425 pependi,
1005 4356 1057 4407 aut
1069 4346 1146 4408 ullus
1160 4363 1289 4408 meorum
1300 4364 1347 4404 un-

264 4433 372 4507 quaml
393 4434 520 4505 Quando
533 4434 573 4497 ad
585 4435 659 4497 alios
673 4437 834 4517 municipes
849 4438 972 4514 accessi,
986 4445 1017 4500 et
1035 4458 1126 4520 quum
1144 4440 1197 4516 eis,
1207 4447 1243 4502 nt
1255 4455 1299 4501 ne
1310 4457 1349 4498 ra·
