2967 4950
485 329 673 403 ‚CONTRA
695 328 914 397 CONONEM.
1189 329 1250 399 725

164 485 253 546 melia
273 484 383 546 alieni?
412 485 488 546 Hac
500 501 556 565 ego
573 497 652 548 certe
673 489 702 546 in
720 507 825 549 eorum
836 490 922 552 factis
935 490 1031 551 inesse
1049 495 1248 570 puto-omnia.
1300 517 1303 525 ¹

165 578 230 639 Etsi
241 589 339 639 autem
352 577 398 638 his
412 579 468 638 alia
480 581 612 658 graviora
626 582 832 660 designarunt;
847 603 902 644 nos
916 592 1014 645 tamen
1027 586 1175 664 exquirere
1188 608 1248 648 non

166 691 322 752 possumus
337 693 437 733 omnes
450 693 503 734 eos
521 675 571 754 qui
585 674 681 737 affecti
694 686 762 734 sunt
775 677 893 752 injuriis.

209 767 255 824 13.
276 766 372 834 Quam
391 775 489 825 autem
512 767 793 845 impudentissimam
813 769 876 848 ejus
896 771 1054 830 orationem
1074 771 1135 830 iore
1151 774 1249 846 audio,

163 855 205 914 de
214 875 252 915 ea
264 877 314 916 sos
327 859 499 936 praemoneri
513 867 643 937 praestat.
684 859 775 918 Aiunt
788 880 854 919 eum
870 860 966 920 liberis
987 863 1049 921 suis
1064 863 1197 925 adductis
1217 867 1250 927 in

165 966 275 1008 eorum
290 951 382 1029 capita
401 951 574 1028 juraturum,
587 961 617 1014 et
634 951 886 1030 imprecationibus
901 952 971 1012 diris
989 964 1019 1012 et
1037 956 1185 1016 atrocibus
1199 976 1253 1018 eos

167 1041 348 1117 devoturum,
361 1053 392 1102 et
413 1043 519 1104 talibus
544 1057 577 1104 ut
598 1063 649 1104 eas
672 1043 792 1122 quidam
814 1043 865 1123 qui
891 1043 1023 1104 audierat
1043 1047 1166 1124 portenti
1185 1048 1253 1110 loco

166 1135 254 1195 nobis
279 1137 415 1196 retulerit.
457 1137 668 1217 Insuperabilia
690 1147 768 1209 sunt,
782 1136 913 1209 ludices,
933 1137 999 1195 talis
1017 1139 1149 1198 audaciae
1170 1160 1253 1203 com·

166 1237 284 1287 menta:
317 1247 385 1287 nanu
409 1228 535 1308 optimus
560 1230 692 1308 quiaque,
714 1229 824 1308 opinor,
840 1239 871 1288 et
893 1228 1009 1288 minime
1028 1230 1091 1307 ipse
1113 1232 1252 1306 mendax,
1328 1235 1330 1241 '

165 1319 276 1382 talibus
291 1321 447 1400 praestigiis
470 1321 613 1383 facillime·
627 1321 777 1401 decipitur.
818 1321 879 1381 Sed
899 1332 997 1381 mmen
1012 1322 1152 1400 tantisper
1166 1325 1253 1383 susti·

165 1413 281 1474 nendos
295 1421 341 1472 est
354 1432 497 1486 assensus,
511 1413 581 1473 dum
594 1415 653 1474 vita
674 1423 706 1474 et
718 1433 813 1474 mores
826 1414 1052 1474 considerentur.
1093 1414 1184 1474 Istius
1202 1437 1255 1476 au·

166 1511 227 1566 tem
247 1505 278 1565 in
298 1505 466 1584 hujusmodi
485 1507 573 1566 'rebus
591 1506 737 1566 levitatem
752 1526 808 1586 ego
821 1508 903 1571 vobis
917 1527 1072 1588 exponam,
1082 1508 1134 1588 qui
1153 1529 1255 1572 neces-

165 1596 243 1658 sario
256 1597 421 1676 perquisivi.
1250 1629 1253 1634 ·

211 1691 261 1748 14.
280 1690 389 1763 Audio,
411 1691 544 1764 ludices,
565 1691 722 1752 Bacchium
735 1693 880 1771 quendam
894 1714 913 1753 a
924 1696 1006 1754 vobis
1020 1695 1212 1770 interfectum,
1226 1706 1258 1756 et

168 1781 376 1842 Aristocratem
391 1783 438 1842 cui
452 1782 530 1842 oculi
545 1792 611 1842 sunt
632 1784 716 1855 eruti,
730 1793 762 1842 et
780 1783 854 1859 alios
871 1787 989 1858 similes,
1002 1775 1033 1846 et
1048 1787 1210 1860 Cononem,
1223 1789 1255 1848 in

168 1875 365 1938 adolescentia
378 1877 471 1938 socios
486 1877 586 1950 fuisse,
600 1863 634 1936 et¹
650 1877 792 1936 Triballos
812 1877 1049 1956 cognominatos:
1071 1899 1122 1939 eos
1140 1892 1170 1939 et
1192 1868 1271 1939 He-'

166 1978 243 2029 catoe
256 1989 386 2029 comesse
400 1988 509 2041 coenas,
524 1979 555 2028 et
566 1968 717 2029 testiculos
733 1969 937 2049 porcellorum,
954 1969 1176 2047 quibus'coetum
1187 1991 1256 2052 pur-

165 2071 242 2140 gant
262 2071 418 2140 antequam
438 2062 467 2120 in
491 2060 635 2122 theatrum
661 2061 870 2140 ingrediantur,
892 2059 1022 2138 undique
1044 2061 1200 2139 collegisse
1224 2072 1257 2123 ct

167 2155 302 2216 convivia
312 2155 476 2214 celebrasse
487 2175 497 2222 ;,
517 2163 547 2213 et
567 2153 681 2214 facilius
702 2173 768 2213 curn
784 2157 899 2229 jurasse
915 2161 979 2211 tum
996 2153 1156 2231 pejerasse,
1169 2147 1258 2234 quam

167 2247 284 2326 quidvis
304 2247 382 2307 aliud
404 2245 521 2306 fecisse.
560 2245 628 2305 Non
649 2245 738 2324 igitur
754 2245 868 2305 Cononi
878 2245 988 2337 jnrpnti
1000 2245 1045 2305 his
1063 2246 1194 2305 moribus
1211 2256 1259 2306 est

168 2339 307 2402 habenda
316 2339 527 2418 fides-neque
539 2339 638 2398 multis
651 2339 746 2400 verbis
755 2348 802 2398 eat
814 2357 939 2418 opus-,
950 2357 1018 2398 nam
1031 2338 1081 2417 qui
1094 2338 1141 2398 rel
1154 2331 1261 2398 secun·⁴

101 2426 107 2442 “
168 2433 241 2494 dum
254 2435 337 2513 leges
350 2435 443 2494 sancti
453 2433 565 2514 juraret
573 2432 654 2507 nihil,
666 2433 690 2493 is
701 2443 780 2493 certe
792 2452 844 2513 per
857 2433 972 2507 liberos,
982 2433 1061 2513 quod
1073 2433 1259 2495 interdictum

167 2536 227 2600 est,
235 2528 342 2606 jurare·
352 2547 411 2587 non
424 2526 629 2587 cunctabitur:
649 2536 681 2587 at
699 2528 798 2587 bonus
808 2525 925 2607 quidem
939 2527 981 2589 vir
994 2527 1083 2587 etiam
1099 2527 1261 2607 legitimum

165 2620 374 2700 jusjurandum
388 2621 440 2680 dat
453 2619 571 2689 invitum
593 2622 688 2700 potius
699 2629 797 2679 autem
807 2638 895 2700 quam
907 2619 963 2680 isto
973 2620 1263 2700 descenderet'quid-

169 2713 216 2772 vis
231 2714 330 2773 mallet
341 2712 470 2794 perpeti:
493 2712 518 2773 si
537 2722 634 2773 autem
647 2714 747 2794 jurare
761 2712 879 2773 omnino
897 2732 1017 2774 necesse
1037 2724 1092 2784 est,
1106 2713 1132 2772 is
1151 2714 1201 2792 qui
1220 2714 1264 2775 ita

165 2806 249 2887 jurat
264 2814 299 2865 ut
312 2816 460 2885 receptum
472 2816 527 2879 est,
540 2806 606 2887 plus
616 2806 695 2891 *fidei
707 2814 834 2865 meretur
853 2825 888 2866 eo
906 2806 957 2885 qni
977 2806 1082 2866 liberos
1095 2805 1220 2867 devovet
1231 2819 1262 2869 et

169 2900 335 2981 perignem
351 2902 440 2978 jurat.
483 2900 547 2979 Ego
570 2919 648 2972 vero,
670 2900 785 2972 Conon,
808 2900 854 2959 cui
875 2908 992 2978 propter
1014 2899 1111 2958 omnia
1130 2899 1196 2977 plus
1217 2911 1262 2959 est

169 2993 339 3053 babendum
352 2991 419 3052 fidei
433 3011 521 3071 quam
535 2992 598 3066 tibi,
610 2992 814 3072 jusjurandum
824 2991 882 3050 hoc
895 2991 965 3051 dare
979 2990 1067 3064 volui,
1080 3008 1149 3063 non,
1163 3000 1197 3049 ut
1206 2991 1261 3049 im-

173 3104 254 3165 pune
265 3085 368 3145 ferrem
383 3084 502 3156 delicta,
516 3104 582 3143 cum
595 3084 666 3142 nihil
681 3083 738 3142 tale
754 3084 894 3154 factitem,
907 3082 1006 3162 qualia
1019 3091 1062 3154 tu,
1076 3081 1129 3140 sed
1142 3091 1260 3160 propter

173 3177 324 3237 veritatem
338 3188 368 3238 et
382 3198 419 3237 ne
434 3176 618 3236 contumeliis
630 3176 771 3248 afficerer,
781 3194 840 3235 non
854 3183 888 3233 ut
900 3172 1024 3253 perJ‘urio
1034 3191 1152 3233 causam
1164 3172 1262 3233 vince-

170 3288 245 3330 rem.
285 3270 389 3331 Recita
401 3269 645 3349 provocationem.
1202 3274 1205 3278 ’

579 3422 856 3482 PROVOCATIO.

219 3552 681 3631 Haecegoettumjurarevolui‚
697 3561 728 3613 et
747 3572 849 3613 nunc
867 3553 961 3633 juro
982 3571 1052 3632 per
1075 3549 1174 3610 deos
1198 3551 1263 3612 de·
1327 3528 1340 3551 ⁶

174 3665 299 3725 asque
332 3662 465 3706 omnes
503 3654 629 3706 restra
659 3664 791 3717 causa,
820 3643 1003 3714 ludices,
1042 3653 1082 3703 et
1108 3663 1263 3703 coronas

172 3738 493 3809 circumstantis,
520 3758 573 3797 me
601 3737 757 3797 omnino
786 3757 805 3797 a
830 3737 995 3796 Conone
1022 3754 1263 3818 perpessum

172 3851 222 3893 ea
244 3852 327 3911 quae
352 3850 581 3914 conqueror,
604 3841 642 3892 ct
662 3831 868 3910 accepisse
889 3830 1041 3911 plagas,
1065 3840 1103 3889 et
1126 3830 1264 3893 discisss

77 3919 83 3930 ¹
174 3944 256 3985 sum
279 3924 376 3984 mihi
411 3925 561 3985 labrum
595 3922 652 3983 ita
686 3933 729 3982 ut
763 3922 1037 3983 consuendum
1067 3923 1203 3994 tuerit,
1228 3933 1267 3989 et

172 4016 433 4079 contumeliis
471 4015 659 4089 affectum,
696 4017 769 4077 boc
802 4013 968 4097 judicio
1004 4015 1120 4076 illum
1154 4012 1265 4077 acorr-

172 4130 275 4173 sare.
303 4110 416 4178 Quod
438 4110 474 4171 si
497 4116 637 4170 sancte
660 4109 765 4190 juro,
790 4108 911 4170 multa
936 4110 1030 4170 mihi
1055 4112 1160 4171 bona
1181 4128 1266 4169 eve·

173 4202 304 4273 niant,
339 4220 467 4281 neque
504 4200 541 4260 in
578 4210 785 4280 posterum
811 4202 1024 4283 quicquam
1048 4201 1131 4261 tale
1164 4200 1266 4263 acci·

174 4296 257 4357 dat:
288 4292 349 4353 sin
382 4294 529 4374 pejero,
557 4292 742 4354 funditus
775 4305 999 4375 persumet
1028 4294 1126 4372 ipse,
1160 4302 1199 4352 et
1231 4294 1266 4355 si

174 4387 271 4467 qnid
295 4386 388 4447 mihi
416 4396 482 4447 aut
505 4395 570 4446 est
593 4396 660 4446 aut
682 4387 860 4449 futurum
886 4398 957 4450 est.
999 4385 1060 4446 Sed
1079 4404 1139 4448 non
1156 4387 1266 4468 pejero,

175 4480 233 4541 etsi
248 4478 364 4545 Coroni
377 4478 426 4539 ilia
439 4488 648 4558 rumperentur.
