2967 4950
348 312 353 323 ’
444 328 670 407 nauseans
689 333 959 403 enarrarunt.
1195 337 1256 405 ιιι

574 526 842 613 rasrrnoura

183 721 187 731 Ι
202 655 230 714 5.
251 653 366 722 Quibus
389 654 477 735 igitur
490 675 536 715 me
544 645 729 736 ¹Plraenippus
748 654 858 737 injuriis
878 654 1002 739 aprima
1017 657 1115 728 statim
1129 656 1177 717 die
1191 658 1256 720 affi-

164 748 229 830 cere
251 748 380 837 coeperit,
394 747 530 820 audistis,
546 749 678 820 ludices,
693 759 724 808 et
737 769 754 808 e
768 768 814 807 me
829 759 859 808 et
875 768 891 808 e
905 748 1047 809 testibus:
1061 769 1135 827 que
1159 758 1258 819 autem

163 850 230 919 post
242 838 319 899 facta
334 849 415 909 sunt,
428 859 464 900 ea
475 856 535 899 non
549 840 580 898 in
594 860 640 901 me
654 849 768 899 tantum
783 840 834 899 sed
850 841 937 899 etiam
950 842 981 899 in
994 840 1076 923 leges
1095 850 1164 900 sunt
1179 861 1261 902 eom·

164 932 262 1001 missa,
274 952 336 1011 qum
350 932 435 991 nobis
450 934 584 993 omnibus
596 952 705 1013 magno
717 932 816 992 studio
834 942 903 991 sunt
920 934 1048 993 tuendae.
1090 933 1166 993 Cum
1180 933 1258 993 enim

165 1023 252 1081 tertio
274 1022 340 1082 Idus
364 1022 484 1083 Sextilis
503 1025 642 1105 jurasset,
657 1044 688 1083 se
705 1036 784 1083 recte
796 1033 827 1083 et
842 1043 907 1083 rere
927 1020 997 1084 suas
1011 1046 1080 1105 opes
1094 1024 1259 1084 declaratu-

167 1134 239 1186 rum,
253 1118 281 1173 e't
294 1114 341 1173 lex
354 1114 584 1175 declarationem
600 1116 662 1177 dari
682 1116 768 1175 tertio
787 1126 856 1195 post
871 1115 1074 1195 jusjurandum
1098 1115 1146 1177 die
1160 1125 1261 1196 aperte

160 1206 273 1286 jubeat,¹
296 1209 433 1267 convenit
453 1228 500 1268 me
521 1218 590 1268 ante
609 1208 777 1287 praetorium
792 1227 859 1268 cum
882 1206 1043 1288 Polyeucto
1067 1207 1210 1269 Crioense
1231 1218 1263 1269 et

164 1292 298 1360 Terentio
313 1319 429 1377 rogans,
442 1300 565 1380 primurn
580 1311 613 1360 ut
623 1300 828 1361 transactionis
840 1320 930 1360 causa
939 1320 1039 1360 secum
1049 1302 1261 1381 congredercr;

164 1392 360 1473 praestiturum
374 1391 451 1449 enirn
467 1392 536 1451 mihi
551 1412 617 1471 quae
637 1413 722 1471 aequa
736 1403 837 1452 essent
850 1392 969 1451 omnia:
992 1392 1098 1454 deinde
1117 1400 1149 1451 ιιι
1161 1392 1262 1453 decla·

164 1484 306 1545 rationem
331 1484 371 1542 rei
389 1482 538 1545 familiaris
558 1482 726 1544 differrem
718 1505 747 1542 ru
763 1484 826 1543 dies
848 1504 907 1544 non
928 1485 1051 1554 multos3
1072 1484 1262 1563 nequeenim

162 1576 280 1657 ignotas
295 1576 351 1636 sibi
364 1596 428 1636 esse
439 1597 485 1636 res
499 1598 589 1637 meas
624 1578 689 1656 Ego
699 1597 769 1636 vero
779 1576 828 1655 qui
843 1586 874 1636 et
886 1576 1029 1637 moderati
1046 1587 1077 1638 et
1089 1576 1180 1657 quieti
1196 1594 1262 1639 esse

166 1669 233 1731 civis
247 1690 307 1729 non
322 1670 418 1730 statim
439 1671 618 1763 praecipitem
640 1688 722 1730 ruere
745 1662 774 1731 in
791 1670 941 1750 judicium
956 1670 1168 1739 existimarem
1193 1688 1265 1730 con·

168 1761 355 1841 cessi—quid
364 1762 441 1820 enim
452 1756 550 1822 inultis
564 1774 610 1823 est
621 1746 769 1843 opusl—,
778 1772 811 1821 ut
820 1762 844 1821 is
858 1781 1035 1841 congressus
1045 1760 1266 1845 detransactiof

170 1854 254 1914 nibus
280 1874 388 1913 xxrrr.
410 1854 526 1913 Sextilis
548 1856 641 1928 fieret,
666 1855 825 1915 declaratio
849 1865 947 1915 autem
968 1873 1049 1913 xxv.
1102 1854 1157 1915 His
1177 1874 1196 1914 a
1217 1869 1265 1913 me

168 1945 368 2026 Phaenippus
360 1946 520 2026 impetratis
534 1957 639 2006 neutro
654 1947 701 2005 die
715 1958 824 2052 proesto
837 1946 911 2006 luit.
933 1945 987 2005 sed
1001 1945 1039 2005 ad
1054 1964 1108 2005 vos
1123 1964 1183 2005 non
1204 1965 1266 2005 una

167 2038 219 2099 sed
233 2038 348 2099 duabus
361 2038 475 2117 legibus
490 2039 604 2098 violatis
617 2040 791 2118 ingreditur,
811 2058 870 2117 qna
883 2058 949 2119 qum
958 2038 1045 2118 jubet
1056 2037 1164 2113 triduo,
1183 2048 1267 2117 post·

167 2151 254 2211 quam
271 2130 424 2211 juraverit,
443 2150 504 2189 rem
525 2130 697 2191 familiarem
717 2132 880 2204 declarare,
898 2130 994 2191 altera
1005 2150 1071 2210 quse
1084 2139 1163 2190 ratas
1175 2129 1268 2192 habet

166 2225 331 2305 pactiones,
355 2224 478 2283 testibus
498 2223 693 2304 praesentibus
715 2226 819 2285 lactas.
861 2224 963 2303 Atqui,
979 2223 1111 2295 Judiees,
1132 2221 1197 2301 quis
1216 2243 1267 2311 νεῖ

168 2326 259 2391 strum
275 2316 402 2395 ignorat,
417 2334 499 2395 aeque
513 2325 605 2375 ratam
619 2336 685 2375 esse
699 2317 777 2376 diem
791 2327 852 2376 tum
867 2317 981 2395 legibus
991 2315 1146 2389 sancitam,
1156 2322 1219 2373 tum
1229 2317 1266 2375 ab

169 2408 340 2468 adversariis
362 2409 557 2468 concessam?
589 2409 665 2469 Nam
689 2430 758 2488 eum
786 2431 864 2495 saepe
888 2410 1004 2491 legibus
1026 2409 1176 2490 trigesima
1202 2408 1267 2469 dies

168 2503 310 2582 p'raefinita
324 2503 370 2575 sit,
390 2502 478 2562 aliam
497 2503 571 2563 inter
590 2523 645 2564 nos
667 2505 745 2586 pacti
764 2505 845 2586 apud
868 2506 1057 2584 magistratus
1076 2523 1177 2564 omnes
1192 2503 1268 2562 obti÷

169 2594 295 2688 ruimus,
311 2605 342 2654 et
360 2595 492 2656 actiones
516 2606 546 2656 et
563 2597 676 2684 judicia
693 2597 865 2657 adversariis
888 2608 1047 2677 prorogant
1061 2594 1228 2669 noremriri,
1244 2593 1270 2654 si

169 2689 222 2770 ipsi
236 2682 314 2748 inter
329 2708 361 2748 se
373 2689 570 2749 convenerint.
613 2689 782 2760 Quorum
759 2711 783 2750 ιι
800 2690 865 2770 quis
878 2705 1010 2750 mutuam
1025 2689 1192 2792 pactionem
1207 2687 1269 2747 irri-

169 2790 226 2840 tam
238 2801 305 2840 esse
320 2790 452 2860 oportere
465 2793 576 2854 censet,
591 2780 615 2841 is
629 2783 712 2842 vobis
730 2781 799 2842 odio
812 2768 1038 2862 prosequendus
1052 2791 1108 2854 est,
1122 2791 1156 2845 ut
1172 2781 1269 2861 impu·

170 2873 359 2934 dentissimus
374 2873 577 2934 calumniator
618 2871 800 2955 Plroenippus
813 2888 924 2946 autern,
943 2876 1064 2956 perinde
1078 2895 1113 2935 ac
1126 2895 1150 2934 ιι
1142 2873 1233 2934 ''lex
1220 2893 1271 2954 Ju-

169 2967 238 3027 beat
258 2966 332 3026 nihil
354 2977 504 3047 praestare,
518 2967 599 3048 quod
619 2969 773 3049 receperis,
787 2969 824 3028 ab
843 2987 878 3028 eo
897 2967 953 3042 die,
966 2988 1025 3049 quo
1039 2959 1173 3049 promilit
1185 2986 1219 3026 se
1240 2975 1272 3026 et

175 3061 213 3142 ad
233 3061 461 3121 transactionem
484 3061 651 3135 affuturum,
670 3073 700 3121 et
723 3062 950 3133 declarationem
969 3082 1052 3122 suam
1075 3062 1221 3132 daturum,
1241 3069 1273 3119 et

175 3173 266 3214 meam
280 3165 478 3234 accepturum,
493 3174 638 3234 nusquam
655 3173 686 3214 se
709 3154 792 3214 stitit.
835 3156 910 3234 Ego,
925 3165 1081 3234 postquam
1101 3153 1139 3213 ab
1161 3151 1219 3211 isto
1240 3159 1272 3213 et

173 3265 220 3306 me
234 3257 263 3306 et
275 3246 360 3326 leges
375 3247 522 3318 contemni
537 3246 605 3320 vidi,
619 3247 846 3307 declarationem
859 3246 889 3305 in
907 3246 1074 3327 praetorium
1094 3244 1194 3306 attuli:
1214 3243 1272 3303 iste

172 3360 238 3400 vero
240 3339 344 3420 ,quod
358 3350 388 3400 et
396 3339 485 3418 paulo
499 3341 578 3420 prius
592 3340 664 3413 dixi,
673 3340 804 3400 libellum
814 3339 884 3400 mihi
897 3360 985 3402 mane
999 3339 1092 3413 dedit,
1105 3337 1195 3399 videri
1207 3335 1274 3417 qui·
1338 3354 1342 3366 ⁴

173 3431 237 3493 dem
252 3431 440 3498 solummodo
454 3432 556 3493 volens
572 3453 604 3493 se
625 3433 695 3494 mihi
713 3433 832 3494 dedisse
856 3433 1094 3507 declarationem,
1108 3431 1203 3492 sed
1180 3451 1223 3492 sto
1238 3438 1274 3490 ιιι

172 3543 226 3604 ego
241 3524 300 3587 illis
316 3544 383 3604 quae
398 3522 538 3604 inscripta
552 3535 651 3586 essent
664 3526 707 3589 uti
720 3527 839 3588 minime
854 3546 983 3607 possem.
1025 3526 1094 3586 Non
1112 3525 1201 3586 decet
1221 3543 1274 3585 ars·

172 3626 238 3692 tem,
249 3616 415 3690 Judices,'
398 3637 432 3677 us
446 3618 513 3698 plus
526 3637 614 3697 aequo
628 3619 754 3679 tribuere
767 3619 816 3701 qui
830 3639 914 3681 suam
928 3619 1145 3700 improbitatem
1156 3617 1273 3697 legibus

173 3729 236 3770 esse
257 3709 417 3770 firmiorem
435 3710 718 3792 censent‚—alioqui
738 3711 868 3774 efficietis
882 3723 916 3772 ut
929 3712 1038 3773 multi'
1026 3731 1094 3793 Jura
1112 3709 1275 3790 perscripta

173 3800 285 3881 legibus
309 3801 512 3878 derideant-7
533 3802 574 3878 illi
598 3803 715 3882 quidem
733 3804 858 3882 juvandi
879 3814 958 3878 sunt¹
973 3803 1023 3883 qui
1045 3805 1273 3884 legumuvocem

175 3905 301 3954 vestram
316 3913 381 3954 esse
395 3903 509 3975 putant,
529 3906 559 3954 et
573 3906 699 3956 vestram
713 3895 791 3955 hanc
806 3916 872 3975 quoe
891 3917 944 3976 pro
965 3892 1102 3956 tribunali
1116 3893 1211 3956 editur
1229 3894 1273 3954 af-

88 4063 91 4068 *
174 3986 256 4048 lectis
270 3985 388 4062 injuria,
400 4007 459 4046 nou
474 3987 618 4060 sontibus,
632 3987 850 4068 opitulaturam.
876 3987 981 4052 Recita
994 3990 1098 4049 horum
1108 4009 1175 4070 quae
1183 3987 1276 4048 modo

176 4080 252 4158 dicta
266 4079 339 4140 siunt
352 4081 530 4156 testimonia,
544 4092 574 4141 et
586 4082 687 4162 leges..

496 4251 768 4313 rssrlmorrrn.
807 4240 952 4314 asana.

177 4382 305 4455 Proinde
318 4383 390 4454 lulla
402 4402 558 4464 perpessus
573 4405 591 4446 a
609 4385 784 4467 Phaenippo,
803 4387 935 4461 Judioes,
952 4387 1028 4454 hauc
1049 4383 1275 4463 descriptionem

179 4475 216 4548 sd
230 4473 425 4556 imperatores
434 4478 531 4546 retuli.
574 4478 691 4553 Recita.
