2967 4950
101 307 107 318 ‘
167 298 231 362 Μ
482 294 708 359 iniussus
729 292 963 359 besum.

108 528 116 541 ,
167 460 414 524 umarus,
434 449 904 532 ssdsyngrsphninanrscsse
921 456 1125 528 ongum
1144 446 1274 527 ineptiis

167 550 355 623 mut
396 542 479 605 nam
490 562 548 605 osc
561 542 593 605 ia
610 542 706 603 Ponto
724 552 860 604 emmer
873 542 1048 621 quicquam,
1061 558 1158 617 caque
1168 538 1208 603 io.
1223 558 1275 603 aar

170 653 237 695 rem
260 635 458 705 contulerunt,
475 636 609 696 Athenas
630 633 809 703 ναὴειάμι.
852 634 892 695 Et
908 654 963 695 nos
985 632 1155 713 «omneis,
1171 650 1276 695 :muco

170 729 299 789 tentibus
323 728 367 789 eis
393 749 410 788 e
433 723 541 800 Ponto,
562 747 623 787 non
645 727 828 787 habebamus
848 727 928 805 quod
951 725 1210 806 prehenderemus,
1224 733 1277 787 aut

169 830 347 893 teneremus,
361 821 504 900 tantisper
521 820 593 887 durs
615 828 749 886 neuram
762 818 920 898 mantiam
934 818 1157 901 recepissemus.
1193 815 1275 875 Nihil

169 914 249 977 enim
269 932 403 992 prorsum
425 912 456 972 in
468 925 586 994 portum
598 912 646 975 isti
659 922 792 972 nostrum
806 910 988 979 invexerunt.
1031 909 1092 971 Sed
1106 908 1191 971 nobis
1208 908 1274 971 inu-

170 1005 290 1069 sitatum
313 1005 463 1089 quippiam
486 1006 603 1079 accidit,
623 1004 762 1071 ludices:
783 1004 834 1084 qui
858 1004 984 1069 enimin
1006 1013 1105 1067 vestra
1123 1002 1181 1067 hac
1202 1001 1275 1072 urbs
1299 1026 1301 1030 ’
1376 1001 1380 1013 '

165 1098 241 1165 nibil
253 1098 452 1176 peccavimus,
465 1099 547 1161 nullo
567 1101 608 1162 ab
627 1100 668 1160 eis
679 1098 807 1165 conuicti
817 1098 928 1177 judicio
943 1117 1056 1168 sumes,
1069 1106 1171 1159 nostra
1182 1114 1274 1175 mou*

166 1191 221 1253 ais
231 1192 270 1250 ab
284 1190 349 1250 istis
363 1190 519 1254 Phasellus
532 1190 651 1271 spoliati
662 1210 780 1263 sumas,
791 1191 878 1270 quasi
891 1209 961 1249 vero
968 1190 1017 1269 jus
1029 1193 1108 1281 ¹resset
1117 1185 1275 1252 Phaselitis

166 1282 400 1366 nproesaliarum
414 1283 554 1343 adversus
567 1283 772 1343 Athenienses.
813 1283 892 1342 Cum
907 1284 996 1356 enim,
1006 1304 1071 1364 quae
1086 1290 1274 1361 acceperunt,

164 1372 293 1436 ‘reddere
316 1376 419 1449 nolint,
442 1375 524 1455 quod
546 1374 628 1436 aliud
648 1377 704 1435 erit
727 1372 809 1437 hi'sce
833 1376 921 1433 rebus
945 1394 1052 1435 nomen
1076 1372 1273 1445 tribuendum,

169 1488 258 1549 quam
278 1467 307 1527 ri
330 1488 382 1529 eos
402 1469 515 1548 eripere
538 1468 658 1532 uenat
689 1466 767 1531 Nam
790 1487 846 1547 ego
866 1466 986 1547 quidem
1005 1464 1103 1531 andivi
1120 1484 1274 1545 ,uunquam

169 1560 326 1638 quicquam
342 1560 512 1620 sceleratius
530 1581 565 1620 eo
581 1561 703 1631 scelere,
717 1552 794 1639 quod
816 1561 846 1619 in
860 1579 914 1619 uos
929 1559 976 1619 isti
997 1556 1278 1631 commiserantis

168 1671 228 1737 qne
242 1652 419 1711 confitentes
444 1671 476 1711 se
498 1651 654 1736 pecuniam
675 1650 825 1730 accepisse
839 1670 857 1710 a
870 1651 964 1711 nobis.
1006 1650 1122 1717 Quibus
1141 1650 1219 1709 enirn
1234 1648 1272 1715 ds

168 1743 369 1804 contractibus
390 1744 558 1822 ambigitur,
573 1743 704 1817 ludices,
717 1742 748 1801 bi
758 1742 903 1823 judicium
917 1744 1087 1824 postulant:
1109 1761 1183 1821 quos
1205 1761 1273 1804 vero

126 1900 134 1911 ,
168 1836 284 1914 utrique
297 1836 533 1921 contrahentium
548 1836 725 1896 confitentur
738 1848 768 1895 et
783 1836 820 1895 de
835 1836 940 1916 quibus
955 1836 1131 1917 syngrapha
1146 1834 1274 1898 nauticae

131 1984 146 1995 ,
168 1939 296 2006 exstant,
309 1928 364 1994 hos
374 1941 595 1989 consummatos
610 1948 675 1993 esse
689 1949 801 1999 omnes,
816 1940 846 1990 et
860 1932 1021 2013 perscripta
1034 1930 1064 1989 in
1079 1928 1186 2013 tabulis
1199 1946 1272 2007 prae·

166 2023 236 2083 stari
250 2034 384 2108 oportere
398 2033 531 2082 censent.
572 2022 641 2092 Jam
657 2041 709 2081 eos
730 2042 767 2081 ex
782 2024 951 2103 syngrapha
964 2022 1035 2089 nihil
1055 2022 1175 2082 omnino
1196 2008 1272 2105 preeL

164 2115 292 2187 stitisse,
305 2114 358 2176 sed
377 2114 446 2174 inde
458 2116 506 2183 ab
526 2112 610 2171 initio
630 2112 729 2173 statim
750 2115 920 2197 auspicatos
942 2114 1084 2181 struxisse
1104 2112 1223 2173 fraudes
1242 2122 1271 2173 et

168 2206 240 2267 nibil
252 2208 329 2285 sequi
342 2205 469 2283 bonique
480 2205 638 2291 cogitasse,
649 2216 711 2263 turn
725 2224 743 2263 a
757 2205 881 2265 testibus
896 2216 957 2265 tum
972 2206 1028 2286 ipsi
1043 2227 1139 2275 essse
1150 2206 1272 2273 convin-

167 2310 274 2367 cuntur
288 2299 364 2359 adeo
379 2297 544 2365 manifeste.
902 2294 905 2300 “

208 2392 238 2450 ⁷,
254 2390 349 2461 ¹Quod
364 2410 432 2453 sero
446 2390 650 2469 gravissimum
664 2401 711 2451 est
728 2390 805 2457 inter
819 2390 926 2458 Lacriti
946 2391 1086 2463 facinora,
1107 2390 1137 2452 id
1151 2412 1203 2453 vos
1219 2388 1271 2461 au·

154 2483 229 2555 ,dire
240 2485 345 2545 decet:
366 2483 392 2544 is
406 2484 482 2542 enirn
496 2487 586 2544 rebus
599 2484 736 2550 omnibus
749 2483 875 2564 prefuit.
920 2484 1082 2564 Postquam
1097 2485 1159 2552 *huc
1183 2481 1271 2552 vene-

94 2604 98 2613 «
167 2577 470 2652 rant,edmercatu1n
484 2586 684 2645 nostrumnon
699 2577 862 2664 appellunt,
878 2577 931 2640 sed
945 2578 975 2639 in
986 2577 1093 2640 Forum
1108 2589 1224 2654 portum
1239 2597 1271 2638 se

167 2667 337 2756 conjiciunt,
351 2668 400 2748 qui
424 2679 471 2728 est
490 2678 573 2728 extra
594 2669 683 2732 vestri
697 2680 845 2736 mercatus
865 2669 983 2736 limites,
1026 2669 1137 2748 Estque
1151 2669 1271 2755 perinde

116 2749 121 2756 ’
167 2762 316 2845 navensis
338 2761 448 2834 Forum
471 2771 557 2848 portu
577 2761 752 2838 subducere,
766 2782 803 2825 ac
821 2757 846 2821 ¹si
869 2762 933 2848 quis
947 2759 986 2828 ad
1001 2760 1139 2842 AEginam
1158 2773 1210 2824 aut
1231 2762 1270 2822 ad

167 2855 297 2934 Megara
317 2853 496 2934 appelleret:
518 2874 587 2913 nam
601 2864 639 2913 eri
652 2874 689 2920 eo
703 2865 793 2941 portu
807 2855 952 2934 proficisci
967 2853 1044 2924 licet,
1060 2873 1121 2934 quo
1135 2854 1269 2928 lubitum,

166 2959 197 3009 et
209 2945 446 3027 quandocunque
467 2937 655 3005 commodum
669 2946 767 3006 fuerit.
811 2947 853 3006 Ac
866 2946 1017 3026 navigium
1036 2948 1076 3008 ibi
1097 2947 1128 3006 in
1144 2949 1270 3008 statione

167 3052 232 3101 erat
252 3039 317 3100 dies
339 3038 464 3118 amplius
474 3039 603 3116 quinque
616 3049 647 3104 et
662 3038 783 3118 viginti:
805 3038 853 3098 isti
872 3059 942 3099 vero
963 3039 994 3098 in
1015 3050 1115 3099 nostro
1131 3040 1271 3119 Digmate

166 3132 406 3201 obambulabant,
421 3149 536 3208 nosque
557 3129 707 3210 congressi
730 3130 950 3210 alloquebamur
971 3143 1002 3191 et
1015 3133 1192 3212 jubebamus
1217 3153 1269 3196 eos

163 3245 279 3296 eutero,
291 3235 327 3289 ut
339 3223 494 3302 pecuniam
504 3224 601 3303 primo
623 3243 742 3303 quoque
762 3235 895 3304 tempore
914 3227 1117 3306 reciperemus.
1158 3228 1269 3290 Assen-
1325 3237 1326 3246 ’

165 3316 315 3376 elebantur
337 3315 386 3376 isti
406 3326 437 3374 et
452 3335 488 3375 se
505 3315 536 3374 in
549 3335 587 3375 eo
600 3336 667 3376 esse
681 3316 837 3377 dicebant:
859 3337 913 3377 nos
933 3338 984 3378 eos
999 3319 1224 3393 accedebamus,
1238 3335 1270 3382 et

166 3429 235 3469 curn
249 3408 308 3468 alis
323 3408 558 3486 speculabamur,
566 3418 634 3467 -tum
646 3429 685 3468 an
699 3409 839 3486 aliquide
854 3411 921 3470 navi
932 3412 1068 3480 alicunde
1078 3409 1269 3493 exponerent,

166 3510 198 3560 et
210 3500 468 3579 quinquagesimas
491 3500 647 3562 solverent.
690 3501 890 3580 Posteaquam
909 3514 1008 3564 autern
1029 3504 1077 3564 isti
1097 3506 1161 3566 dies
1185 3527 1268 3567 com-

165 3592 265 3671 plures
279 3588 432 3662 affuerant,
457 3609 552 3668 neqm
572 3598 628 3650 nes
649 3588 810 3671 quicquain
831 3595 1064 3668 inveniebamus,
1085 3597 1132 3658 rel
1152 3597 1269 3678 esposi-

148 3693 239 3768 4tsm,
255 3683 301 3744 rel
313 3683 588 3762 quinquagesimam
600 3684 729 3744 solutum
745 3705 846 3750 eorum
858 3690 987 3760 omnine,
1001 3689 1041 3748 ibi
1053 3689 1174 3754 deinum
1188 3692 1268 3752 solu-

165 3775 273 3835 tionem
286 3776 383 3835 acn‘os
396 3777 583 3853 mamus.
625 3777 703 3835 Cum
724 3797 793 3838 sero
807 3799 862 3840 nos
879 3782 923 3842 'eis
936 3781 1124 3856 instaremus,
1138 3783 1269 3848 Lacritus

157 3868 254 3928 irater
273 3868 442 3928 Artemonis
453 3867 621 3946 respondet,
642 3889 675 3928 se
689 3890 748 3930 non
763 3891 852 3950 posse
872 3872 1005 3944 reddere,
1019 3875 1141 3953 periisse
1154 3895 1268 3938 merces

164 3979 287 4033 amoses
310 3960 486 4038 dicebatque
496 3960 630 4021 lacritus
645 3982 677 4020 se
691 3963 729 4022 de
739 3963 786 4023 his
793 3965 904 4044 justam
915 3965 1023 4026 habere
1036 3959 1267 4034 excusationem.

165 4055 211 4113 Fa
223 4054 314 4113 verbs
334 4073 403 4126 nos,
422 4055 555 4126 ludices,
569 4055 698 4131 graviter
708 4056 891 4119 ferebamus:
912 4061 967 4120 sed
991 4061 1194 4140 indignatione
1211 4085 1267 4125 no·

161 4158 227 4206 stsa
238 4146 561 4225 nihilproficiebamus,
573 4147 635 4208 istis
650 4150 770 4210 omnino
780 4169 846 4210 eam
860 4155 1123 4227 contemnentibus.
1167 4157 1268 4217 Nihil·

93 4249 98 4257 ’
163 4239 279 4302 ominus
293 4241 651 4318 tamenpercontabansnr
661 4259 726 4313 eos,
739 4261 799 4322 que
813 4254 903 4322 pecto
918 4265 1030 4308 merces
1043 4249 1206 4327 periissent.
1220 4250 1267 4311 lbi

165 4330 299 4390 Lecturus
312 4332 511 4411 respondebat
527 4331 653 4398 irwtan
672 4353 737 4396 esse
753 4353 859 4396 msere
870 4337 942 4396 dum
965 4340 1152 4420 Panticapaeo
1167 4343 1267 4402 Tbeu·

165 4423 279 4484 dosiam
301 4433 415 4505 peteret
425 4425 664 4509 ,tulsactc‘sutem
688 4429 765 4501 nari,
780 4428 892 4508 perisse
905 4431 1044 4492 iratribus
1057 4434 1119 4493 suis
1138 4453 1264 4509 merces,
