2967 4950
265 312 325 376 648
626 312 673 373 IN
690 308 952 374 STEPHANUM
974 310 999 373 1.

266 478 357 530 mum
381 466 491 548 aliquid
512 466 564 530 bis
578 464 732 548 indiguum
752 466 821 528 mibi
840 463 965 551 accidet,
987 466 1069 547 qood
1090 486 1130 549 ne
1148 469 1232 530 vobis
1245 468 1356 550 quidem

265 558 420 623 honesturn
429 560 529 621 'tuerit
895 552 898 559 ’
1104 598 1108 605 ι

307 658 359 717 26.
368 657 557 717 Cum-autern
571 654 662 714 multe
674 652 745 715 mibi
763 650 891 714 dicende
903 660 1012 723 essent,
1024 650 1063 712 de
1082 651 1194 729 injuriis
1207 661 1239 713 et
1256 663 1359 714 contu·

266 750 361 810 meliis
375 750 559 829 quibuscum
580 756 728 819 oneratus,
748 745 888 825 temporis
905 745 1022 805 excludi
1041 764 1089 806 rue
1109 746 1251 826 angustiis
1265 747 1356 807 video.

267 843 411 922 utigitur
424 840 550 901 menime
561 858 616 900 ros
628 858 731 901 omnes
748 837 913 898 existimem
926 837 1099 916 cognituros
1111 856 1241 900 summus
1255 839 1357 918 quibos

266 952 322 995 uus
334 932 694 1012 aeoodsumustnjurirs,
707 931 815 993 dicein.
855 930 886 991 Si
897 946 998 990 secum
1018 927 1223 1012 unusquisque
1234 942 1358 993 vestm

266 1026 389 1107 cogitet,
401 1046 491 1106 quem
508 1026 587 1085 domi
606 1024 751 1085 famulum
771 1022 928 1103 reliquerit,
943 1040 980 1083 tc
997 1021 1105 1085 deinde
1123 1024 1217 1105 tinget
1228 1043 1263 1085 se
1275 1026 1315 1087 ub
1325 1044 1360 1086 eo

267 1120 339 1181 uta
352 1135 523 1201 perpessum
536 1138 614 1192 esse,
627 1117 726 1197 qualia
744 1136 800 1177 nos
822 1118 860 1177 ub
881 1115 1076 1197 isto—neque
1088 1119 1167 1178 enirn
1179 1117 1211 1177 id
1225 1127 1358 1199 specten-

266 1212 403 1282 dum-est,
425 1213 555 1293 dyneus
575 1230 614 1271 en
632 1211 750 1281 Manes,
764 1219 817 1270 aut
833 1209 967 1290 quisnam
981 1210 1020 1269 sit
1041 1228 1141 1271 eorum
1160 1210 1292 1291 quilibet,
1306 1214 1358 1273 iste

268 1314 368 1366 sutem
382 1304 520 1365 Phormio
531 1305 589 1365 site
610 1322 656 1364 roe
671 1314 718 1364 est
730 1304 846 1375 eudem,
863 1302 940 1363 servi
952 1312 984 1365 et
992 1303 1042 1363 isti
1055 1313 1135 1378 sunt,
1148 1323 1249 1365 servus
1262 1314 1293 1366 et
1306 1305 1357 1367 iste

266 1398 393 1469 fuit‚vos
410 1406 508 1458 autern
527 1396 647 1467 domini
658 1397 795 1458 dominus
813 1406 844 1457 et
858 1416 916 1478 ego
932 1400 1026 1460 fui...
1051 1398 1135 1465 Ques
1155 1397 1244 1477 igitur
1260 1416 1358 1478 prunas

266 1494 468 1571 unusquisque
476 1500 606 1552 uestrum
617 1491 777 1551 sumendos
787 1491 976 1568 existimaret,
982 1510 1034 1553 ess
1040 1500 1071 1552 et
1079 1490 1238 1551 mibinunc
1244 1510 1358 1552 sumen·

267 1584 322 1644 des
334 1585 515 1645 existimate:
530 1593 639 1644 etcum
651 1585 701 1664 qui
712 1603 760 1645 ure
769 1584 845 1646 falso
855 1586 1023 1647 testimonio
1035 1582 1182 1665 spoliarit,
1194 1582 1235 1643 ad
1244 1602 1356 1645 conser-

267 1674 380 1739 vandus
394 1677 475 1758 leges
490 1688 521 1739 et
530 1678 738 1759 jusjurandum
751 1696 810 1758 quo
823 1678 922 1739 edocti
935 1679 1055 1751 sedetis,
1068 1676 1260 1750 ulciscimini;
1272 1688 1304 1738 et
1311 1697 1358 1737 ex·

268 1770 397 1850 cuspium
410 1769 441 1831 in
460 1784 497 1831 eo
515 1770 634 1831 statuite
654 1771 777 1843 oaeteris,
792 1772 981 1833 recordantes
1001 1788 1103 1832 eorum
1120 1771 1249 1830 omnium
1266 1790 1357 1851 queo

267 1864 354 1923 nobis
367 1859 526 1938 audivistis,
535 1874 566 1925 et
578 1873 719 1925 caventes
732 1864 826 1924 sicubi
838 1880 892 1925 vos
905 1866 1047 1925 seducere
1059 1862 1248 1935 instituerint,
1262 1874 1293 1924 et
1302 1863 1357 1923 siu·

268 1954 391 2035 gulutiiu
405 1955 447 2016 eis
457 1967 643 2018 occurrentes
656 1958 680 2017 si
691 1975 724 2018 se
733 1975 794 2017 nou
809 1956 908 2019 omnio
921 1967 1046 2019 testatos
1058 1976 1122 2017 esse
1134 1956 1272 2017 dixerint.
1300 1957 1356 2016 cnr

268 2048 358 2128 igitur
370 2047 401 2108 in
419 2046 529 2109 tubelle
551 2048 690 2130 scripturn
711 2048 773 2111 esti
793 2069 846 2111 our
864 2047 953 2131 igitur
974 2060 1038 2110 trun
1058 2068 1118 2111 nou
1131 2049 1277 2110 delebunt
1294 2064 1355 2129 qne

268 2140 417 2220 igitnriiie
430 2151 479 2202 est
491 2143 570 2223 opud
580 2154 719 2223 pretores
733 2143 793 2204 litis
802 2144 999 2205 contestatio?
1021 2144 1140 2205 didius
1164 2164 1207 2204 se
1229 2146 1244 2202 i
1252 2145 1355 2205 nisse

267 2230 343 2295 dixit
366 2236 446 2295 ¹sub
469 2235 603 2297 tutele
629 2256 675 2295 ex
701 2246 959 2311 testamento,
986 2238 1062 2298 eiius
1089 2238 1275 2318 gessisse
1303 2248 1354 2297 tu·
1446 2251 1447 2258 ¹

269 2329 405 2396 telem,
434 2327 510 2387 elius
535 2328 685 2391 hebere
710 2341 1021 2393 testamentum
1041 2330 1153 2410 quode?
1175 2329 1354 2409 inquoqnid

268 2418 411 2499 scriptum
439 2420 505 2480 esti
534 2421 599 2484 huc
626 2423 790 2502 queritote.
839 2423 917 2484 Narn
942 2442 1009 2505 quae
1031 2424 1080 2484 isti
1105 2422 1206 2485 torturi
1224 2431 1304 2496 sunt,
1323 2438 1355 2482 es

271 2531 358 2574 nemo
382 2533 399 2572 e
419 2512 532 2573 caeteris
553 2533 608 2574 suo
629 2516 796 2576 testimonio
814 2517 1008 2577 continuerit.
1051 2517 1102 2576 Sin
1115 2517 1354 2586 lamentabuntur,

268 2623 337 2664 curn
361 2605 412 2685 qui
431 2604 542 2666 melum
562 2609 680 2688 accepit
700 2610 938 2670 miserabiliorem
955 2610 991 2670 iis
1003 2610 1055 2690 qui
1067 2627 1170 2690 prunus
1184 2609 1353 2670 duturi'sunt

270 2707 416 2778 putatote.
458 2697 532 2766 Qoe
546 2698 571 2758 si
591 2700 715 2772 facietis,
729 2712 760 2761 et
777 2719 825 2760 ure
838 2701 988 2782 juvabitis,
1002 2712 1032 2762 et
1052 2702 1168 2761 nimiam
1180 2701 1298 2762 istorum
1310 2719 1352 2759 as·
1444 2766 1445 2783 χ

268 2790 466 2854 sectationem
479 2792 662 2868 concubitis,
675 2802 705 2854 et
727 2792 784 2875 ipsi
802 2813 839 2855 eu
860 2813 928 2875 quae
936 2795 1128 2878 jurisjurandi
1145 2793 1248 2875 religio
1259 2804 1353 2875 poste

269 2883 312 2951 tur
325 2882 499 2946 decernetis.
