2967 4950
379 343 426 405 IN
447 343 654 407 avendum
675 344 725 405 ΕΤ
746 344 1029 407 haesitatum.
1177 347 1233 407 tot

146 508 283 563 curatam
301 508 360 575 est,
374 500 427 563 sed
448 510 543 563 ratum
565 502 681 573 mansit,
706 521 862 581 aggressus
887 503 1044 581 Erergum,
1061 499 1239 581 Theophani

147 595 277 668 fratrem,
291 614 360 655 cnm
375 595 593 675 Theophemum
607 596 706 665 videre
720 615 779 657 non
791 610 919 675 possem,
934 594 1239 673 attenderemus

147 708 226 747 mum
250 688 353 767 repetii
382 698 569 761 armamenta,
589 688 720 767 jussique
743 689 800 749 hoc
828 688 1021 767 Theophemo
1048 688 1238 747 renunciare:

147 779 266 853 deiude,
280 780 437 859 interjectis
451 780 554 841 diebus
568 780 688 857 aliquot,
702 790 735 838 ut
755 790 933 839 armamenta
951 799 1010 838 non
1024 779 1173 849 reddebat,
1186 779 1240 840 sed

147 890 196 931 me
218 873 380 942 deridebat,
395 872 516 931 testibus
537 872 673 931 adhibitis
693 891 729 929 es
751 889 786 929 eo
808 873 985 947 querebam,
1003 881 1099 929 utrum
1116 872 1239 948 partitus

148 976 232 1023 esset
246 966 424 1033 cumfratre,
438 982 474 1023 an
490 983 559 1023 vero
573 982 741 1023 communes
756 962 911 1022 facultates
920 962 1082 1021 haberent
1104 962 1241 1042 Respon-

149 1056 243 1117 dente
258 1058 379 1136 Evergo,
392 1058 529 1135 partitum
544 1074 609 1115 esse
624 1076 658 1115 ac
674 1054 795 1115 seorsim
813 1054 942 1113 habitare
961 1054 1195 1132 Theophemum,
1207 1076 1240 1117 sc

150 1166 219 1209 tero
232 1168 350 1209 manere
365 1150 443 1227 apud
460 1159 583 1230 patrem,
601 1150 776 1219 sciscitatus,
793 1148 843 1206 ubi
863 1147 1007 1206 habitaret
1025 1148 1241 1227 Theophemus,

149 1251 273 1320 accepto
291 1262 310 1301 a
329 1244 501 1321 magistratu
515 1240 656 1313 ministro,
670 1240 709 1299 ad
722 1241 803 1299 aedes
816 1239 994 1319 Theophemi
1007 1241 1137 1299 accessi..
1173 1242 1241 1310 Quo

149 1332 228 1393 domi
244 1334 453 1403 noninv'ento,
463 1334 539 1413 jussi
553 1334 701 1394 mulierem
720 1354 787 1413 quae
803 1334 880 1393 fores
897 1334 1026 1411 pulsanti
1038 1335 1241 1411 responderat,

149 1446 300 1489 accersere
315 1450 382 1489 eum
397 1430 562 1509 ubicunqne
577 1440 655 1489 esset
663 1451 672 1497 ;
692 1432 767 1500 earu,
780 1449 868 1507 quam
882 1428 930 1487 isti
944 1429 1090 1488 testificati
1100 1440 1179 1501 sunt,
1189 1434 1242 1502 ob-

149 1522 253 1582 tulisse
266 1523 486 1602 Theophemum
507 1534 538 1582 et
549 1524 579 1581 in
593 1524 784 1601 quaestionem
798 1524 868 1582 dare
881 1522 1009 1581 voluisse
1022 1542 1030 1581 t
1051 1517 1107 1600 ego
1120 1524 1241 1594 veroab

149 1614 334 1676 eisobtiuere
349 1636 409 1675 non
429 1631 560 1694 possum,
580 1626 612 1675 ut
625 1616 843 1676 austeritatem
856 1614 989 1687 audiatis,
1004 1616 1070 1675 uter
1089 1616 1168 1695 prior
1188 1635 1242 1697 per

148 1704 285 1787 injuriam
299 1708 383 1769 alteri
395 1728 499 1769 manue
513 1708 649 1768 attulerit.
816 1715 819 1721 “
1214 1721 1264 1742 f

149 1838 160 1845 -
191 1805 242 1861 11·.
266 1802 312 1863 Ut
322 1812 421 1861 autern
433 1802 511 1861 venit
529 1801 744 1881 Theophemus,
758 1800 918 1861 accersitus
939 1820 959 1861 a
978 1800 1107 1874 muliere,
1120 1803 1241 1881 postulo

148 1894 189 1955 ab
200 1914 237 1955 eu
250 1894 477 1973 descriptimm
492 1904 745 1965 armamentorum,
757 1894 852 1965 meus,
873 1912 920 1953 me
940 1894 1003 1973 jaan
1016 1894 1047 1952 in
1060 1914 1097 1953 eo
1119 1914 1186 1955 esse
1208 1908 1242 1957 ut

148 1986 305 2059 miserem,
318 1986 477 2061 ostensoci
488 1985 755 2046 *senatusconsulto
797 1984 873 2055 Quia
890 1987 1005 2046 dicente
1023 2005 1071 2047 me
1088 2008 1156 2047 cum
1171 1988 1242 2053 nihil

148 2077 300 2151 redderet,
311 2078 367 2139 sed
380 2078 559 2139 minitaretur
572 2090 603 2138 et
616 2080 750 2139 convicia
761 2078 880 2153 diceret,
890 2080 981 2159 jubeo
992 2098 1114 2157 puerum
1127 2095 1244 2153 vocare,

150 2170 176 2229 si
196 2190 272 2249 quos
293 2171 399 2231 civium
418 2171 530 2231 rideret
550 2181 763 2250 praetereuntes
776 2172 814 2229 dc
827 2172 884 2243 ria,
897 2181 930 2230 ut
945 2171 1015 2230 mihi
1033 2181 1124 2231 testes
1142 2191 1243 2233 eorum

147 2273 252 2322 essent
264 2282 331 2341 quse
344 2263 518 2335 dicerentur,
532 2264 687 2343 manuque
699 2264 818 2344 postulo
831 2284 850 2324 a
861 2264 1062 2343 Theophemo,
1076 2275 1110 2323 ut
1122 2265 1167 2324 vel
1181 2265 1244 2344 ipse

149 2374 198 2414 me
220 2355 261 2414 ad
281 2356 385 2416 classis
407 2356 561 2435 praefectos
580 2366 750 2434 sequeretur
773 2366 803 2416 et
826 2356 865 2416 ad
888 2357 1141 2435 senatum-quod
1165 2358 1191 2416 si
1209 2374 1242 2416 se

148 2448 430 2529 debereunicquam
445 2460 575 2530 negaret,
588 2450 643 2510 illis
659 2450 688 2510 id
703 2449 901 2530 persuaderet,
916 2452 966 2530 qui
979 2450 1126 2510 debitores
1145 2452 1245 2512 trade-

148 2554 219 2602 rent
233 2553 264 2601 et
276 2560 331 2603 nos
342 2544 381 2602 ad
390 2544 566 2622 exigendum
580 2544 803 2622 cogerent-vel
818 2556 997 2603 armamenta
1007 2543 1158 2604 redderet:
1173 2543 1246 2603 alio·

148 2637 200 2715 qui
213 2649 261 2695 me
274 2636 396 2715 pignora
408 2647 559 2715 capturum
568 2641 653 2712 jussu
664 2648 696 2696 et
710 2637 805 2715 legum
816 2647 846 2696 et
860 2637 1052 2696 decretorum.
1087 2638 1162 2695 Cum
1176 2655 1244 2696 varo

149 2731 216 2808 ipse
238 2729 310 2787 nihil
330 2729 406 2806 aequi
423 2740 560 2808 praestare
574 2730 673 2802 vellet,
687 2729 831 2788 ducebam
853 2729 1000 2789 mulierem
1016 2730 1096 2788 illam
1110 2731 1140 2788 in
1150 2730 1245 2809 janu'a

143 2831 278 2884 stantem
293 2839 359 2900 quae
371 2839 438 2881 enm
453 2824 644 2882 accersierat:
662 2841 750 2900 quam
766 2842 833 2881 cum
852 2823 1057 2902 Theophemus
1071 2823 1141 2880 ruibi
1154 2823 1246 2900 eripe·

149 2927 217 2981 tet;
239 2923 300 2972 tum
320 2933 377 2992 ego
394 2914 516 2973 muliere
534 2915 642 2974 omissa
659 2915 687 2973 in
707 2914 788 2974 aedes
810 2915 965 2993 ingredior,
980 2926 1013 2972 ut
1036 2913 1246 2994 supellectilem

149 3007 269 3087 pignori
289 3006 588 3085 obligarem-aperta
603 3007 679 3066 enim
693 3018 756 3066 erat
765 3009 866 3084 janua,
880 3027 948 3066 cum
967 3007 1079 3065 exisset
1090 3005 1245 3084 Theophe-

150 3119 221 3158 mus
235 3108 264 3157 et
275 3118 458 3178 regressurus
472 3109 598 3171 esset··,
617 3099 766 3159 audieram
780 3101 857 3160 euim
876 3119 943 3158 eum
963 3119 1023 3158 non
1043 3099 1152 3158 habere
1171 3117 1246 3158 uxo·

152 3211 227 3252 rem.
251 3191 388 3269 Ingresso
401 3201 499 3250 autem
513 3190 582 3249 mihi
596 3191 751 3270 colaphum
764 3191 897 3270 impingit
918 3192 947 3249 in
965 3209 998 3250 os
1019 3190 1245 3269 Theophemus:

151 3303 212 3364 ego
227 3302 305 3356 vero,
328 3292 454 3343 testatus
472 3281 586 3361 eosqui
602 3281 734 3355 aderant,
749 3282 947 3342 medelendo.
980 3282 1034 3357 ,An
1057 3293 1154 3342 autern
1176 3301 1246 3342 vera

152 3377 263 3446 dicam,
276 3385 307 3434 et
332 3377 408 3454 prior
427 3393 478 3455 per
500 3374 632 3454 injuriam
658 3375 864 3454 Theophemus
888 3375 958 3433 mihi
978 3394 1081 3434 manus
1106 3374 1246 3448 attulerit,

151 3488 215 3530 non
238 3466 294 3527 alin
317 3477 490 3547 argumento
514 3466 752 3546 cognoscendum
777 3486 844 3526 esse
866 3485 941 3538 reor,
965 3485 1053 3546 quam
1074 3486 1091 3525 e
1115 3466 1247 3546 muliere,

149 3577 243 3642 quam
260 3569 351 3620 testes
373 3559 508 3619 dixerunt
531 3559 751 3640 Theophemum
772 3558 900 3618 voluisse
927 3559 1060 3618 tradere·
1094 3559 1139 3618 Eo
1163 3558 1246 3619 testi·

152 3653 255 3716 mouio
269 3653 366 3712 nitens
380 3653 457 3732 prior
474 3653 638 3733 ingressus,
658 3641 717 3712 nan
741 3653 901 3731 excipiente
922 3671 971 3712 me
994 3672 1088 3731 neque
1104 3652 1248 3732 judicium

152 3745 319 3817 differente,
342 3746 421 3824 quod
434 3747 513 3825 prius
533 3746 620 3806 etiam
634 3765 677 3804 eae
690 3765 737 3805 res
754 3745 785 3804 in
799 3745 855 3804 alio
864 3745 975 3824 judicio
988 3745 1058 3803 mibi
1077 3757 1248 3820 nocuerant,
1267 3800 1272 3809 .

152 3838 274 3918 decepit
290 3838 417 3914 judices
440 3839 576 3911 dicendo,
590 3858 663 3916 quos
686 3857 741 3916 ego
762 3837 963 3916 produxissem
978 3847 1079 3910 testes,
1099 3858 1150 3898 eos
1165 3860 1247 3898 men·
1350 3889 1354 3896 .

150 3932 218 3999 tiri;
241 3930 388 3990 mulierem
403 3941 499 3989 autern
516 3930 723 4009 quaestionibus
738 3929 844 3988 habitis
858 3949 926 3988 vera
939 3929 1091 3990 dicturam.
1134 3933 1248 3998 Quibus

152 4029 254 4086 autem
268 4023 363 4082 verbis
378 4035 439 4082 turn
455 4024 660 4094 abutebhntur,
675 4023 709 4080 iis
724 3995 869 4081 conthria
882 4022 980 4082 facere
995 4044 1073 4083 nunc
1090 4044 1149 4084 non
1163 4023 1249 4082 dubi·

152 4127 229 4178 tant.
272 4115 427 4176 Mulierem
443 4117 529 4186 enim,
546 4137 625 4196 saepe
642 4117 703 4196 jam
724 4117 910 4196 postulatam,
924 4129 1096 4196 extorquere
1110 4138 1169 4177 non
1183 4137 1249 4198 pos-

153 4231 231 4282 sum,
244 4219 279 4269 nt
303 4229 319 4268 e
338 4211 459 4269 testibus
481 4209 642 4270 audivistis.
683 4211 829 4275 Quoniam
848 4210 936 4287 igitur
958 4210 1000 4268 illi
1017 4210 1166 4268 mulierem
1187 4229 1248 4270 non

152 4303 287 4374 madunt,
302 4322 391 4381 quam
414 4295 588 4381 semetipsos
602 4302 741 4361 obtulisse
756 4303 869 4375 dicunt,
888 4322 945 4380 ego
963 4303 1124 4380 producam
1146 4311 1249 4377 testes,

151 4394 205 4476 qui
219 4413 266 4454 rue
279 4395 403 4475 priorem
417 4397 597 4455 verberatum
606 4395 742 4454 viderunt
756 4395 996 4475 aTheophemo:
1018 4412 1054 4454 ea
1067 4399 1250 4459 veroverbe·

154 4489 232 4550 ratio
244 4498 300 4564 ert,
313 4488 337 4549 si
350 4489 416 4569 quis
436 4489 513 4569 prior
530 4508 582 4568 per
598 4489 733 4576 injnrianr
752 4487 835 4551 alteri
849 4506 958 4568 *manus
977 4486 1117 4570 attulerit,
1136 4489 1164 4552 ei
1174 4498 1250 4571 prm'-
