2967 4950
258 300 317 359 sss
378 258 391 275 ²
493 328 497 338 ,
538 262 759 361 inversus
780 294 1051 365 Truentinum.
1100 247 1107 259 ι

259 451 482 514 ειιΑιιιιιιιειιε
490 453 614 534 prsetnre
623 473 659 515 ea
667 454 706 514 de
716 452 817 527 causa,
825 454 906 533 quod
913 455 1025 525 interea
1037 455 1197 516 relaturum
1205 472 1272 514 eum
1283 474 1351 534 quas

260 550 383 627 petierat
392 550 507 629 putavit
519 562 622 630 pater:
644 560 798 629 postquam
812 560 909 610 sutem
922 551 977 610 iste
985 550 1288 631 discesserat,plrialis
1296 571 1352 611 non

260 641 367 713 teletis,
382 661 477 720 neque
503 642 609 720 phialae
630 636 827 703 Timosthenis
851 642 931 720 apud
954 641 1161 710 Phormionem
1181 644 1247 702 sitse
1265 654 1352 715 erant,

259 730 383 810 atque‘is
398 734 556 793 adveniens
569 735 793 812 easrepetebat,
811 744 874 793 turn
887 742 917 791 et
938 734 1062 812 pretium
1075 732 1239 813 phialarum
1255 736 1352 795 'limo
1404 804 1409 809 ,

224 816 227 823 ’
259 823 355 883 stheni
375 825 523 905 persolvit,
541 836 571 884 et
592 824 751 884 debitorem
769 825 857 884 istum
879 824 919 885 ad
941 826 1084 903 reliquum
1100 846 1142 885 ses
1162 826 1298 887 alienum>
1311 829 1352 887 in·
1396 890 1399 893 ,

261 915 388 994 scripsit.
438 917 547 985 Quare,
567 914 591 974 si
614 916 668 973 hac
691 914 863 989 defensione
885 916 1033 991 abutetur,
1048 934 1081 974 se
1096 937 1155 992 non
1169 917 1260 978 fuisse
1278 919 1352 979 domi

260 1011 440 1094 temporibus
460 1008 527 1088 illis,
541 1030 608 1069 cum
631 1008 686 1069 sibi
705 1010 830 1089 pretium
848 1010 1009 1091 phialarum
1019 1008 1293 1090 expensumlatum
1308 1015 1352 1089 sit,

260 1102 302 1161 sic
316 1102 342 1159 ei
356 1102 542 1181 respondete,
566 1101 713 1181 Accepisti
736 1122 788 1162 eas
801 1096 869 1161 cum
887 1103 1021 1179 adesses:
1042 1114 1197 1184 postquam
1211 1125 1280 1165 vero
1297 1127 1352 1166 non

259 1194 566 1283 referebas-peregre
581 1196 656 1255 enim
671 1198 825 1267 aberas—,
838 1195 947 1275 phialse
958 1199 1066 1267 autem,
1081 1215 1154 1273 quas
1170 1198 1297 1258 creditor
1310 1218 1352 1257 re·

261 1292 390 1369 petebat,
409 1310 469 1350 non
490 1289 622 1361 aderent,
644 1288 800 1391 inscriptus
821 1306 855 1347 es
877 1287 941 1367 ejus
962 1288 1054 1372 pretii
1067 1287 1191 1359 debitor,
1206 1288 1287 1367 quod
1302 1309 1352 1369 pro

259 1382 364 1461 phialis
378 1392 424 1441 est
437 1382 576 1441 solutum
1349 1417 1353 1427 „

305 1475 352 1533 14.
375 1475 415 1533 At
436 1470 554 1533 hercule
577 1466 700 1533 fortusse
725 1471 814 1561 dicat,
836 1422 973 1531 debuisse
994 1420 1148 1550 patiens
1171 1492 1203 1534 ss
1227 1483 1352 1553 repetere
1406 1537 1410 1543 ,

260 1564 391 1643 phialas?
415 1564 659 1625 Sedtevrdebet
653 1583 752 1644 mopra
763 1564 866 1668 p‘remi.
899 1564 940 1622 Et
952 1584 1019 1623 curn
1029 1566 1067 1625 de
1076 1575 1183 1647 Qtero
1193 1587 1252 1626 aere
1262 1566 1353 1626 alieno

262 1657 350 1743 fidem
376 1658 427 1717 tibi
445 1656 576 1727 haberet,
588 1666 620 1715 et
632 1662 749 1734 puteret
761 1675 793 1715 se
811 1655 841 1713 id
855 1675 874 1715 a
886 1664 917 1714 te
931 1674 1047 1715 reverso
1060 1667 1092 1715 et
1112 1656 1211 1735 loeupl
1228 1668 1357 1717 etstore-

262 1736 426 1827 ceptorum,
441 1749 477 1808 de
487 1749 592 1829 phialis
606 1747 658 1807 tibi
671 1746 786 1805 diffisus
800 1755 879 1805 esset
892 1745 1023 1806 scilicet?
1044 1749 1154 1825 Quum,
1164 1758 1302 1827 precante
1315 1760 1352 1819 te,

260 1859 329 1899 cum
352 1840 389 1899 ad
406 1860 506 1922 regem
518 1840 754 1920 proficiscereris,
767 1857 799 1907 se
813 1834 933 1896 naulum
946 1835 1091 1915 lignomm
1112 1839 1276 1898 soluturum
1295 1840 1354 1919 pol·

260 1930 414 1992 liceretur:
437 1932 474 1993 de
488 1931 593 2012 phialis
612 1932 728 1990 duabus
749 1929 837 1989 tidem
859 1928 911 1987 tibi
928 1948 988 2004 nou
1001 1929 1171 1989 habuisset?
1191 1952 1282 2009 quum
1294 1932 1355 1991 reli-

260 2043 350 2103 quum
364 2025 495 2085 debitum
516 2045 534 2085 s
555 2035 584 2083 te
606 2042 666 2083 ιιοιι
684 2031 863 2101 reposceret,
877 2033 1010 2101 respectu
1030 2022 1137 2100 inopioe
1159 2033 1232 2101 tuse,
1248 2023 1353 2104 phislss

257 2118 495 2197 repoposcissetl

302 2213 352 2271 15.
373 2210 441 2271 'Jam
457 2210 525 2272 ¹vero
545 2206 729 2295 vobis'etism
746 2207 783 2272 de
790 2208 892 2268 delato
901 2207 1093 2287 jurejurando
1111 2208 1220 2281 dicam,
1233 2212 1311 2288 quod
1327 2222 1354 2270 et
1391 2264 1394 2269 .

261 2303 309 2363 isti
333 2324 388 2383 ego
412 2304 561 2383 pollicitus
584 2322 659 2373 sum,
679 2313 710 2361 et
732 2302 788 2361 iste
804 2299 884 2366 mihi.
925 2300 976 2362 Me
1002 2300 1080 2385 enim
1097 2300 1306 2381 jusjurandum
1326 2302 1352 2359 ιιι

260 2388 396 2457 echinum
411 2395 592 2478 conjiciente,
607 2394 776 2476 postulabat
785 2403 818 2451 et
830 2392 895 2472 ipse
905 2391 976 2450 dato
985 2389 1176 2471 jurejurando
1190 2412 1223 2451 se
1236 2392 1354 2459 liberari.

262 2491 330 2569 Ego
350 2510 429 2564 vero,
443 2492 499 2550 nisi
520 2503 600 2550 certo
620 2491 740 2549 scissem
762 2507 828 2546 eum
844 2496 875 2545 et
894 2485 1059 2548 civitatibus
1072 2497 1103 2544 et
1115 2485 1283 2545 hominibus
1302 2487 1354 2566 pri-

259 2583 335 2641 vatis
350 2594 379 2641 et
392 2603 471 2660 saepe
485 2594 515 2642 et
530 2583 643 2660 magnis
656 2581 687 2639 ιιι
701 2574 790 2640 r'ebus
803 2579 901 2638 datam
915 2577 1055 2637 fefellisse
1073 2577 1172 2651 fidem,
1185 2578 1351 2650 ,detulissem

260 2674 288 2732 ei
302 2692 371 2732 sane
384 2673 414 2732 id
424 2673 649 2752 jusjurandum:
679 2692 767 2742 nunc,
782 2689 849 2730 cum
862 2678 953 2733 testes
966 2669 1037 2728 milri
1058 2669 1128 2741 sint,
1148 2671 1300 2750 accepisse
1313 2691 1353 2731 ar·

261 2776 384 2846 gentum
409 2787 427 2826 a
451 2759 554 2828 mensa
576 2787 639 2836 eos,
662 2762 768 2845 quibus
791 2763 845 2822 iste
853 2763 896 2845 ,id
919 2762 983 2822 duri
1001 2762 1138 2840 jusserat,
1160 2773 1352 2843 praetereaqne
1404 2825 1407 2831 ,

258 2857 384 2917 illustria
401 2851 584 2937 arguments,
598 2877 656 2916 ιιοιι
677 2846 917 2920 committendum
931 2852 1092 2924 videbatur,
1111 2864 1147 2913 ιιι
1165 2855 1193 2912 ei
1209 2853 1352 2935 jusjuran-

262 2951 332 3010 dum
357 2949 510 3019 deferrem,
525 2947 586 3028 'qui
604 2948 796 3028 jurisjurandi
819 2945 960 3023 religione
981 2946 1062 3024 quid
1077 2957 1254 3018 moreretur,
1268 2966 1352 3024 quum

261 3061 316 3103 nec
330 3039 367 3102 ali
385 3037 442 3123 aris
456 3042 524 3120 ipsis
538 3061 598 3120 prae
611 3041 732 3100 arantis
749 3057 852 3097 manus
871 3037 1064 3103 abstinuerit?
1093 3039 1138 3096 Ac
1151 3037 1281 3098 multa
1258 3058 1351 3117 singu-

259 3134 341 3194 latim
357 3115 456 3194 referri
469 3143 600 3225 possent,
615 3131 747 3211 quibus
739 3151 770 3190 ιιι
792 3132 878 3190 rebus
901 3141 1027 3190 temere
1024 3131 1196 3209 pejerarit:
1188 3151 1277 3210 quse
1290 3149 1351 3190 vero

182 3295 185 3300 ¹
261 3229 327 3304 ejus
350 3225 477 3307 perjuria
500 3236 530 3285 et
547 3223 765 3286 evidentissima
785 3231 816 3281 et
829 3224 912 3282 robis
930 3223 1017 3282 etism
1037 3241 1097 3280 non
1115 3222 1218 3302 ignota
1231 3234 1309 3298 sunt,
1320 3243 1351 3283 es

261 3318 364 3377 vobis
357 3339 387 3377 ιιι
400 3319 567 3377 memoriam
582 3319 733 3396 redigam..
765 3313 942 3374 Meministis
965 3315 1053 3374 istum
1076 3334 1129 3394 pro
1151 3317 1294 3376 concione
1307 3321 1350 3392 ju-

260 3428 342 3468 rasse
355 3420 385 3468 et
398 3409 587 3489 imprecatum
608 3408 682 3468 sibi
675 3407 915 3478 internecionem,
930 3406 986 3465 nisi
1005 3407 1181 3485 Iphicratem
1202 3409 1351 3488 peregrini·

260 3503 329 3559 tatis
344 3513 505 3571 accusaret,
520 3510 549 3560 et
562 3519 630 3559 suas
650 3499 807 3560 facultates
820 3517 1032 3558 consecrasset
1060 3519 1127 3578 quae
1150 3519 1218 3558 cum
1234 3502 1351 3580 jurasset

261 3602 292 3652 et
306 3611 357 3670 pro
365 3593 506 3656 concione
519 3579 724 3683 prdmisisset,
717 3594 784 3650 'non
802 3591 893 3669 longo
906 3600 1039 3669 tempore
1057 3601 1134 3669 post,
1149 3591 1270 3670 priratse
1283 3591 1350 3650 utili·

260 3683 329 3744 tatis
344 3703 470 3756 causa,
458 3703 541 3742 suam
554 3671 644 3742 filiam
656 3682 733 3743 illius
747 3683 808 3744 filio
821 3682 985 3764 despondit
1027 3683 1106 3751 Qui
1099 3683 1188 3762 igitur
1197 3704 1294 3764 neque
1304 3701 1350 3743 vos

260 3777 370 3836 veritus
388 3785 435 3845 cst
456 3765 646 3857 pollicitando
658 3776 806 3855 decipere,
817 3795 884 3838 cum
896 3777 980 3855 leges
995 3794 1062 3836 eum
1077 3776 1180 3854 quiid
1185 3776 1288 3838 fecerit
1304 3796 1350 3882 pu·

260 3867 338 3929 blioe
351 3867 454 3945 capitis
469 3887 600 3928 accusari
591 3868 746 3948 'jubeant,
759 3889 854 3947 neque
876 3869 948 3929 deos
970 3868 1159 3950 immortales,
1172 3889 1295 3948 quorum
1312 3870 1350 3928 in·

259 3968 366 4020 roceto
390 3959 508 4018 numine
529 3960 600 4020 diris
620 3971 710 4041 caput
728 3979 814 4020 suum
832 3961 950 4021 devovit
962 3978 1023 4039 quo
1036 3959 1133 4022 minus
1147 3961 1299 4042 pejeraret,
1309 3980 1350 4020 rc·

261 4049 436 4120 formidavit,
459 4051 485 4109 ei
498 4069 544 4109 me
558 4051 687 4112 noluisse
706 4052 819 4120 deferre
836 4054 1073 4135 jusjurandum
1063 4064 1148 4115 estne
1161 4056 1232 4116 vitio
1245 4066 1350 4116 verten-

261 4142 353 4201 duml
374 4141 480 4244 Neque
494 4141 582 4202 etism
599 4143 649 4204 diu
670 4155 726 4216 est,
741 4164 808 4204 cum
823 4166 924 4206 rursus
943 4166 995 4227 pro
1008 4167 1155 4209 concione
1161 4152 1283 4225 Jursrrt
1303 4147 1350 4209 sibi

262 4253 322 4292 non
336 4234 407 4294 satis
421 4255 486 4295 esse
500 4234 680 4294 facultatum
688 4237 726 4297 ad
740 4241 984 4300 sustentationem
998 4242 1173 4316 senectutis,
1182 4264 1249 4304 oum
1264 4253 1349 4304 unns

262 4343 333 4401 opes
347 4313 516 4404 ροιειιιιιι.Ι
542 4325 633 4386 Adeo
646 4329 813 4408 inexplebili
828 4341 860 4392 et
871 4333 992 4394 sordido
1006 4344 1058 4394 est
1066 4335 1214 4414 ingenio
1291 4378 1295 4383 -

308 4418 353 4475 16.
375 4417 439 4498 Ego
459 4439 527 4494 vero
545 4441 562 4479 e
580 4420 662 4481 vobis
679 4441 808 4500 qurerere
828 4425 926 4499 velim,
940 4427 1104 4506 numquid
1096 4430 1261 4490 irascamini
1278 4447 1348 4488 men·
