2967 4950
168 216 169 221 Ν
197 254 257 337 ἰιι
485 264 706 335 nnvnnsua
727 260 996 332 rnnurrruu.

602 564 888 629 DECLARATIO.

235 671 266 773 9.
287 710 412 783 Auditis,
439 701 571 783 iudices,
599 708 753 789 Pamphilo
778 708 874 787 iuquit
896 716 940 767 et
949 703 1082 767 Philoleo
1101 694 1292 769 Rhamnuslirl

193 806 391 867 communiter
404 803 547 863 talentum
562 819 599 862 ex
610 802 702 861 fundo
716 802 821 872 debeo,
835 809 866 860 et
880 799 1012 859 Aiacidoe
1026 799 1167 879 Phlyensi
1188 808 1295 905 quater

197 898 277 957 mille
301 876 467 969 drachmas,
485 904 521 955 et·
537 895 713 955 Aristomeni
738 893 922 973 Anagyrasio
945 882 1165 971 quatuordecim
1188 894 1294 954 minas.

197 990 395 1059 Quamobrem
414 987 512 1067 igitur,
528 987 699 1068 Phenippe,
713 1006 779 1047 eum
794 1004 852 1063 ego
872 984 996 1046 testibus
1011 984 1147 1045 adductis
1160 996 1190 1047 te
1203 986 1295 1047 inter-

198 1101 341 1187 rogarem,
356 1080 489 1185 nunquid
511 1081 632 1141 deberes
656 1088 774 1158 propter
791 1077 927 1148 fundum,
949 1087 979 1137 et
993 1078 1125 1158 juberem
1139 1079 1296 1140 ostendere

197 1174 312 1237 libellos
326 1173 482 1235 indices
460 1194 484 1235 ιι
506 1174 557 1253 qui
575 1174 650 1234 forte
666 1170 813 1241 adessent,
826 1180 857 1229 et
870 1180 963 1231 testes
977 1171 1156 1247 adhiberem,
1174 1192 1213 1232 na
1224 1173 1297 1233 mibi

135 1279 140 1293 ·
198 1276 302 1347 postea
314 1266 407 1329 fictitii
424 1266 582 1327 creditores
596 1264 782 1343 exsisterent,
798 1273 859 1323 tum
873 1248 985 1345 nullum
998 1284 1039 1323 aas
1052 1263 1180 1323 alienum
1195 1264 1297 1349 deela-

198 1361 288 1422 raati:
306 1369 462 1441 postquam
481 1370 580 1419 autern
600 1357 732 1421 secundo
753 1377 857 1417 mense
869 1337 939 1417 mihi
958 1356 1186 1435 declarationem
1204 1340 1297 1419 tradi·

198 1453 278 1537 disu‘,
291 1452 492 1533 legejuhente
514 1450 545 1510 id
564 1451 640 1511 intra
658 1451 787 1527 triduum
806 1450 878 1521 fieri,
892 1470 970 1511 nunc
992 1450 1114 1509 veniunt
1126 1449 1303 1526 creditores,¹

198 1528 230 1611 et
243 1566 283 1607 res
298 1544 424 1606 alienum
434 1543 557 1625 amplius
568 1544 652 1603 trium
663 1530 862 1606 talentorum?
883 1541 1094 1628 Quia,bone
1067 1563 1122 1615 ιιι,
1131 1542 1202 1603 nihil
1215 1544 1299 1605 aliud

200 1638 299 1709 struis,
313 1636 369 1697 nisi
381 1646 414 1697 ιιι
426 1646 566 1717 quantum
580 1656 636 1719 ego
655 1637 775 1717 publice
796 1634 898 1696 aerario
912 1637 1015 1707 debeo,
1030 1637 1204 1717 tantundem
1218 1647 1250 1697 et
1263 1647 1301 1697 ιιι

200 1731 336 1835 privatim
348 1730 469 1791 debeas.
507 1731 628 1797 Mentiri
644 1741 673 1791 te
687 1741 798 1804 autem,
812 1729 984 1809 Phaenrppe,
995 1739 1026 1789 et
1037 1750 1105 1791 cum
1119 1731 1244 1811 perjurio
1258 1732 1302 1809 ad

200 1824 256 1885 hos
269 1823 380 1896 venire,
396 1833 426 1885 te
451 1823 602 1887 manifeste
622 1824 807 1883 convincam.
848 1822 931 1902 Cape
951 1822 1031 1893 mihi,
1047 1821 1153 1894 scriba,
1166 1823 1301 1884 Aiacidaa

201 1926 232 1987 et
243 1914 391 1977 Theoielis
405 1915 614 1989 testimonium,
627 1916 733 1995 quibus
747 1916 803 1974 iste
818 1935 851 1975 se
866 1915 1062 1995 quatermille
1076 1915 1230 1975 drachmas
1245 1916 1302 1996 de«⁸

200 2010 269 2069 bere
282 2008 357 2072 falso
370 2010 525 2089 inscripsit,
539 2018 627 2088 atque
640 2008 710 2069 olim
723 2007 862 2082 reddidit,
874 2010 934 2085 nori
948 2008 1037 2081 ultro,
1049 2007 1102 2070 sed
1117 2008 1230 2088 judicio
1244 2008 1301 2070 da·

203 2113 332 2167 innatus.
374 2102 489 2164 Recita.

596 2312 902 2379 TESTIMONIUM.

221 2454 223 2461 '
249 2464 297 2523 10.
319 2462 442 2534 Eumne,
455 2460 586 2536 ludices,
599 2460 648 2548 qui
662 2460 704 2522 ita
716 2461 812 2545 palam
828 2462 859 2524 in
877 2450 1011 2523 omnibus
1032 2461 1139 2544 injuste
1160 2462 1229 2526 feeit
1248 2464 1303 2526 de-

204 2554 402 2628 clarationem,
415 2555 465 2634 qui
486 2575 580 2635 neque
602 2555 702 2634 legum
719 2555 812 2614 ullam
835 2555 977 2616 rationem
990 2556 1102 2629 habuit,
1118 2578 1184 2638 quae
1197 2557 1306 2618 diffini-

205 2659 291 2710 erunt
304 2649 380 2709 intra
398 2669 465 2729 quar
481 2659 613 2731 tempora
634 2648 792 2709 declaratio
812 2648 945 2708 facienda
958 2649 1005 2721 sit,
1018 2668 1113 2731 neque
1126 2650 1306 2728 privatarum

206 2741 386 2822 pactionum,
409 2760 483 2819 quas
504 2761 587 2820 mque
607 2742 705 2801 firmas
727 2740 941 2808 existimamus:
971 2741 1122 2820 praterea,
1145 2742 1195 2822 qui
1217 2745 1306 2823 signa

207 2835 387 2896 conclavium
403 2836 525 2914 aperuit,
537 2847 568 2896 et
576 2835 755 2894 frumentum
769 2834 858 2893 dolno
868 2834 1033 2914 exportavit
1045 2845 1075 2894 et
1087 2834 1202 2904 vinum3
1214 2845 1306 2914 atque

208 2925 325 3008 insuper
347 2926 498 2987 materiam
519 2928 693 2986 aestimatam
715 2936 782 3004 post
803 2925 1045 3006 permutationem
1067 2922 1307 3005 vendiditque·

208 3017 299 3102 pluris
313 3041 401 3102 quam
414 3015 535 3101 triginta
547 3020 689 3079 minarum
703 3019 773 3088 fuit3
795 3028 826 3078 et
839 3019 919 3098 quod
933 3020 1063 3079 omnium
1080 3017 1249 3093 maximum,
1264 3037 1307 3081 ars

208 3113 336 3175 alienum
350 3125 530 3176 commentus
544 3124 590 3175 est
602 3110 825 3193 permutationis
836 3111 944 3192 gratia:
966 3132 1032 3175 eum
1041 3117 1122 3202 juste
1135 3105 1239 3171 iecisse
1253 3111 1308 3175 de·
1319 3125 1326 3134 ‘

208 3202 396 3270 clarationem
406 3199 653 3314 pronunciabitisi
680 3195 801 3265 Minime
814 3225 893 3277 vero,
907 3202 1039 3266 Judices.
1072 3196 1139 3274 Quo
1152 3205 1228 3264 euim
1240 3225 1307 3312 ver·

209 3309 272 3360 tere
282 3301 471 3361 sedebebitis
481 3301 529 3360 cui
537 3302 566 3360 iu
578 3300 724 3360 sententia
734 3309 834 3359 vestra
845 3299 974 3378 praesidii
987 3291 1057 3358 nihil
1069 3295 1132 3369 erit,
1141 3267 1307 3360 sihomines

210 3388 316 3450 divites
329 3401 361 3452 et
373 3410 523 3470 nunquam
537 3391 574 3450 de
588 3391 672 3450 vobis
684 3392 761 3450 bene
774 3392 877 3464 meriti,
891 3391 1016 3450 multum
1032 3400 1062 3450 et
1074 3391 1192 3470 frugum
1204 3403 1235 3452 et
1247 3392 1310 3452 vini

209 3483 413 3564 percipientes,
426 3482 515 3563 idque
537 3481 625 3562 triplo
640 3481 732 3562 pltrls
752 3490 844 3561 quint
861 3483 941 3562 ptius
962 3482 1167 3564 distrahentes,
1188 3483 1308 3545 meliore

210 3573 320 3634 fuerint
340 3574 419 3655 apud
432 3595 484 3636 vos
500 3573 686 3634 conditione?
707 3575 796 3644 Quod
815 3576 932 3637 minime
952 3596 1031 3635 nunc
1048 3577 1110 3636 fieri
1129 3577 1231 3637 debet:
1253 3578 1309 3651 sed

212 3667 460 3747 quemadmodum
468 3659 602 3749 publice
590 3665 708 3748 juvistis
720 3665 823 3728 omnes
833 3686 883 3729 eos
894 3666 983 3748 quiin
993 3648 1099 3730 fodinis
1110 3663 1288 3741 laborant,
1266 3691 1308 3750 sie

211 3761 388 3866 etpriratim
405 3781 451 3835 me
461 3762 593 3841 juvatote
608 3781 697 3821 nunc.
740 3759 902 3835 Etenim,
880 3783 904 3822 ιι
918 3782 1028 3833 servus,
1041 3780 1100 3822 non
1115 3761 1186 3823 civis
1200 3774 1311 3840 vester,
1346 3755 1352 3761 ⁴

212 3858 319 3926 essem,
342 3853 404 3912 visa
423 3853 567 3914 industria
589 3865 656 3914 mea
678 3863 708 3914 et
732 3854 829 3914 studio
855 3873 1007 3934 ergarus,
1030 3855 1238 3915 sublevassetis
1261 3869 1310 3918 me

181 3943 188 3959 '
212 3941 392 4026 iumptibus,
403 3956 433 4007 et
452 3941 576 4027 aliquem
595 3945 683 4008 alium
702 3945 856 4027 fugitivum
872 3946 1180 4054 comprehendissetisr
1203 3948 1310 4010 eodem

213 4038 313 4108 thado,
326 4038 376 4098 ubi
389 4039 444 4099 tria
456 4039 568 4101 talenta
588 4041 702 4101 solvero
715 4061 781 4119 quae
797 4038 901 4113 debeo,
916 4052 946 4102 et
957 4041 1033 4102 vires
1047 4062 1232 4144 recuperaro,
1245 4062 1310 4104 rnr-

215 4133 264 4191 sus
279 4129 429 4192 sublevato
442 4127 612 4193 calamitoso
627 4128 734 4212 aliquo,
749 4133 847 4194 adme
861 4154 983 4214 quoque
992 4135 1127 4195 venietist
1149 4134 1228 4195 nunc
1241 4132 1312 4198 tero

213 4225 261 4284 rire
275 4226 396 4287 missum
415 4235 449 4286 ut
470 4223 594 4299 faciatis,
608 4245 710 4286 omnes
724 4247 778 4286 vos
792 4247 854 4301 oro,
867 4223 999 4301 ludices,
1013 4239 1053 4303 et,
1067 4247 1135 4289 cum
1155 4246 1242 4308 aequa
1265 4230 1312 4291 di·

214 4317 314 4389 xerim,
327 4329 430 4403 precor
443 4328 478 4378 ut
490 4339 536 4378 me
532 4315 666 4398 'juvetis,
677 4327 708 4380 et
720 4315 778 4380 ab
771 4321 834 4380 rstis
847 4314 987 4402 exagitari
998 4338 1035 4382 ne
1047 4323 1207 4403 patiamini.
