2967 4950
215 295 256 352 70
440 259 445 266 ’
485 312 488 325 ·
580 286 623 344 sn
648 282 987 346 cnmnrnonrnn.
1097 270 1106 282 '

217 444 288 528 quin
301 452 333 502 et
345 439 461 502 antarii
477 439 697 505 fabricationem
711 451 742 498 et
756 437 945 500 refectionem
964 439 1109 502 curabant
1126 438 1250 511 siarum,
1267 439 1323 498 de·

217 538 306 615 nique
323 534 414 594 totius
435 532 496 592 tere
508 532 636 597 civitatis
648 533 931 592 administrationem
950 531 1093 592 obierunt
1128 530 1235 609 Neque
1257 531 1325 590 brec

189 678 192 685 ,
218 627 298 699 dico',
313 647 375 707 quo
388 644 439 686 eos
453 634 507 684 sut
518 625 648 686 incusem
662 633 715 684 aut
727 623 952 702 reprehendam,
966 622 1021 684 sed
1034 621 1107 682 illud
1126 625 1208 684 tobis
1223 635 1327 683 ostem

220 741 286 781 sum
299 720 377 792 volo,
391 718 514 778 latorem
527 717 615 796 legis,
625 717 651 776 si
661 717 726 796 quis
736 717 826 776 unius
837 717 883 777 vel
891 715 983 776 intimi
991 717 1181 795 magistratus
1194 717 1325 776 rationes

219 816 326 878 reterre
338 813 457 886 debeat,
471 811 552 890 nolis
569 802 648 883 eum,
661 812 829 890 priusquam
851 810 979 873 rationes
999 810 1066 870 illas
1084 809 1259 880 reddiderit,
1274 827 1325 870 eo·

220 926 294 966 rona
302 906 422 967 donari:
444 903 607 984 Ctesiphon
620 913 718 963 autem
732 903 938 975 Demostheni,
952 903 1003 981 qui
1017 902 1055 962 ad
1064 920 1210 962 summam
1222 919 1325 970 omnes

222 1000 409 1060 Athenarum
426 999 616 1077 magistratus
629 1016 691 1057 una
704 999 836 1076 gerebat,
856 1012 995 1068 coronam
1016 995 1178 1056 decernere
1190 1013 1251 1056 non
1271 996 1326 1055 du·

221 1093 337 1157 bituric

229 1255 234 1260 g
267 1185 315 1242 12.
336 1181 405 1267 Jam
423 1180 513 1240 muris
528 1197 597 1240 enm
614 1178 783 1240 reficiendis
805 1187 970 1239 curatorem
984 1178 1087 1252 fuisse,
1106 1198 1175 1240 curn
1192 1178 1250 1238 istc
1268 1179 1326 1239 hoc

222 1275 411 1357 plebiscitum
427 1271 554 1352 scripsit,
569 1280 600 1332 et
618 1271 769 1352 publicam
790 1280 935 1331 tractasse
952 1271 1118 1350 pecuniam,
1131 1280 1163 1329 et
1180 1270 1326 1349 irrogasse

223 1368 364 1438 mulctas,
385 1364 637 1446 quemadmodum
650 1372 682 1428 et
693 1363 742 1424 alii
763 1365 965 1443 magistratus,
979 1373 1009 1424 et
1022 1363 1077 1424 t'ori
1086 1362 1236 1442 judicialis
1249 1364 1326 1442 prin·

223 1461 353 1541 cipetum
361 1458 534 1530 obtinuisse,
548 1457 651 1516 harum
663 1475 720 1536 ego
732 1476 830 1518 rerum
841 1466 931 1518 testes
941 1455 1025 1518 vohis
1039 1457 1136 1536 ipsum
1150 1455 1327 1524 Demosthe·

222 1572 292 1613 nem
316 1563 347 1612 et
367 1548 598 1630 ‘Ctesiphontem
620 1548 726 1611 citabo.
763 1547 841 1612 Nam
868 1548 1036 1612 Cheronda
1056 1557 1194 1630 pretore,
1220 1548 1328 1611 mensis

226 1645 433 1724 Thargelionis
453 1642 502 1705 die
516 1662 635 1714 xxrx„
648 1662 716 1702 cum
736 1641 841 1702 concie
859 1641 1027 1715 haberetur,
1050 1640 1158 1708 scitum
1177 1638 1249 1702 tecit
1269 1641 1329 1712 De·

225 1737 410 1808 mosthenes,
420 1744 455 1800 ut
474 1746 706 1807 convocarentur
718 1735 825 1796 Tribus
840 1735 945 1806 dicbus
962 1734 1096 1798 secundo
1116 1742 1148 1794 et
1163 1735 1251 1794 tertio
1266 1733 1329 1794 Sci-

227 1827 420 1909 sophorionis,
444 1827 609 1907 codemque
631 1827 707 1889 scite
725 1827 919 1907 prescripsit,
938 1836 974 1887 ut
996 1847 1033 1900 ex
1054 1845 1235 1906 unaquaque
1252 1826 1330 1892 tribu

227 1922 395 2001 deligantur
418 1921 559 1992 moenium
581 1919 805 1981 reficiendorum
828 1929 978 1990 curatores
999 1928 1030 1985 et
1045 1927 1219 1998 questores.
1254 1917 1329 1990 Pru-

228 2014 333 2088 denter
346 2033 429 2087 sane,
443 2011 578 2075 nimirum
592 2022 627 2077 ut
638 2023 735 2076 certos
749 2013 883 2074 homines
896 2013 1020 2096 haberet
1032 2011 1137 2074 civitas
1151 2009 1331 2089 inquisitioni

228 2105 383 2176 obnoxios,
398 2124 418 2164 a
430 2103 538 2182 quibus
550 2114 633 2177 esset
655 2112 825 2183 sumptuum
840 2101 986 2176 sactorum
1007 2102 1149 2166 rationem
1162 2103 1338 2182 repetitura..

229 2196 336 2258 Recita
348 2196 419 2260 mihi
432 2196 564 2257 decreta.

676 2332 886 2406 necuere.
982 2311 986 2330 '

274 2493 322 2549 13.
343 2490 427 2563 Esto,
439 2508 541 2549 vcmm
555 2489 623 2549 buin
632 2488 760 2553 statim
774 2491 920 2549 contrario
930 2489 1094 2572 replicabit,
1109 2490 1164 2551 sibi
1176 2510 1232 2551 neo
1245 2503 1333 2568 sorte,

228 2603 287 2643 neo
301 2581 442 2661 suffragio
452 2582 555 2662 populi
567 2582 707 2641 moenium
720 2581 965 2645 instaurationem
978 2582 1142 2644 obvenisse.
1172 2584 1214 2645 Et
1226 2585 1265 2645 de
1278 2586 1333 2647 hoc

231 2676 351 2755 quidem
364 2676 580 2734 Demosthenes
591 2683 623 2733 et
635 2674 801 2753 Ctesiphon
813 2676 975 2735 orationem
988 2677 1065 2737 bene
1075 2677 1196 2757 longam
1208 2678 1335 2739 hsbituri
1462 2696 1463 2699 ’

225 2776 314 2837 sunt,
329 2785 401 2826 vera
410 2775 508 2826 autern
523 2764 617 2825 oratio
628 2775 660 2825 et
671 2766 769 2825 brevis
779 2775 809 2825 et
821 2767 980 2847 perspicua
989 2767 1046 2829 erit
1057 2784 1186 2847 qumque
1194 2771 1255 2830 cito
1264 2772 1333 2833 isto·
1462 2768 1463 2787 ¹

232 2880 297 2921 rum
311 2858 457 2920 dissolvet
475 2857 621 2919 fallacias.
661 2857 765 2919 Pauca
783 2866 883 2919 tamen
902 2858 1044 2939 imprimis
1070 2860 1128 2921 bau
1149 2861 1188 2921 de
1207 2880 1239 2923 re
1261 2884 1334 2943 prrs-

233 2952 328 3013 t'sbor.
347 2951 417 3010 Tria
428 2959 500 3011 sunt
512 2951 587 3026 opud
599 2970 657 3023 nos,
671 2950 882 3027 Athenienses,
897 2951 1125 3031 magistratuum
1143 2974 1272 3032 genera:
1300 2977 1334 3017 es

234 3045 340 3125 quibus
352 3062 446 3103 unum
464 3044 658 3122 omnibusque
676 3044 862 3103 notissimum
876 3054 1034 3105 esseorum
1047 3046 1099 3123 qui
1112 3056 1195 3106 sorte
1214 3059 1267 3107 aut
1283 3068 1335 3129 po-

233 3138 298 3217 puli
318 3135 459 3216 suffragio
481 3146 636 3197 creantur:
658 3136 794 3208 alterum,
821 3137 871 3215 qui
893 3136 1004 3215 aliquid
1026 3137 1109 3217 quod
1129 3139 1172 3197 ad
1189 3139 1336 3202 civitatem

234 3230 458 3315 pertinetxultra
470 3230 591 3308 triginta
603 3228 667 3288 dies
683 3238 811 3289 tractant
832 3230 940 3307 quique
961 3228 1092 3309 publicis
1109 3231 1247 3311 aperiims
1270 3232 1337 3294 sunt
1368 3296 1371 3305 ,

236 3324 387 3402 praetecti:
415 3322 534 3382 tertium
559 3321 657 3381 verbis
683 3321 759 3399 legis
785 3341 959 3401 expressum
982 3331 1038 3396 est,
1066 3332 1102 3383 et
1129 3322 1159 3383 si
1186 3327 1248 3403 qui
1277 3326 1335 3387 de·

237 3414 330 3473 lecti
355 3414 391 3472 in
417 3414 499 3473 toro
525 3414 642 3491 aliquo
664 3412 843 3492 judiciali
869 3414 1129 3493 praefecturam
1155 3435 1336 3500 suscepe-

237 3506 321 3576 rint,
346 3505 371 3563 ii
396 3523 542 3583 quoque
563 3514 759 3583 postquam
778 3506 945 3587 spectati
960 3505 1098 3570 fuerint
1118 3510 1338 3587 magistratu

237 3599 455 3676 fungantur.
496 3596 565 3657 Jam
578 3598 604 3656 si
623 3597 779 3657 demantur
798 3599 999 3677 magistratus,
1013 3599 1063 3680 qui
1079 3600 1182 3678 populi
1200 3602 1338 3683 suffragio

239 3700 270 3751 et
279 3690 329 3769 qui
340 3699 419 3749 sorte
429 3698 499 3749 sunt
507 3688 608 3761 creati,
624 3697 760 3768 superest
768 3698 801 3755 ut
808 3690 838 3764 ii,
849 3708 922 3770 quos
932 3692 1025 3751 tribus
1039 3701 1069 3751 et
1082 3690 1203 3752 trientes
1213 3695 1339 3757 tribuum

238 3797 269 3844 et
283 3783 440 3863 municipia
459 3802 497 3843 ex
512 3782 573 3842 sois
591 3781 727 3862 deligunt
747 3784 786 3843 ad
803 3785 958 3863 pecuniam
976 3785 1125 3864 publicem
1145 3790 1339 3865 tractandam,

239 3878 302 3937 sint
314 3875 422 3935 delecti
433 3875 642 3953 magistratus:
663 3875 695 3933 id
718 3887 818 3937 nutem
831 3878 875 3950 fit,
897 3878 1027 3957 quando,
1048 3880 1090 3938 uti
1104 3898 1193 3953 nunc,
1207 3883 1343 3945 tribubus

240 3969 352 4049 aliquid
365 3968 535 4028 mandatnm
550 3969 648 4041 merit,
663 3969 723 4029 sive
737 3970 796 4030 sint
805 3970 895 4030 fossoe
910 3971 1066 4050 egerendas
1080 3972 1140 4033 sire
1153 3972 1285 4036 triremes
1298 3978 1339 4037 fa·

240 4062 401 4124 bricandse.
424 4060 581 4128 Quaerere
595 4077 668 4120 sme
682 4060 753 4134 dici,
765 4062 882 4141 exipsis
895 4061 1010 4143 legibus
1024 4065 1220 4145 cognoscetis.

614 4265 623 4275 ·’
717 4249 863 4311 LEGE&

248 4351 281 4429 ln
295 4374 467 4437 memoriam
477 4375 564 4460 igitur
577 4385 725 4449 revocate,
739 4398 807 4463 quse
821 4380 910 4448 modo
923 4381 1063 4461 diximus,
1073 4385 1285 4469 latoremiegis
1292 4392 1339 4472 ju·
