2967 4950
469 243 471 250 ¹
579 293 806 358 srrsronn.
1174 299 1232 357 on

138 457 170 507 et
182 447 281 526 inopia
293 456 415 508 etmetu
429 448 629 520 conflictabor.
672 452 804 520 Quorum
818 470 870 514 vos
880 451 951 512 nihil
961 451 1162 526 consideratis,
1179 451 1235 514 sed

136 541 229 601 verba
243 551 273 602 et
291 541 501 604 humanitatem
523 543 592 603 mihi
614 544 788 632 invidenteq,
798 567 845 607 me
860 556 956 608 vestra
969 547 1068 628 culpa,
1082 547 1107 606 si
1120 547 1181 606 fors
1194 547 1237 608 its

135 633 247 708 tulerit,
256 634 372 694 interire
388 635 506 696 sinetis:
528 656 622 716 neque
642 638 719 698 enim
734 640 799 699 aliis
818 660 907 720 quam
921 640 1004 701 vobis
1027 640 1151 720 supplex
1170 659 1236 701 esse

136 745 267 808 possum.
310 731 358 788 Ac
379 737 441 788 tum
461 739 568 788 sortem
589 749 696 802 meam,
711 733 781 792 satis
801 733 874 803 scio,
889 733 1052 794 miseraturi
1072 732 1235 806 estis,·cnm

137 821 265 900 querelae
280 841 376 900 neque
390 821 459 880 mihi
474 841 567 902 neque
583 823 663 882 vobis
682 823 838 903 quicquam
852 826 1022 904 proderunt.
1065 825 1143 883 Nam
1162 825 1236 885 alias

100 913 104 918 ’
138 933 224 992 opes,
247 925 353 992 praeter
367 933 416 974 eas
440 934 507 993 quoe
531 925 608 974 notae
631 924 661 974 et
682 924 790 994 ereptae
809 917 880 976 mihi
904 928 982 989 sunt,
1004 918 1111 977 habere
1134 936 1235 978 neme

139 1005 328 1084 exspectetis.
357 1005 510 1087 Reliquias
524 1005 621 1086 igitur,
630 1004 656 1064 si
670 1006 778 1066 omissa
791 1008 978 1067 contentione
992 1007 1021 1066 id
1035 1029 1088 1088 pro
1100 1008 1236 1068 humani·

138 1108 201 1158 tate
215 1109 312 1158 vestra
325 1099 393 1158 mihi
409 1109 473 1159 tuto
486 1099 581 1158 facere
595 1099 807 1170 concesseritis,
824 1102 1004 1179 conquiram.
1045 1102 1149 1180 Neque
1160 1103 1237 1161 enim

138 1193 178 1254 ab
193 1193 324 1272 Harpalo
343 1212 390 1252 me
405 1192 512 1271 aliquid
526 1191 672 1270 accepisse
687 1192 870 1252 ostendetis:
892 1213 960 1252 nam
974 1213 1071 1272 neque
1084 1194 1237 1255 convictus

45 1295 51 1310 '
139 1305 334 1364 sum,·neque
355 1286 465 1364 accepi.
508 1284 540 1342 Si
553 1303 621 1344 vero
645 1297 765 1345 senatus
785 1287 950 1346 obscuram.
965 1287 1167 1346 auctoritatem
1186 1298 1239 1348 aut

137 1381 238 1440 vicum
259 1379 397 1438 Martium
422 1367 583 1448 intuemini,
598 1377 700 1452 judicii
725 1378 763 1438 de
782 1379 980 1459 Aristogitone
1002 1379 1073 1439 facti
1094 1380 1238 1444 recordati

139 1471 315 1558 erubescite.
357 1471 426 1530 Non
440 1471 517 1530 enim
531 1469 610 1530 aliud
623 1469 720 1530 habeo
733 1471 825 1531 levius
840 1473 919 1550 quod
937 1472 1073 1532 mandem
1086 1472 1122 1532 iis
1135 1474 1185 1550 qni
1198 1474 1238 1534 ad

138 1568 231 1626 istum
253 1567 373 1626 modum
398 1565 428 1624 in
450 1585 495 1624 me
517 1563 711 1641 deliquerunt.
761 1565 824 1623 Nec
848 1567 926 1626 enim
948 1567 1052 1628 iisdem
1075 1566 1237 1628 rationibus

139 1658 242 1738 utique
266 1659 303 1718 ab
325 1658 428 1718 eodem
441 1667 552 1718 senatu
574 1659 801 1742 promulgatum,
817 1658 898 1718 illum
921 1660 1026 1723 dimitti
1044 1681 1158 1740 [equum
1171 1681 1238 1722 esse

139 1751 257 1823 dicetis,
267 1771 314 1812 me
327 1769 395 1812 vero
406 1751 545 1812 interire:
569 1773 628 1813 non
643 1753 716 1812 odeo
729 1769 783 1810 vos
801 1752 995 1830 incogitantes
1009 1753 1091 1812 estis.
1134 1753 1238 1833 Neque

138 1843 219 1906 enirn
243 1863 354 1904 mereor
375 1863 471 1923 neque
490 1845 595 1924 dignus
616 1863 711 1925 neque
729 1843 780 1902 illo
799 1843 925 1904 deterior
937 1863 1012 1917 snm,
1025 1845 1079 1904 sed
1092 1845 1238 1909 infelicem
1289 1909 1292 1914 ,

138 1935 261 2016 quidem
274 1947 371 1996 vestra
381 1955 482 1997 causa.
505 1939 670 1998 Confiteor:
686 1936 752 2014 quis
764 1934 842 1996 enim
852 1935 997 1996 infelicem
1006 1956 1054 1995 me
1062 1956 1128 1997 esse
1138 1952 1238 2017 neget,

67 2041 74 2054 '
139 2030 191 2090 cui
202 2029 241 2091 ad
253 2029 332 2088 mala
345 2039 453 2090 coetera
465 2029 494 2088 id
509 2049 624 2110 qnoque
638 2027 755 2089 accedit
766 2039 798 2086 ut
806 2047 874 2087 cum
885 2027 1087 2106 Aristogitone
1098 2048 1147 2088 me
1156 2050 1237 2090 com·

138 2142 254 2205 parem,
266 2123 422 2204 presertim
438 2123 581 2202 perditum
595 2142 662 2184 cum
676 2120 838 2181 incolumi?
866 2121 971 2198 Neque
989 2121 1053 2180 hoec
1066 2122 1206 2182 imcunde
1220 2143 1239 2184 a

139 2235 190 2276 me
205 2214 262 2278 dici
275 2214 382 2294 putetis
390 2220 498 2295 (neque
513 2215 589 2276 eninr
601 2235 658 2295 ego
669 2214 751 2276 vobis
764 2213 849 2274 irasci
858 2214 994 2293 queam);
1009 2213 1061 2272 sed
1074 2224 1107 2273 nt
1116 2216 1239 2294 suspiria

140 2309 321 2380 dolentibus,
336 2309 378 2370 sic
397 2307 509 2368 affectis
530 2309 634 2388 injuria
654 2309 882 2387 conquestiones
901 2307 1055 2368 levamenti
1070 2308 1180 2388 aliquid
1194 2310 1238 2370 ai·

139 2403 218 2462 ferre
242 2401 355 2460 solent:
377 2400 549 2462 namssuobis
572 2401 691 2481 quidem
711 2412 772 2460 tarn
786 2402 861 2460 bene
878 2399 974 2480 cupio,
988 2420 1077 2479 quam
1095 2421 1149 2461 vos
1166 2401 1238 2464 mibi

139 2498 277 2577 optarim.
303 2495 410 2555 Ethoc
424 2496 453 2555 in
465 2496 596 2557 omnibus
611 2498 698 2557 rebus
712 2506 745 2555 et
762 2494 918 2567 declaravi,
932 2505 963 2555 et
975 2495 1149 2557 declarabo:
1168 2516 1237 2558 nem

140 2587 340 2649 initiostatim
348 2588 476 2649 animum
490 2589 591 2649 induxi
601 2609 708 2659 meum,
723 2587 855 2668 quisquis
865 2587 904 2649 ad
919 2588 1128 2667 rempublicam
1137 2610 1239 2653 acces·

141 2682 224 2752 serit,¹
230 2683 317 2742 modo
327 2682 422 2741 bonus
432 2681 503 2741 civis
514 2702 580 2743 esse
592 2684 671 2755 velit,
682 2702 749 2741 enm
758 2682 800 2741 sic
813 2702 884 2760 erga
896 2701 1000 2741 omnes
1010 2682 1090 2741 cives
1103 2683 1236 2745 affectum

140 2794 210 2835 esse
224 2773 337 2844 decere,
351 2784 385 2833 ut
397 2774 504 2834 liberos
523 2796 593 2855 erga
607 2784 754 2856 parentes,
776 2784 809 2833 nt
830 2795 881 2835 eos
900 2775 1016 2853 quidem
1030 2796 1117 2853 quam
1131 2777 1237 2855 aequis·

141 2866 234 2927 simos
254 2865 375 2945 experiri
393 2876 486 2945 optet,
501 2869 555 2928 sed
575 2869 793 2948 qualescunque
809 2866 916 2927 inerint
933 2867 1009 2930 ferat
1026 2886 1112 2945 raquo
1129 2870 1235 2928 animo.

141 2960 192 3020 Ita
205 2958 553 3038 salmonei-preclarum
568 2970 612 3021 est
634 2970 663 3023 et
680 2981 699 3020 a
718 2960 910 3039 prudentibus
924 2960 1045 3021 victoria
1061 2962 1237 3023 conveniens

140 3050 333 3114 existimatur.
375 3052 488 3115 Velete.
