2967 4950
504 284 550 346 ru
575 241 937 359 crnsrru·ournu.,.·
969 269 973 273 ’
1224 293 1298 360 ωε,-

178 443 221 502 At
233 422 356 522 praenrla
368 450 399 502 et
411 451 572 502 coronaret
583 439 732 521 preconia
745 451 777 512 et
788 441 1078 521 quotidianusuiotus
1090 436 1121 504 ln
1132 439 1282 526 Prytaneo

177 546 276 595 utrum
289 522 360 604 tun'c
373 545 457 601 erant
477 555 517 602 aa
530 555 610 602 nunc
623 534 793 600 crebriora?
810 535 896 600 tunc
910 536 968 598 rari
982 536 1062 615 apud
1075 557 1130 596 nos
1144 536 1281 612 honores,
1336 585 1344 594 .

178 638 249 688 tunc
268 628 383 687 uirtutis
404 648 511 688 nomen
524 628 557 688 ia
570 627 664 707 pretio
678 639 751 700 erat,
764 647 844 695 nunc
857 647 929 692 vero¹
940 649 986 716 res
998 629 1064 710 ipsa
1073 630 1242 705 obsolescit,
1253 640 1283 691 et
1391 635 1396 643 '

177 740 304 781 coronas
315 741 368 780 vos
382 741 442 780 non
457 721 581 783 consih0
594 720 648 780 sed
661 740 699 780 ex
709 721 928 803 consuetudine,
939 721 1065 790 donatis.

199 815 263 872 -60.
284 813 391 873 Nonne
401 814 468 872 haec
479 812 569 891 igitur
577 813 810 892 expendentibus
821 814 896 872 uobis
906 813 1065 873 absurdum
1081 814 1186 874 merito
1199 814 1282 874 vide-

176 914 225 963 tur
233 905 355 983 praemia
368 925 449 964 nunc
461 904 651 978 increbuisse,
663 904 789 964 civitatis
802 923 873 982 opes
889 914 951 964 tum
964 905 1089 985 majores
1100 925 1188 984 quam
1201 926 1281 967 nunc

175 996 284 1064 suisse3
307 995 385 1057 viros
398 1017 478 1056 nunc
499 1015 565 1055 esse
580 996 746 1074 nequiores,
760 1005 831 1056 tunc
845 997 937 1072 multo
955 997 1193 1077 praestantiores?
1215 999 1280 1078 Ego

175 1101 283 1163 autem,
295 1092 483 1169 quamobrem
496 1090 554 1150 hoc
567 1090 608 1149 ita
621 1090 662 1160 fit,
678 1089 834 1150 ostendere
848 1091 931 1150 vobis
942 1093 1082 1151 conabor.
1113 1092 1277 1164 Putatisne,

173 1182 382 1252 Athenienses,
397 1183 527 1243 futurum
538 1202 668 1261 unquam
683 1182 785 1256 fuisse,
795 1183 851 1270 ,qni
866 1203 897 1242 se
907 1183 955 1243 vel
969 1184 1007 1242 ad
1019 1183 1168 1263 Olympia,
1180 1185 1227 1244 vel
1240 1182 1279 1244 ad

174 1276 255 1334 aliud
269 1275 393 1353 aliquod¹
402 1286 549 1337 certamen
572 1277 686 1353 inquo
699 1295 817 1334 coronae
840 1275 996 1346 donentur,
1018 1295 1156 1335 exercere
1178 1276 1278 1349 vellet,

95 1412 99 1416 -
173 1368 213 1426 ad
228 1368 418 1429 Pancratium
433 1377 484 1426 aut
496 1366 575 1426 aliud
585 1367 745 1445 quodpiam
760 1367 900 1446 gravioria
911 1367 1000 1426 luctae
1011 1387 1115 1446 genus,
1128 1367 1152 1426 si
1166 1367 1277 1428 corona

173 1460 337 1520 traderetur
354 1480 412 1519 non
427 1457 667 1538 praestantissimo
682 1459 734 1517 sed
750 1459 776 1518 ei
797 1460 848 1537 qui
862 1459 945 1520 malis
961 1461 1073 1519 artibus
1090 1461 1182 1538 ipsam
1204 1479 1277 1520 con·

173 1562 294 1612 secutus
316 1552 418 1612 esset?
440 1551 536 1612 Nemo
550 1549 651 1610 hercle
665 1570 696 1610 se
715 1559 872 1610 exerceret.
917 1551 1007 1610 Nunc
1030 1563 1140 1624 autem,
1163 1553 1280 1632 opinor,

171 1657 292 1723 propter
311 1645 470 1717 raritatem,
492 1651 612 1722 propter
631 1643 859 1715 contentionem,
881 1643 983 1717 decus,
1005 1644 1129 1722 gloriam
1149 1645 1277 1724 denique

171 1737 375 1816 sempiternam
390 1755 459 1815 quae
471 1735 624 1795 victoriam
638 1733 778 1812 sequitur,
789 1735 974 1812 reperiuntur
987 1736 1121 1795 nonnulli
1135 1737 1196 1815 qui,
1211 1758 1277 1798 cor·

171 1832 289 1910 poribus
305 1831 365 1888 suis
380 1829 506 1889 fortunae
520 1826 668 1908 permissis
683 1825 921 1907 gravissimisque
935 1826 1084 1886 laboribus
1109 1831 1276 1904 exantlatis,

169 1924 332 2002 periculum
347 1921 433 2003 adire·
446 1921 579 1999 cupiunt.
604 1919 753 1986 Quocirca
775 1917 876 2008 fingite
899 1937 952 1978 vos
972 1938 1039 1978 esse
1059 1913 1224 1981 certaminis
1238 1923 1276 1983 de

169 2018 275 2076 virtute
299 2015 380 2079 cirili,
400 2013 524 2072 arbitros
551 2011 739 2083 constitutos,
765 2019 853 2088 atque
878 2010 954 2071 illud
979 2011 1064 2070 simul
1090 2013 1275 2090 cogitatasi

78 2145 102 2167 ·.
168 2109 271 2188 paucis
286 2119 317 2167 et
337 2105 433 2186 dignis
454 2115 485 2164 et
505 2104 669 2164 secundum
691 2103 774 2182 leges
796 2103 918 2182 proemia
941 2103 1085 2176 tribuatis,
1108 2105 1275 2185 complures

168 2221 221 2262 vos
239 2201 353 2261 vinctis
376 2208 536 2259 certatores
554 2196 727 2274 habituros:
751 2195 795 2254 sin
820 2195 912 2254 cuivis
932 2205 965 2278 et
982 2193 1024 2254 eis
1048 2195 1098 2274 qui
1121 2197 1275 2272 ambierint

168 2293 379 2374 gradiremini,
392 2291 479 2351 etiam
491 2289 909 2368 bonaingeniacorrupturos.
1179 2291 1182 2300 ’
1209 2299 1210 2304 ’

208 2388 258 2450 61.
279 2382 355 2445 Hoec
374 2394 473 2443 autem
487 2392 565 2442 recte
580 2401 598 2439 a
611 2401 658 2439 me
679 2379 758 2439 dicta
778 2399 853 2450 esse,
874 2377 1052 2440 luculentius
1073 2379 1164 2459 paulo
1188 2380 1270 2441 vobis

136 2479 138 2482 ’
165 2466 237 2541 libet
250 2498 406 2559 exponere.
434 2478 509 2535 Uter
521 2475 604 2535 vobis
619 2474 661 2533 vir
679 2472 781 2533 melior
799 2471 890 2533 fuisse
911 2471 1029 2533 videtur
1043 2471 1271 2547 Themistocles,

166 2595 225 2653 quo
238 2574 315 2634 duce
328 2568 426 2632 navali
441 2570 520 2649 apud
535 2567 685 2627 Salamina
698 2566 802 2645 praelio
822 2566 943 2625 Persam
960 2565 1084 2637 vicistis,
1099 2586 1137 2643 an
1157 2569 1207 2646 qui
1227 2569 1272 2656 ¹⁰7

164 2686 234 2726 cum
259 2668 290 2725 in
311 2662 529 2725 aoiedeseruit
556 2658 794 2720 Demosthenes?
824 2658 975 2726 Miltiades
1005 2658 1056 2736 qui
1083 2656 1273 2719 Marathonia

106 2817 112 2821 .
163 2780 263 2841 pugna
284 2749 430 2834 barbaros
447 2753 604 2833 superavit,
619 2771 657 2837 an
675 2751 753 2810 iste?
774 2750 812 2829 [li
835 2749 974 2833 denique,
989 2750 1039 2828 qui
1062 2737 1204 2830 populum
1218 2772 1270 2811 ex·

164 2854 311 2913 solantem
335 2870 354 2909 a
367 2835 462 2928 Phyle
476 2836 689 2919 reduxemntl]
715 2852 747 2902 et
765 2838 909 2901 Aristides
931 2836 1063 2919 ille,'qui
1083 2844 1271 2919 cognomine,

163 2948 291 3008 multum
303 2944 345 3003 illi
359 2944 441 3021 quod
462 2938 679 3000 Demosthenes
699 2936 791 3020 habet
812 2928 956 3003 dissimili,
976 2933 1081 2993 Justus
1105 2925 1270 3015 appellatus

165 3039 234 3101 esti
255 3036 365 3099 Verum
381 3053 450 3112 ego,
473 3052 525 3111 per
539 3030 612 3091 deos
635 3027 828 3117 immortales,
851 3046 889 3085 ne
903 3026 1008 3086 iisdem
1022 3026 1140 3104 quidem
1165 3028 1269 3089 diebus

164 3136 210 3194 fas
224 3150 290 3192 esse
303 3127 440 3189 existimo
454 3124 558 3184 dehac
571 3121 671 3181 bellua
681 3130 711 3181 et
724 3120 761 3179 de
771 3120 839 3180 uiris
851 3118 907 3177 illis
922 3119 1099 3179 meminisse.
1121 3119 1271 3182 Ostendat
1309 3142 1311 3146 ⁴

163 3226 253 3307 igitur
267 3224 295 3282 in
320 3212 451 3281 oratione
465 3236 520 3277 sua
540 3206 769 3285 Demosthenes,
784 3211 878 3271 sicubi
900 3210 1051 3271 decrmum
1074 3212 1122 3285 sit,
1136 3222 1170 3271 ut
1190 3212 1270 3297 quisq

163 3338 253 3397 quam
266 3314 383 3374 illorum
393 3312 519 3371 virorum
534 3324 643 3367 corona
660 3303 828 3364 donaretur.
858 3302 994 3381 ingratus
1009 3322 1080 3383 ergo
1096 3314 1160 3363 erat
1174 3325 1269 3385 popm

163 3411 232 3472 lusi
253 3394 388 3479 Minime,
403 3404 462 3463 imo
475 3412 506 3463 et
518 3400 629 3475 excelsi
642 3396 731 3481 animi
741 3396 863 3484 populus·
873 3396 939 3483 tuit,
955 3408 985 3456 et
994 3396 1041 3485 illi
1060 3396 1111 3477 qui
1124 3394 1202 3457 hunc
1215 3398 1268 3459 ho-

163 3523 264 3565 norem
277 3522 337 3561 non
349 3496 448 3576 adepti
463 3475 540 3555 sunt
548 3487 664 3552 ciuitate
676 3489 732 3549 hac
747 3478 921 3566 dignissimi.
955 3477 1023 3547 Non
1037 3490 1115 3567 enim
1130 3510 1162 3575 se
1176 3490 1207 3549 in
1222 3481 1267 3551 tass

161 3597 240 3667 bulis
254 3589 434 3667 ‚decretoriis
456 3587 598 3670 honorem
619 3602 705 3669 suum
719 3598 838 3663 ponere
850 3582 957 3652 debere
972 3583 1143 3662 censebant,
1159 3583 1213 3665 sed
1236 3584 1266 3643 iu
1308 3614 1311 3617 ·

161 3708 264 3751 eorum
277 3686 382 3766 quibus
394 3684 473 3753 bene
487 3681 629 3740 iecissent
642 3676 793 3759 memoria,
808 3673 1007 3756 quae'quidem
1023 3693 1062 3767 err
1072 3674 1266 3757 illoternpore

162 3784 201 3844 ad
215 3783 295 3840 hunc
308 3796 403 3855 usque
417 3774 495 3834 diem
507 3782 608 3830 manet
621 3767 803 3827 immortalis.
874 3762 876 3768 ’
1047 3768 1049 3775 ⁴
1063 3842 1075 3849 Ἰ,
1360 3846 1363 3851 Ι

202 3878 251 3935 62.
273 3872 477 3937 Quibusvero
496 3863 622 3944 praemiis
643 3860 739 3919 ornati
757 3856 848 3917 sunt?
870 3856 909 3914 lis
928 3874 994 3933 quae
1018 3876 1115 3935 operae
1137 3858 1264 3936 pretium

160 3980 208 4031 est
221 3980 461 4027 commemorare.
484 3958 616 4015 Fuerunt
629 3952 748 4032 quidam
763 3950 797 4007 iis
812 3949 1001 4029 temporibus,
1014 3951 1064 4028 qui
1079 3950 1179 4015 multis
1195 3968 1262 4027 gra-

158 4062 301 4138 vibusque
311 4039 448 4135 periculis
461 4048 594 4110 defuncti
608 4045 718 4105 Medos
730 4041 810 4121 apud
826 4041 1011 4120 Strymonem
1025 4042 1144 4101 fluvium
1159 4040 1261 4117 praelio

159 4155 310 4214 fuderunt.
351 4146 376 4205 li
389 4144 476 4223 igitur
492 4143 550 4201 huc
564 4138 672 4199 reversi
692 4136 845 4216 praemium
859 4153 877 4193 a
890 4136 999 4215 populo
1020 4135 1195 4213 petiverunt,
1210 4135 1260 4195 de·

160 4250 259 4325 diique
287 4242 327 4301 eis
350 4237 479 4318 populus
500 4251 619 4311 magna,
643 4240 678 4289 ut
698 4239 761 4288 tum
785 4226 971 4299 videbantur,
992 4226 1123 4305 praemia,
1147 4234 1181 4311 ut
1201 4235 1263 4287 tres

160 4341 281 4400 Henna
293 4331 404 4413 lapidei
415 4331 447 4390 in
460 4329 638 4403 Hermaeum
650 4322 765 4403 porticu
779 4320 816 4380 iis
829 4328 1020 4400 ponerentur,
1035 4336 1071 4377 ea
1080 4318 1148 4397 lege
1161 4329 1260 4380 tamen

155 4454 200 4496 ne
211 4449 266 4493 sua
278 4426 399 4489 nomina
405 4421 609 4493 inscriberent,
622 4426 656 4478 ut
669 4436 729 4475 non
742 4410 1024 4496 imperatorum-sed
1040 4410 1142 4491 populi
1155 4410 1259 4475 inserie
1273 4447 1276 4449 ·
1368 4438 1375 4451 ·

642 4561 646 4570 ,
682 4507 729 4569 ἰ·
901 4527 904 4532 ’
