2967 4950
251 304 307 363 ιιι
362 281 371 288 ’
510 294 513 303 ’
591 301 637 361 ιιι
658 293 1001 363 ιιιιιιιιοιιιιι

247 468 337 520 nemo
349 458 567 536 praemonuerit,
577 458 776 519 internoscere
786 455 917 539 possitis.
943 455 977 517 Id
991 463 1119 528 tantam,
1130 453 1212 537 quod
1227 455 1349 522 istorum

244 552 400 630 utriusque
410 571 566 612 commune
579 565 625 610 est
637 552 776 632 qnodque
788 551 857 612 du”
839 569 874 610 us
889 549 967 631 apud
981 569 1035 610 ros
1048 551 1153 610 merito
1167 551 1225 610 dici
1238 561 1344 631 potest,

245 647 401 723 exponam
438 643 477 704 In
491 643 574 702 thro
567 645 656 720 igitur
668 645 902 712 circumcursant
910 659 1012 702 teram
1027 643 1100 702 alter
1113 643 1151 702 da
1173 644 1274 703 altero
1283 645 1345 725 opi

242 737 361 796 monem
373 736 527 804 habentes,
542 737 690 812 vocesque
699 735 818 794 minime
832 735 946 799 falsas
935 733 1097 814 Jac'tantas.
1119 734 1221 813 Negat
1229 754 1262 795 se
1273 737 1344 797 Cte-

243 829 348 907 siphon
361 827 428 886 sibi
429 827 584 932 quicquam
597 824 728 894 timeret·
742 824 846 904 sperat
845 828 934 886 enims
943 839 975 887 sa
993 822 1143 888 stolidum
1153 829 1328 912 quendam
1315 838 1344 888 et

241 920 407 1001 imperitum
420 920 518 979 visum
530 918 587 978 iri,
602 917 660 977 scd
672 917 906 978 Demosthenis'
897 937 928 977 tn
940 915 1174 990 administranda
1188 937 1246 1000 rep.
1264 941 1343 1000 quaa·

243 1027 306 1078 stus
316 1015 487 1112 flagitiosos
492 1024 524 1079 et
536 1014 806 1075 consternationem
817 1024 849 1073 et
861 1010 1019 1093 ignaviam,
1032 1029 1071 1078 ιι
1081 1032 1152 1072 vero
1163 1029 1195 1075 se
1206 1018 1343 1093 pentima·

243 1124 329 1168 rcere
340 1099 503 1168 coufirmat.
530 1107 748 1185 Demosthenes
763 1115 874 1178 contra,
890 1125 957 1166 cum
971 1105 1003 1164 in
1017 1123 1049 1165 se
1063 1106 1131 1184 ipse
1145 1105 1287 1181 intuetur,
1300 1127 1345 1168 se

241 1219 313 1260 curu
326 1217 359 1262 se
372 1201 468 1262 animo
489 1218 554 1261 esse
568 1201 727 1280 praedicat:
750 1209 782 1259 at
800 1199 1004 1304 Ctesiphoptis·
1026 1200 1242 1294 improbitatem
1257 1211 1287 1260 et
1300 1202 1340 1262 le·

239 1293 553 1355 nuriniavehementer
559 1291 790 1374 perhorrescere
816 1293 964 1358 Quos't
911 1293 964 1373 igi-t
966 1310 1000 1352 nr
1013 1311 1069 1352 sua
1080 1302 1182 1352 mutua
1196 1295 1342 1355 sententia

239 1387 415 1466 flagitiorum
426 1387 547 1466 arguit·
555 1403 611 1446 vos
625 1401 797 1446 communes
816 1387 968 1465 utriusque
977 1385 1096 1503 judices
1114 1385 1284 1446 criminibus
1303 1407 1340 1446 ne

239 1481 392 1541 absolvite.
457 1497 461 1502 ’
602 1494 605 1498 ’

280 1575 329 1632 76.
352 1572 431 1632 De
413 1591 448 1631 us
458 1588 527 1632 vero
541 1591 607 1651 quae
622 1572 653 1631 in
667 1587 715 1631 me
729 1580 871 1652 congeret
884 1567 1049 1644 maledictis
1063 1589 1160 1650 pauca
1173 1586 1253 1631 nuno
1266 1593 1341 1652 praa·

195 1659 201 1668 ’
237 1668 330 1726 tabor.
346 1665 452 1744 ‘Audio
462 1667 538 1725 enirn
551 1666 783 1726 Demosthenem
797 1665 954 1736 dicturum,
970 1664 1181 1744 rempublicam
1196 1683 1215 1723 a
1228 1683 1264 1724 se
1276 1667 1340 1745 qui-

132 1812 137 1824 ,
237 1759 306 1818 dem
332 1759 428 1817 multa
446 1758 611 1830 commoda,
633 1777 651 1817 a
670 1777 718 1818 me
740 1768 840 1818 autem
861 1759 957 1818 multa
976 1758 1090 1818 damna
1108 1757 1287 1836 suscepisse,
1310 1769 1339 1820 ei

236 1851 322 1912 simul
335 1851 504 1930 Philippum
519 1860 550 1911 et
563 1851 764 1911 Alexandrum
779 1860 867 1928 atque
886 1846 957 1909 inde
970 1854 1040 1910 nata
1053 1850 1174 1910 crimina
1186 1851 1217 1909 in
1232 1869 1280 1910 me
1291 1871 1337 1911 re·

231 1946 398 2022 jectum·
415 1942 475 2004 Est
481 1963 569 2014 enim
583 1954 618 2002 ut
630 1945 755 2016 videtur
770 1944 846 2004 adeo
860 1943 986 2003 callidus
1000 1945 1156 2003 verborum
1172 1943 1286 2016 artifex,
1306 1957 1338 2004 ut

229 2035 293 2116 jain
308 2055 368 2096 non
382 2037 452 2096 satis
465 2037 584 2110 habeat,
599 2036 695 2116 siquid
714 2055 772 2116 ego
784 2037 815 2095 in
829 2055 891 2116 rep.
907 2055 986 2116 gessi
978 2037 1046 2096 'vel
1067 2037 1167 2115 siquas
1190 2038 1337 2098 orationes

223 2129 315 2208 apud
328 2147 382 2213 ros
395 2129 661 2202 habui,1ncusare,
684 2129 765 2188 sed
758 2147 856 2208 ipsum
876 2129 944 2188 vitm
962 2149 1037 2188 meae
1057 2131 1147 2188 otium
1169 2131 1338 2190 criminatur

234 2239 391 2299 meumque
399 2220 547 2279 silentium
560 2221 721 2294 insimulat,
732 2241 769 2280 ne
781 2224 846 2299 quis
857 2239 883 2280 er
875 2219 980 2280 locus
992 2221 1105 2282 scilicet
1120 2221 1277 2282 calumnier
1287 2244 1336 2300 va·

234 2333 309 2375 cuns
324 2315 523 2394 relinquatur;
546 2327 639 2374 coetus
649 2332 737 2395 porro
749 2326 779 2374 et
793 2314 951 2392 colloquia,
966 2333 1033 2394 quae
1046 2315 1076 2373 in
1092 2316 1256 2394 gymnasiis
1268 2337 1335 2377 curn

234 2406 463 2468 adolescentulis
476 2407 583 2483 habeo,
601 2409 789 2488 reprehendit
798 2427 807 2477 ς
830 2407 900 2487 quin
918 2416 949 2466 et
969 2417 1073 2467 contra
1086 2408 1163 2468 hanc
1177 2410 1273 2489 ipsam
1288 2429 1336 2472 ac·

98 2537 122 2561 s
231 2504 342 2563 tionem
356 2501 455 2562 statim
469 2502 606 2561 orationis
619 2518 682 2560 sune
693 2500 776 2559 initio
787 2500 896 2559 crimen
910 2501 1058 2579 quoddam
1072 2500 1185 2573 efferati
1197 2504 1335 2564 melitem

231 2596 259 2655 ei
267 2595 427 2654 intendisse
441 2597 500 2653 nbn
511 2594 611 2654 studio
619 2593 791 2673 reipublicae
806 2592 977 2665 adductum,
993 2593 1089 2653 redut
1101 2594 1334 2657 meAlexandro

184 2691 188 2695 '
231 2695 409 2747 ostentarem
419 2692 543 2764 propter
552 2684 851 2770 inimicitiasquaeilli
860 2695 928 2744 cum
941 2686 998 2745 isto
1008 2684 1207 2765 intercedunt.
1233 2688 1333 2747 Enim-

231 2777 311 2851 vero,
321 2787 355 2837 ut
369 2778 480 2857 accepi,
496 2796 532 2836 ex
542 2792 591 2836 me
604 2776 946 2856 etiamquaesiturus‘est,
962 2796 1013 2837 cur
1027 2796 1083 2857 ego
1093 2796 1191 2839 rerum
1206 2798 1226 2839 a
1238 2798 1272 2839 se
1283 2799 1333 2859 ge·

231 2882 344 2933 starum
364 2886 509 2931 summam
528 2870 753 2949 reprehendam,
776 2872 908 2950 singulas
921 2889 990 2929 vero
1003 2888 1101 2949 neque
1123 2871 1333 2951 interpellarim

169 2963 172 2970 ’
231 2980 327 3045 neque
339 2956 370 3024 in
377 2951 521 3039 judicium
535 2963 786 3036 adduxerim-ran
796 2964 887 3043 longo
902 2962 1022 3022 demum
1042 2962 1205 3037 intervallo,
1221 2974 1331 3025 etcum

229 3060 261 3119 in
272 3050 424 3139 republica
442 3056 674 3118 administranda
692 3070 755 3116 nou
774 3053 1048 3117 assiduerersatus
1060 3074 1170 3131 essem,
1192 3058 1234 3117 ad
1243 3076 1331 3118 accu-

230 3154 360 3214 sandurn
368 3149 556 3212 accesserim
652 3162 656 3170 ’
733 3163 736 3168 ·

271 3249 321 3305 77.
343 3245 409 3324 Ego
427 3263 497 3304 vero
517 3263 615 3322 neque
636 3241 847 3302 Demosthenis
867 3240 1113 3305 consuetudinem
1133 3209 1167 3301 et
1182 3242 1332 3322 colloquia

230 3338 301 3397 mihi
313 3354 445 3416 unquam
455 3334 703 3405 invidendaduxr',
717 3350 814 3413 neque
827 3348 964 3393 meorum
973 3348 1022 3393 me
1035 3332 1139 3412 pandet,
1155 3352 1253 3413 neque
1266 3356 1330 3413 qum

229 3448 328 3489 coram
349 3430 431 3488 vobis
446 3448 465 3487 a
478 3447 526 3487 me
538 3427 621 3488 dicta
641 3435 711 3486 sunt
722 3426 836 3486 indicta
849 3426 1026 3497 etst'nelim,
1050 3435 1166 3504 nequa,
1181 3427 1330 3506 siquales

223 3522 283 3582 viste
299 3518 401 3580 habuit
415 3520 573 3579 conciones
591 3520 771 3589 habuissem,
788 3519 856 3578 mihi
880 3518 990 3579 diutius
1008 3518 1166 3577 vivendum
1183 3529 1329 3597 putarem.

229 3614 331 3675 Meum
344 3632 413 3675 vero
425 3611 584 3683 silentium,
596 3611 823 3683 Demosthenes,
837 3611 905 3670 vitae
916 3627 989 3671 mea
997 3610 1189 3671 *continentia
1198 3616 1330 3691 peperit:

227 3717 319 3787 parto
328 3709 408 3766 enim
421 3724 488 3765 sum
502 3702 679 3774 coutamur,
690 3704 871 3783 necmuJ'ora
883 3704 1210 3783 turpitnrtbnonpispa
1218 3706 1332 3785 ianque

227 3812 258 3862 et
271 3800 389 3861 silentio
402 3810 469 3859 utor
481 3812 511 3859 et
525 3799 563 3858 ad
578 3796 740 3858 dicendum
752 3797 838 3857 venio
852 3797 977 3857 consilio
997 3796 1155 3871 adductus,
1170 3816 1229 3857 non
1242 3799 1332 3859 insita

224 3894 346 3974 ingenio
359 3892 475 3952 luxuria
486 3903 617 3953 coactus.
640 3891 681 3949 At
690 3901 723 3949 tu
736 3890 840 3969 opinor
854 3899 978 3968 accepto
992 3906 1113 3949 munere
1122 3889 1240 3959 siluisti,
1256 3911 1331 3953 con-

227 3999 346 4068 sumpto
364 3986 540 4047 vociferatus
555 4005 608 4055 εις
618 3984 710 4043 dicis
729 3992 912 4056 autemnon
927 4000 996 4042 cum
1016 3982 1069 4042 tibi
1082 3982 1332 4063 videnturusque

225 4097 340 4161 eaquae
353 4080 437 4152 velis,
451 4077 504 4137 sed
517 4098 585 4137 cum
605 4078 625 4135 ii
647 4076 698 4156 qui
719 4094 838 4156 operam
856 4086 937 4149 tuam
950 4084 1118 4134 mercantur
1137 4076 1331 4163 impetrarint:

225 4194 320 4253 neque
332 4194 370 4234 ea
382 4183 412 4233 te
424 4170 518 4253 pudet
537 4180 707 4250 arroganter
720 4169 889 4242 decantare,
902 4186 970 4247 qum
983 4154 1075 4249 paulo
1088 4178 1158 4248 post
1171 4188 1190 4227 a
1203 4179 1232 4278 te
1254 4190 1333 4231 con·

223 4267 295 4327 ficta
306 4286 374 4327 esse
387 4276 557 4347 arguentur.

262 4360 315 4419 78
336 4360 493 4441 Namque
484 4381 515 4419 ιι
523 4335 668 4440 judicium
681 4356 815 4418 deducta
832 4364 879 4417 est
890 4356 957 4417 haec
972 4354 1009 4416 de
1029 4356 1103 4417 scito
1123 4356 1334 4439 Ctesiphontis

144 4509 146 4512 ,
224 4450 311 4523 actio,
325 4470 413 4530 quam
426 4462 459 4513 tu
472 4471 521 4514 me
529 4449 693 4513 intendisse
703 4450 832 4525 dictitas,
843 4468 903 4511 nou
917 4470 977 4530 quo
986 4434 1155 4533 reipublice
1166 4452 1335 4527 studerem,
