2967 4950
614 344 842 418 EPISTOLAE,
1145 369 1150 375 ·
1217 336 1276 399 343

173 499 357 563 decrevistis.
383 500 494 561 ¹Miror
513 511 621 575 autern,
636 504 660 563 si
679 524 767 565 nemo
779 512 910 564 restrum
934 501 1155 581 cogitat,turpe
1166 514 1231 557 esse
1242 504 1278 554 ut

172 594 306 674 populus
328 594 527 668 Atheniensis,
551 595 702 674 sapientise
730 597 931 675 doctrinoeque
954 593 1095 674 opinione
1131 598 1277 670 praestans

176 686 382 757 omnibus,·ad
395 706 479 766 quem
503 689 532 746 in
548 689 763 749 calamitatibus
777 699 917 767 tanquam
932 687 969 747 ad
989 701 1144 746 commune
1159 681 1277 761 asylum
1302 679 1311 723 '‹

175 778 309 858 coniugi·
321 780 405 849 solet,
420 780 555 860 Philippo
579 775 765 842 inhumanior
786 782 928 852 videatur,
942 780 993 860 qui
1010 778 1109 853 (utin
1131 782 1279 855 potestate

175 871 260 949 regia
272 872 429 932 educatum
443 873 591 951 probabile
606 878 664 947 est)
678 895 695 934 a
709 875 826 933 nemine
844 873 1025 943 admonitus,
1037 880 1136 930 tamen
1150 886 1217 927 curn
1231 885 1279 925 se·

177 963 359 1023 candissima
376 963 494 1024 fortuna
507 984 580 1024 usus
594 975 683 1037 esset,
697 965 887 1026 humanitatis
902 985 934 1023 se
948 963 1073 1024 maxime
1087 974 1154 1021 esse
1169 977 1279 1019 merno-

177 1076 244 1117 rem
257 1066 388 1137 oportere
401 1056 523 1130 censuit,
538 1067 568 1118 et
583 1061 621 1118 ab
635 1058 668 1119 iis
682 1061 733 1139 qui
747 1061 890 1120 adversus·
898 1060 992 1138 ipsum
1008 1056 1038 1115 in
1053 1055 1117 1115 acie
1131 1058 1281 1123 steterant,

179 1156 294 1208 etcum
312 1148 419 1228 quibus
434 1150 472 1209 de
491 1168 604 1210 summa
617 1170 712 1211 rerum
727 1151 982 1232 depugnastqui
1001 1158 1033 1207 et
1050 1149 1162 1228 cujates
1181 1156 1283 1206 esseut
1326 1208 1329 1213 ,

179 1260 279 1320 neque
291 1242 456 1321 perquirere
470 1260 566 1321 neque
586 1243 708 1322 prodere
721 1264 812 1304 ausus
829 1264 837 1303 :
857 1243 974 1314 etenim,
984 1251 1017 1299 ut
1029 1249 1161 1321 apparet,
1174 1258 1235 1306 non
1248 1248 1284 1296 ut

179 1333 313 1413 plerique
327 1334 417 1395 vestri
430 1346 567 1406 oratores,
579 1334 681 1397 eadem
695 1336 725 1395 in
744 1356 848 1397 omnes
862 1355 928 1396 esse
940 1332 985 1394 rel
1002 1334 1087 1413 justa
1097 1332 1143 1391 vel
1157 1331 1284 1390 honesta

179 1426 316 1505 putabat,
336 1427 390 1487 sed
409 1428 519 1487 ratione
535 1427 641 1489 'habita
663 1428 816 1509 dignitatis
832 1429 920 1489 etiam
944 1426 1015 1487 talia
1037 1422 1233 1486 concludebat
1252 1431 1285 1480 et

181 1500 371 1579 decerudra‘t.
406 1521 473 1578 ,Vos
486 1529 594 1595 autem,
607 1523 657 1600 qui
672 1522 742 1583 estis
757 1522 965 1592 Athenienses,
978 1528 1009 1579 et
1024 1517 1138 1594 liberali
1150 1515 1285 1577 docutna

181 1612 330 1691 perpoliti,
349 1633 416 1691 quae
431 1612 564 1691 stupidos
578 1614 665 1673 etiam
685 1616 801 1675 efficere
814 1614 980 1675 tolerabiles
997 1620 1128 1691 putatur,
1149 1609 1286 1689 primum,

182 1705 421 1784 quod-omnium
435 1705 648 1785 iniquissimum
670 1718 726 1779 est,
747 1725 990 1785 quarumurerum
1012 1714 1125 1784 patrem
1145 1708 1286 1761 accusant

183 1797 316 1876 quidam,
324 1798 363 1857 ob
375 1818 424 1858 eas
437 1798 512 1857 tilios
526 1800 557 1857 in
566 1797 686 1860 vincula
699 1798 885 1875 conjecistis;
905 1797 1051 1876 atqueita
1064 1815 1151 1875 agere
1164 1792 1286 1873 perinde

185 1908 253 1950 esse
273 1889 379 1962 dicitis,
394 1909 429 1951 ac
443 1891 468 1951 si
482 1891 680 1967 equalitatem
702 1894 730 1951 in
752 1892 932 1971 ponderibus
947 1902 999 1951 aut
1018 1889 1163 1950 mensuris
1175 1906 1287 1966 quaere·

184 1982 268 2075 retis,
278 1992 309 2043 et
321 2002 381 2043 non
401 1982 438 2044 de
450 1983 575 2044 virorum
591 1985 725 2046 instituto
739 1986 807 2044 aitae
820 1995 851 2045 et
863 1986 975 2045 ratione
985 1983 1155 2064 reipublicae
1167 1980 1288 2041 consul·

186 2076 309 2135 teretis:
331 2075 360 2135 in
381 2094 440 2155 qua
453 2076 569 2155 quidem
590 2077 787 2156 inquisitione,
801 2079 825 2137 si
840 2078 918 2138 bona
931 2087 962 2137 et
975 2076 1128 2157 popularia
1141 2085 1172 2133 et
1189 2073 1288 2133 studio

188 2170 370 2252 Reipublicae
388 2172 526 2251 jurandae
545 2182 684 2253 suscepta
705 2174 832 2254 Lycurgi
846 2183 912 2233 acta
925 2173 1112 2243 videbuntur,
1126 2188 1186 2229 non
1199 2167 1288 2227 modo

188 2265 270 2325 nullo
286 2264 360 2325 affici
374 2266 463 2337 malo,
477 2266 529 2324 sed
543 2267 693 2345 quibusvis
711 2268 825 2328 avobis
843 2267 938 2327 ornari
959 2265 1110 2326 beneficiis
1130 2268 1193 2339 ejus
1214 2262 1288 2321 libe·

189 2377 247 2429 ros,
261 2376 379 2436 aequum
402 2367 464 2430 est;
485 2356 529 2417 siu
545 2359 699 2430 contraria,
717 2360 811 2430 illum,
832 2361 903 2419 dum
916 2359 1036 2431 viveret,
1053 2376 1157 2437 poenas
1170 2353 1290 2415 dedisse

188 2450 327 2530 oportuit,
336 2449 391 2511 hos
404 2468 473 2510 vero
487 2471 524 2511 ne
538 2450 717 2531 sicquidem,
732 2462 851 2531 propter
866 2451 983 2531 objecta
994 2450 1069 2530 patri
1083 2468 1102 2510 a
1116 2446 1288 2529 quibusdam

188 2544 320 2614 crimina,
335 2559 394 2623 per
401 2545 581 2604 iracundiam
593 2544 695 2624 plecti.
723 2545 867 2605 Omnibus
884 2547 961 2605 enirn
975 2545 1104 2604 omnium
1118 2543 1289 2602 delictorum

190 2636 273 2714 quasi
291 2645 369 2694 meta
383 2647 428 2696 est
439 2636 546 2696 obitus.
588 2636 676 2706 Quod
696 2633 720 2697 si
743 2638 802 2697 hoc
820 2637 908 2697 eritis·
922 2638 1029 2708 animo,
1043 2645 1077 2695 ut
1089 2635 1178 2714 aliqui
1190 2633 1292 2714 populi

192 2727 333 2789 studiosis
347 2728 411 2788 irati
431 2749 468 2788 ne
484 2749 549 2788 cum
562 2730 681 2791 mortuis
702 2731 818 2809 quidem
834 2730 868 2789 -in
884 2730 1005 2809 gratiam
1020 2728 1154 2797 redeant,
1166 2728 1220 2787 sed
1236 2727 1291 2787 ini·

190 2821 317 2881 micitias
331 2821 417 2881 etiarn
431 2822 469 2881 ad
483 2821 592 2882 liberos
606 2843 700 2902 usque
722 2834 889 2903 propagent
900 2823 1077 2901 tradentque
1090 2821 1222 2900 posteris,
1239 2839 1293 2899 po·

192 2914 280 2994 pulus
305 2924 413 2986 autem,
429 2915 512 2994 cujus
532 2935 652 2976 causam
671 2917 779 2995 quique
804 2916 959 2995 populares
979 2925 1083 2994 agunt,
1098 2914 1168 2972 dum
1188 2914 1292 2973 horum

191 3025 282 3086 opera
290 3008 394 3077 utitur,
407 3007 615 3068 beneficiorum
629 3008 800 3080 meminerit,
819 3018 924 3087 postea
945 3007 1130 3079 floccifaciat,
1151 3005 1224 3064 nihil
1238 3006 1294 3064 erit

193 3099 327 3160 miserius
340 3119 427 3178 quam
441 3101 542 3180 populi
560 3102 634 3160 tueri
648 3110 758 3180 partes.
799 3100 888 3170 Quod
908 3100 932 3158 si
951 3100 1110 3159 Moerocles
1124 3098 1294 3177 respondet,
1357 3137 1363 3144 -

191 3193 258 3254 haec
279 3193 427 3272 argutiora
440 3213 506 3252 csse
520 3213 608 3273 quarn
622 3213 688 3271 quse
701 3193 858 3272 intelligat,
873 3213 905 3252 se
919 3212 988 3252 vero
1000 3212 1063 3264 cos,
1077 3201 1112 3251 ut
1128 3211 1167 3250 ne
1180 3189 1293 3269 effuge·

192 3286 313 3354 sentin
336 3305 482 3345 carcerem
507 3287 700 3366 compegisse,
716 3286 871 3365 quaeritote
895 3305 931 3345 err
955 3305 1001 3356 eo,
1024 3303 1090 3344 cum
1115 3285 1245 3343 Taureos
1263 3294 1294 3343 et

193 3374 332 3436 Patrecus
351 3384 382 3435 et
404 3376 588 3456 Aristogiton
608 3387 696 3457 atque
715 3378 777 3457 ipsc
799 3377 828 3435 in
848 3397 994 3436 carcerem
1008 3377 1104 3436 traditi
1125 3395 1186 3451 non
1204 3376 1295 3434 modo

192 3472 284 3532 vincti
297 3491 357 3531 non
370 3470 479 3531 fuerint
492 3473 546 3531 sed
561 3483 591 3532 et
604 3472 761 3532 conciones
775 3473 938 3542 habuerint,
961 3492 1014 3532 cur
1028 3472 1112 3532 istam
1127 3472 1295 3550 aequitatem

193 3584 254 3625 non
268 3565 459 3644 perspexerit.
478 3562 481 3568 ’
502 3564 554 3623 Sin
573 3585 605 3624 se
625 3576 686 3624 tum
701 3565 873 3644 magistratu
887 3565 1004 3644 quidem
1016 3585 1083 3627 esse
1098 3566 1230 3624 functum
1251 3563 1295 3623 di-

195 3667 252 3728 cet,
269 3658 322 3716 sed
344 3657 489 3716 orationes
511 3657 541 3715 in
563 3657 682 3736 publico
706 3677 767 3717 nou
780 3659 930 3731 habuisse,
945 3658 1033 3736 idque
1056 3658 1228 3737 permissum
1243 3657 1298 3716 sibi

193 3749 287 3810 fuisse
302 3748 436 3829 legibus:
457 3769 575 3828 aequum
599 3769 665 3810 esse
689 3753 739 3829 qui
764 3760 872 3830 potest,
893 3760 926 3809 ut
946 3749 1118 3828 magistratu
1138 3751 1297 3828 fungantur

196 3841 237 3915 hi,
252 3842 357 3921 quibus
371 3843 460 3901 verba
482 3843 578 3901 iacere
601 3861 661 3902 non
685 3843 764 3914 licet,
788 3843 830 3903 illi
846 3861 914 3905 vero
934 3842 964 3900 in
987 3842 1112 3900 vinculis
1130 3852 1297 3915 teneantur,

195 3955 321 4015 quorum
336 3935 373 3994 de
391 3936 473 3994 vobis
488 3953 567 4013 saepe
580 3937 655 3994 bene
673 3936 792 3996 meritus
810 3936 864 3995 fuit
877 3933 981 4013 pater?
1010 3935 1076 4014 Ego
1095 3935 1215 4014 quidem
1234 3935 1298 3993 haec

195 4029 376 4108 conjungere
397 4038 427 4086 et
444 4027 621 4086 concludere
647 4047 705 4086 non
737 4047 876 4106 possum:
910 4028 965 4085 nisi
985 4026 1043 4086 hoc
1066 4026 1184 4107 publice
1211 4024 1299 4084 vultis

193 4121 366 4190 ostendere,
379 4129 409 4180 ct
433 4120 608 4181 vaecordiam
632 4131 662 4180 et
684 4121 891 4199 impudentiam
911 4130 942 4179 et
959 4120 1174 4180 affectationem
1193 4118 1300 4196 impro-

199 4213 299 4274 bitatis
313 4213 346 4272 in
357 4213 474 4273 civitate
489 4213 586 4272 valere
600 4225 630 4272 et
642 4215 783 4294 majorem
805 4213 913 4273 babere
927 4234 1007 4294 spem
1021 4211 1240 4284 incolumitatis,
1254 4231 1300 4284 ac,

166 4353 169 4360 r
200 4305 304 4385 siquid
320 4325 405 4366 secus
417 4305 566 4377 acciderit,
581 4305 654 4364 tales
669 4306 797 4375 absolvi;
814 4307 962 4366 meliorem
980 4317 1077 4365 autem
1091 4303 1165 4363 tueri
1185 4313 1301 4381 partem

200 4398 348 4478 vitamque
370 4399 533 4459 modestam
548 4410 578 4458 et
597 4399 767 4480 popularem
786 4399 938 4461 instituere
955 4398 1151 4479 periculosum
1165 4417 1241 4470 esse,
1256 4415 1303 4470 ac,
