2967 4950
254 314 315 374 734
441 341 448 356 ·
530 311 698 376 CONTRA
720 309 1077 372 DIONYSODORUM.

253 471 474 551 oppigneratam
497 469 613 541 habeat,
637 468 824 528 nihilominus
843 451 872 526 in
893 475 1087 545 conspectum
1105 475 1234 525 vestrum
1249 467 1339 545 prodi·

252 563 317 633 erit,
332 561 415 623 nobis
437 581 556 642 poenam
581 573 690 622 temere
714 559 890 639 litigantium
912 560 1048 618 nimirum
1067 557 1246 637 irrogaturus
1266 571 1295 618 et
1311 557 1338 618 in

253 652 432 716 domicilium
447 652 541 733 piebis
555 652 751 731 conjecturas,
764 651 917 711 fraudasse
934 671 993 710 non
1014 660 1180 709 contentus.
1222 649 1339 710 Oramus
1437 684 1438 689 κ

252 747 351 826 igitur,
369 745 572 830 Athenienses,
586 755 615 804 et
628 747 806 805 obtestamur
820 763 872 802 vos
886 743 993 822 pariter
1004 762 1106 803 omnes
1119 753 1154 802 ut
1166 763 1221 802 nos
1232 741 1340 824 juretis,

253 840 278 899 si
300 839 377 900 affici
397 838 529 898 videmur
552 837 672 918 injuriis.
713 836 891 916 Principium
910 846 1008 895 eutem
1033 848 1203 896 contractus
1225 836 1340 914 primurn

252 933 336 994 vobis
347 932 500 1011 explicabo
509 951 524 998 a
533 932 574 991 sio
585 931 662 990 enim
673 950 725 990 ros
734 949 851 1008 quoque
864 947 984 988 causam
998 927 1160 988 rectissime
1175 927 1340 1008 intelligetis.

294 1029 325 1086 2.
348 1017 580 1105 Dionysodorus,
595 1024 804 1094 Athenienses,
819 1033 850 1083 et
863 1023 960 1082 socius
982 1022 1046 1102 ejus
1062 1022 1267 1082 Parmeniscus
1279 1042 1342 1082 eon·

254 1137 359 1182 seuere
374 1138 429 1178 nos
443 1136 521 1176 anno
535 1117 679 1197 superiore
697 1136 798 1176 mense
817 1115 951 1184 Quintili,
965 1133 1057 1193 seque
1078 1116 1203 1174 mutuari
1217 1115 1291 1176 velle
1307 1115 1341 1175 ad

254 1230 356 1271 navem
371 1210 515 1281 dixerunt,
529 1209 563 1270 iis
577 1209 795 1269 conditionibus
817 1217 850 1267 ut
864 1209 892 1267 in
909 1208 1067 1287 AEgyptutn
1087 1209 1260 1286 navigarent
1270 1221 1299 1268 et
1310 1227 1342 1269 ex

255 1303 385 1384 AEgypto
398 1301 536 1362 Rhodum
552 1311 603 1362 aut
616 1300 758 1372 Athenas,
771 1300 899 1379 stipulati
914 1320 946 1360 se
966 1319 1068 1359 usuras
1088 1299 1117 1359 in
1142 1300 1280 1360 alterutro
1297 1300 1343 1361 bo·

253 1415 317 1456 rum
332 1406 511 1455 mercatuum
526 1395 684 1454 soluturos.
727 1393 821 1453 Nobis
835 1405 933 1453 autem
948 1393 1205 1472 respondentibus,
1219 1393 1341 1465 ludices,

253 1507 309 1548 nos
322 1486 548 1566 haudquaquam
570 1486 599 1545 in
622 1486 709 1547 alium
731 1497 891 1545 mercatum
905 1505 992 1564 quarn
1008 1486 1138 1545 Athenas
1158 1496 1342 1558 mutuaturos,

253 1579 297 1640 sic
314 1579 488 1658 pollicentur
509 1599 540 1638 se
563 1578 623 1638 huc
646 1578 844 1657 navigaturos,
859 1588 946 1657 atque
967 1578 1013 1638 bis
1033 1578 1127 1657 pactis
1149 1589 1343 1639 mutuantura

253 1672 339 1731 nobis
354 1669 392 1730 ad
408 1690 509 1730 narem
524 1682 568 1730 ter
581 1670 827 1742 milledrachmas
841 1671 918 1730 ultro
931 1671 1071 1749 citroque,
1085 1681 1116 1730 et
1129 1690 1165 1732 ea
1179 1671 1217 1731 de
1232 1692 1263 1732 re
1281 1691 1343 1752 syn·
1440 1710 1441 1713 η

229 1763 394 1844 ·grapham
416 1763 661 1842 conscripserunt.
709 1763 744 1822 In
768 1755 856 1843 paeto
876 1763 965 1842 igitur
987 1763 1114 1824 creditor
1130 1762 1287 1844 inscriptus
1305 1775 1345 1824 est

254 1856 436 1935 Pamphilus,
454 1876 512 1936 ego
525 1876 593 1917 vero
615 1867 697 1916 extra
713 1855 910 1936 syngrapham
925 1857 1070 1936 particeps
1090 1875 1157 1916 cum
1179 1877 1216 1918 eo
1234 1857 1344 1918 credita

254 1948 386 2029 pecunire
398 1947 450 2008 tui.
493 1948 639 2028 Inprimis
653 1959 752 2010 autem
766 1949 850 2009 vobis
864 1948 1033 2028 syngrapha
1054 1948 1127 2034 ipsa·
1133 1950 1309 2013 recitabitur.

673 2179 937 2241 SYNGRAPHA.

257 2321 302 2382 Ex
323 2322 379 2384 hac
404 2323 582 2402 syngrapha,
597 2325 616 2384 J
620 2324 731 2397 udices,
754 2324 880 2404 acceptis
900 2343 928 2382 a,
940 2325 1024 2383 nobis
1048 2323 1191 2403 pecuniis,
1206 2325 1345 2405 Dionyso·

255 2413 345 2476 dorus
369 2425 398 2475 et
423 2415 522 2477 socius
542 2421 604 2493 ejus
620 2416 825 2477 Parmeniscus
843 2435 947 2477 navem
966 2415 1033 2477 hinc
1046 2417 1076 2477 in
1091 2417 1252 2499 AEgyptum
1267 2418 1344 2477 mise·

253 2519 339 2568 runt:
360 2528 394 2568 ac
409 2509 615 2571 Parmeniscus
631 2511 659 2570 in
678 2530 754 2571 aare
766 2522 813 2569 est
825 2521 939 2581 rectus,
954 2510 1007 2569 iste
1021 2510 1069 2570 hic
1083 2512 1235 2571 remansit.
1278 2510 1345 2570 Pue-
1442 2547 1443 2558 2

255 2610 324 2659 runt
345 2601 432 2671 enirn,
455 2602 587 2673 ludices,
602 2623 638 2663 ne
658 2604 715 2663 hoc
739 2602 890 2682 ignoretis,
903 2602 1025 2661 ministri
1045 2613 1076 2662 et
1093 2603 1251 2684 adjutores
1267 2604 1344 2664 Cleo·
1442 2621 1443 2680 t

256 2692 350 2751 menia
375 2692 451 2751 illius
477 2694 526 2772 qui
550 2694 579 2753 in
601 2696 729 2774 AEgypto
755 2694 916 2775 imperavit,
938 2694 999 2771 qui,
1021 2714 1057 2754 ex
1077 2714 1136 2773 quo
1159 2696 1346 2776 principatum

257 2784 394 2863 suscepit,
409 2805 466 2845 non
488 2788 589 2864 paucis
609 2787 691 2847 malis
705 2786 804 2846 affecit
823 2787 1032 2867 rempublicam
1046 2798 1237 2858 vestramne
1258 2787 1345 2867 potius

257 2877 383 2956 reliquos
405 2879 490 2939 etiam
507 2881 630 2940 Graecos
654 2882 781 2941 emendo
799 2891 831 2941 et
852 2880 1039 2941 revendendo
1058 2892 1088 2941 et
1109 2882 1202 2959 pretio
1220 2879 1348 2941 frumenti

256 2972 424 3043 statuendo,
435 2992 499 3032 cum
513 2974 576 3053 ipse
590 2992 685 3052 perse
697 2986 759 3033 tum
771 2973 817 3033 isti
831 2994 899 3033 cum
910 2993 956 3033 eo.
981 2974 1056 3032 Nam
1067 2992 1167 3033 eorum
1181 2975 1231 3035 alii
1244 2992 1346 3033 merces

256 3066 434 3146 exlegypto
448 3066 612 3137 mittebant,
629 3066 677 3127 alii
692 3067 730 3126 ad
752 3067 979 3145 negotiationem
999 3068 1230 3147 adnavigabant,
1244 3069 1292 3129 alii
1304 3066 1346 3126 hic

256 3160 416 3219 manebant
428 3160 532 3219 allatas
545 3179 657 3221 merces
671 3159 850 3219 distracturi.
892 3160 1008 3219 Deinde
1023 3180 1076 3239 pro
1088 3162 1251 3221 constituto
1264 3160 1348 3241 pretio

255 3247 355 3311 literas
375 3252 527 3331 mittebant
546 3252 637 3331 tiqui
658 3252 713 3313 hic*
729 3262 813 3313 erant
834 3252 870 3312 iis
887 3253 936 3333 qui
956 3252 1089 3327 aberant,
1106 3255 1187 3324 ut,‚si
1209 3254 1287 3333 apud
1300 3271 1347 3312 nos

257 3362 357 3402 cartam
371 3355 451 3404 esset
463 3346 649 3416 frumentum,
671 3347 730 3406 huc
744 3346 904 3406 veherent:
927 3346 971 3404 siu
986 3345 1071 3405 vilius
1085 3357 1164 3406 esset
1180 3346 1302 3415 iactum,
1315 3343 1348 3404 ad

258 3434 346 3495 alium
361 3448 519 3495 mercatum
534 3438 727 3517 appellerent.
761 3439 849 3499 Unde
861 3458 986 3498 annonae
1001 3438 1136 3517 pretium,
1150 3438 1283 3512 ludices,
1296 3456 1348 3499 non

257 3546 358 3607 parum
375 3538 490 3587 auctum
501 3540 547 3589 est
559 3550 612 3609 per
625 3530 699 3591 tales
712 3531 811 3592 literas
825 3545 856 3592 et
869 3542 987 3591 mutuas
1001 3550 1114 3609 operas.

299 3622 328 3680 3.
350 3621 425 3680 Cum
439 3621 526 3701 igitur
539 3622 608 3683 hinc
621 3623 771 3683 mitterent
783 3644 897 3695 navem,
912 3622 983 3684 satis
1003 3644 1103 3683 carum
1118 3624 1298 3684 frumentum
1310 3639 1348 3682 re·

256 3715 419 3793 liquerunt:
442 3718 628 3795 quamobrem
643 3717 730 3777 etiam
744 3719 773 3777 in
787 3718 982 3797 syngrapham
998 3716 1152 3776 inscribere
1166 3737 1227 3776 non
1241 3734 1349 3777 recusa·

257 3820 326 3868 runt
338 3827 370 3869 se
386 3808 518 3868 Athenas
532 3808 730 3888 navigaturos,
745 3818 775 3869 et
789 3808 819 3867 in
833 3810 947 3869 nulium
961 3809 1050 3869 alium
1065 3820 1237 3869 mercatum.
1275 3808 1348 3877 Post,

256 3900 389 3973 Jndices,
405 3920 471 3961 eum
492 3902 659 3963 Sicilienses
673 3922 765 3963 naves
778 3901 971 3982 appulissent,
985 3913 1017 3961 et
1028 3901 1164 3962 frumenti
1178 3901 1274 3980 pretia
1286 3914 1350 3978 pau·

257 3992 340 4055 latirn'
366 3994 575 4069 minuerentur,
599 4012 630 4057 et
657 3996 739 4057 naris
768 3995 891 4056 istorum
917 3996 947 4055 in
978 3996 1135 4075 AEgyptum
1166 3994 1350 4072 pervenisset,

259 4084 363 4149 statim*
371 4086 427 4147 iste
439 4088 597 4165 quemdam
611 4088 750 4148 Rhodum
764 4087 853 4149 mittit
866 4089 904 4148 ad
913 4087 1128 4147 Parmenisoum
1141 4087 1255 4146 socium
1269 4086 1316 4166 qui
1328 4084 1351 4144 ei

258 4178 395 4241 nostratis
419 4198 546 4239 annona
569 4180 709 4241 rationem
732 4181 902 4261 explicaret,
926 4180 999 4241 satis
1020 4180 1097 4240 enirn
1118 4179 1231 4240 sciehat
1256 4194 1351 4238 narem

257 4272 424 4333 necessario
438 4272 538 4363 Rhodi
551 4274 750 4353 appulsuram.
792 4273 834 4334 Ut
847 4274 958 4343 finiam,
973 4264 1102 4352 acceptis
1115 4273 1153 4332 ab
1167 4272 1225 4331 isto
1242 4271 1352 4330 Parme·

258 4361 360 4423 uisam
387 4364 489 4438 literis,
510 4377 540 4426 et
563 4377 641 4427 stato
665 4366 726 4426 hic·
739 4367 876 4429 frumeuti
897 4368 990 4448 pretio
1017 4366 1161 4446 cognito,¹
1176 4366 1350 4425 frumentum

261 4451 359 4515 Rhodi
382 4458 649 4537 exoneratsibique
674 4460 820 4531 distrahit,
835 4462 973 4540 neglecta
997 4460 1200 4540 asscriptum,
1225 4459 1351 4526 Jonas,
