2967 4950
229 276 287 335 am
616 250 634 271 ⁸
662 230 887 339 srrsrous.

227 438 379 509 cuperent,
402 438 694 513 propteraoceptam
712 434 826 496 cladem
847 455 917 497 esse
940 432 1083 509 infirmos,
1107 452 1201 513 quam.
1218 432 1332 495 adrev

226 520 316 581 sarios
329 522 438 583 uiribus
453 524 490 585 ab
509 526 588 584 omni
610 526 865 609 partesuffultos:
886 528 1075 589 nihilominus
1098 535 1198 587 tamen
1210 527 1272 607 ipse
1293 526 1327 585 in

226 633 262 673 ea
276 634 342 691 quse
353 617 462 695 populo
474 618 696 681 commodarent
704 620 910 691 incumbebam
933 641 969 682 ac
978 632 1082 703 postea
1094 631 1213 681 strenue
1226 618 1329 699 palam

226 716 256 765 et
280 707 398 769 dicebat
418 720 448 769 et
469 714 576 789 agebat
597 732 633 771 ea
656 732 722 791 quae
750 716 978 775 conveniebant:
1010 716 1049 776 ob
1072 734 1139 791 qum
1160 712 1268 783 statim,
1290 721 1328 774 ut

225 818 327 865 omnes
346 813 463 875 norunt,
489 804 527 863 ad
549 804 725 883 supplicium
752 806 977 887 depascebatur.
1019 806 1207 886 scripsissem
1228 804 1326 882 igitur,

225 902 259 950 ut
279 894 419 975 principio
433 896 502 970 dixi,
517 896 589 957 etin
603 897 679 957 illius
693 900 837 977 gratiam:
859 902 913 961 sed
926 911 1027 960 tamen
1047 919 1113 959 cum
1133 910 1163 959 ct
1175 898 1258 958 vobis
1272 916 1326 957 ex-

198 998 205 1005 ·
223 986 324 1063 pedire
335 998 447 1068 putem,
458 999 491 1049 ut
503 989 639 1051 convicia
649 1010 715 1069 quae
730 992 809 1070 apud
822 1003 937 1053 exteros
951 993 981 1051 in
999 1012 1051 1051 vos
1065 992 1203 1051 dicuntur
1216 990 1326 1061 sciatis,

225 1080 438 1161 multomagis·
448 1083 487 1143 ad
501 1083 599 1143 literas
618 1083 777 1143 mittendas
798 1105 863 1145 sum
885 1086 1036 1145 incitatus.
1077 1084 1151 1143 Peto
1169 1094 1279 1154 antem,
1291 1091 1327 1141 ut

224 1172 274 1251 qui
289 1175 422 1252 privatim
437 1176 479 1235 illi
490 1176 580 1255 iniqui
595 1187 673 1248 sunt,
688 1197 758 1237 vera
770 1187 802 1237 et
814 1198 900 1257 aequa
912 1178 949 1238 de
961 1198 997 1237 ec
1011 1177 1114 1237 audire
1126 1195 1187 1235 non
1200 1194 1327 1253 graven-

223 1275 281 1325 tur.
324 1268 388 1329 Nec
402 1270 489 1343 enim,
504 1268 708 1343 Athenienses,
723 1270 859 1349 ignorare
879 1272 1002 1343 debetis,
1024 1267 1231 1330 existimationi
1244 1268 1326 1328 urbis

225 1378 262 1419 ex
275 1358 321 1421 his
339 1382 405 1439 quae
419 1362 450 1420 in
465 1363 528 1441 ejus
542 1362 650 1421 liberos
663 1362 744 1423 facta
757 1374 828 1423 sunt
846 1364 942 1423 labem
957 1362 1104 1442 adspergi.
1137 1362 1232 1421 Nemo
1245 1360 1325 1421 enirn

161 1461 164 1471 '
225 1450 398 1513 Graecorum
412 1454 535 1531 ignorat,
550 1474 602 1515 vos
616 1455 724 1515 viventi
739 1456 878 1537 Lycurgo
892 1476 1023 1516 summos
1032 1456 1159 1514 honores
1176 1453 1325 1527 habuisse,

223 1564 348 1623 cumque
363 1547 390 1606 ei
403 1546 527 1624 plurima
540 1548 661 1607 crimina
682 1550 719 1607 ab
741 1549 805 1631 ejus
827 1551 933 1609 invidis
955 1549 1194 1629 infringerentur,
1209 1547 1325 1607 nullum

223 1657 352 1715 unquam
381 1658 481 1699 verum
497 1641 735 1719 deprehendisse,
758 1654 871 1703 tantam
894 1652 991 1704 autem
1015 1642 1104 1712 fidem
1128 1639 1270 1699 habuisse
1295 1649 1326 1699 et

223 1753 283 1812 prae
298 1732 432 1793 omnibus
448 1734 623 1813 popularem'
631 1736 791 1814 judicasse,
805 1745 839 1795 ut
862 1737 899 1795 de
921 1736 1019 1796 multis
1033 1734 1130 1795 causis
1151 1753 1168 1791 e
1187 1732 1252 1793 sola
1266 1733 1325 1813 Ly·

223 1827 307 1905 curgi
321 1825 509 1895 affirmatione
531 1829 704 1888 sententiam
728 1829 852 1903 ferretis,
865 1848 960 1907 eaque
974 1826 1055 1888 vobis
1078 1825 1149 1886 satis
1171 1836 1270 1885 esset:
1292 1825 1326 1885 id

222 1920 301 1998 quod
317 1920 433 1979 minime
446 1919 602 1993 fecissetis,
616 1921 671 1979 nisi
685 1921 770 1981 vobis
777 1922 862 1983 risus
881 1919 1094 2004 fuisset-homo
1107 1916 1324 1997 integerrimus.

222 2012 311 2073 Nunc
335 2013 421 2093 igitur
441 2032 553 2083 omnes,
570 2014 621 2092 qui
634 2013 709 2074 filios
724 2014 787 2094 ejus
800 2016 830 2073 in
844 2014 967 2074 vinculis
989 2032 1057 2073 esse
1072 2010 1205 2083 audiunt,
1226 2021 1257 2071 et
1269 2011 1324 2072 de·

221 2104 354 2165 functum
368 2106 552 2179 miserantur,
566 2104 765 2185 etliberorum
782 2106 843 2185 ejus
857 2116 892 2165 ut
904 2125 971 2199 epm
985 2105 1090 2184 quihus
1104 2104 1203 2181 inique
1219 2114 1326 2183 agatur

224 2198 315 2258 vicem
331 2199 442 2270 dolent,
456 2218 509 2257 vos
523 2217 592 2257 vero
606 2208 664 2257 tam
680 2200 786 2258 acerbe
801 2199 992 2271 insectantur,
1008 2208 1038 2255 ut
1053 2216 1110 2275 ego
1124 2195 1251 2255 scribere
1265 2216 1327 2257 non

225 2293 320 2353 ausim
331 2312 338 2351 τ
360 2312 427 2351 narn
438 2311 473 2351 ea
484 2312 551 2370 quse
565 2292 672 2352 invitus
682 2291 940 2372 audio‘etpropter
950 2311 1002 2351 vos
1012 2289 1219 2350 'defendendos
1229 2310 1325 2368 quan·

223 2395 286 2445 tum
299 2405 421 2465 possum
434 2384 542 2457 refuto,
557 2395 679 2445 eatenus
694 2394 727 2443 ut
741 2385 824 2445 vobis
846 2384 973 2443 indicem
985 2382 1093 2441 multos
1106 2400 1170 2440 esse
1184 2401 1202 2440 a
1216 2381 1324 2459 quibus

222 2475 483 2559 reprehendamini,
500 2479 580 2558 quod
596 2479 671 2540 scitu
684 2479 767 2538 vobis
786 2499 852 2539 esse
865 2478 948 2538 utilia
952 2476 1132 2556 judicabam,
1147 2474 1261 2554 scripsi,
1274 2496 1326 2536 ac-

222 2584 323 2632 curate
339 2582 435 2632 autem
451 2573 612 2632 edisserere
625 2573 785 2636 molestum
794 2573 922 2652 judico.
951 2572 1027 2638 Quae
1038 2589 1106 2629 vero
1117 2568 1324 2630 sineconvicio

222 2683 240 2724 a
263 2665 437 2744 quibusdam
454 2665 600 2738 dicuntur,
614 2674 644 2724 et
665 2665 768 2723 auditu
792 2664 854 2724 fore
874 2664 958 2723 utilia
979 2662 1061 2723 vobis
1082 2663 1215 2734 arbitror,
1231 2663 1324 2742 signi-

221 2747 328 2816 licabo.¹
368 2755 463 2817 Nemo
491 2776 543 2815 vos
568 2755 620 2834 pei
642 2757 766 2837 er'ror'em
786 2761 828 2815 ‘et-
842 2756 1024 2834 ignoratione
1050 2755 1110 2814 veri
1127 2754 1169 2813 lta
1194 2755 1233 2814 de
1255 2754 1322 2834 ipso

223 2849 356 2929 Lycurgo
370 2859 497 2908 statuere
512 2848 670 2908 existimat.
700 2849 777 2908 Nam
791 2857 822 2907 et
833 2848 955 2928 longum
966 2847 1103 2928 temporis
1113 2846 1324 2927 spatiumque

222 2941 391 3020 exploratus
405 2939 475 2999 nihil
494 2941 624 3019 unquam
638 2953 739 3002 contra
752 2941 865 3000 vosvel
878 2940 1007 3018 cogitare
1020 2939 1067 2999 vel
1080 2957 1169 3016 agere
1180 2937 1325 3018 injustum

222 3029 491 3114 deprehensus'est,
506 3034 621 3096 et'illud
642 3033 902 3114 quod'mortalium
923 3051 1011 3095 nemo
1022 3031 1097 3091 'ullis
1110 3030 1174 3091 aliis
1189 3033 1220 3090 in
1233 3033 1323 3092 rebus

221 3144 276 3188 vos
309 3126 437 3207 stuporis
460 3127 571 3206 arguit,
587 3128 690 3187 merito
712 3128 800 3187 istam
821 3125 900 3186 tollit
920 3124 1094 3205 ignorantiae
1114 3122 1324 3202 suspicionem.

222 3215 329 3280 Restat
353 3221 450 3300 igitur,
465 3221 546 3300 quod
569 3239 670 3280 omnes
695 3219 776 3280 haud
799 3217 1044 3298 frugi-hominum
1062 3235 1132 3275 esse
1152 3214 1264 3290 dicant,
1288 3228 1323 3276 ut

222 3312 361 3390 tantisper
374 3312 516 3391 cujusque
530 3332 639 3384 curam,
654 3313 725 3372 dnm
738 3312 803 3391 ejus
816 3310 900 3371 vobis
911 3329 980 3369 usus
989 3319 1045 3380 est,
1054 3327 1142 3387 agere
1151 3308 1321 3380 videamini,

221 3414 288 3482 post
302 3403 413 3463 nullam
430 3405 571 3465 rationem
587 3405 730 3466 habeatis.
781 3405 879 3473 Quam
897 3401 974 3463 enim
996 3403 1083 3462 aliam
1101 3419 1161 3461 vos·
1178 3401 1324 3464 defuncto

221 3494 344 3573 gratiam
365 3495 508 3554 relaturos
532 3507 763 3557 consentaneum
777 3506 833 3567 est,
852 3516 918 3556 cum
930 3497 994 3576 ejus
1008 3495 1115 3556 liberos
1127 3507 1159 3554 et
1170 3496 1322 3558 existima·

219 3584 328 3644 tionem
345 3584 414 3643 loedi
430 3585 589 3658 videamus,
604 3605 671 3666 qnae
685 3587 759 3657 sola,
770 3596 803 3645 ut
816 3587 846 3645 in
868 3597 932 3646 tuto
946 3588 1135 3658 collocentur,
1147 3588 1237 3646 ctiam
1257 3608 1322 3648 mo·

218 3675 507 3762 mentibus-omnibus
521 3697 598 3738 curre
617 3679 705 3739 sunt?
725 3680 796 3744 Jam¹
813 3699 868 3738 nec
882 3679 955 3738 illud
969 3681 1112 3741 bonorum
1131 3681 1260 3739 virorum
1274 3692 1324 3740 est

218 3781 252 3830 ut
263 3772 320 3832 ista=
333 3772 464 3852 pecunia
479 3772 572 3852 gratia
584 3772 681 3834 facere
688 3774 841 3834 videantur
852 3794 860 3834 :
881 3774 912 3834 id
922 3775 1112 3856 quodrneque
1124 3775 1324 3854 magnitudini

219 3865 306 3922 animi
320 3873 434 3936 vestrae,
449 3884 503 3924 nee
517 3865 628 3942 reliquo
639 3867 706 3928 vite
720 3867 853 3926 instituto
867 3886 1029 3946 congruere
1042 3868 1204 3948 apparebit
1218 3885 1221 3892 ·
1240 3867 1322 3926 Nam

220 3956 244 4016 si
259 3957 341 4015 vobis
353 3957 394 4014 illi
409 3958 482 4016 tanti
496 3960 533 4018 ab
547 3959 611 4018 aliis
625 3959 787 4020 redimendi
800 3969 938 4032 essonae
957 3973 1055 4022 vestro
1068 3960 1170 4020 aerario
1183 3960 1321 4040 deprom-

218 4059 271 4129 pta
294 4049 426 4128 pecunia,
441 4049 472 4108 id
490 4070 542 4109 vos
567 4059 668 4111 omnes
691 4052 799 4131 cupide
822 4051 953 4111 facturos
971 4052 1187 4114 existimarem:
1220 4052 1321 4122 deco

219 4161 298 4215 vero,
312 4142 390 4221 quod
406 4161 456 4220 per
471 4142 646 4204 calumniam
661 4155 739 4204 etex
755 4144 864 4204 invidia
874 4144 984 4204 iactum
998 4146 1046 4216 sit,
1065 4166 1124 4206 non
1135 4147 1232 4219 habeo
1244 4145 1321 4224 quid

218 4243 356 4305 statuam,
372 4235 427 4294 nisi
447 4255 567 4314 prorsus
582 4237 686 4296 acerbe
699 4236 836 4297 inscctari
849 4247 881 4296 et
902 4240 1071 4317 proturbare
1093 4237 1251 4320 populares
1264 4236 1323 4298 ho-

218 4327 309 4386 mines
322 4329 494 4394 instituistis.
519 4329 608 4397 Quod
621 4330 702 4388 siita
715 4341 771 4402 est,
786 4350 882 4409 neque
896 4342 976 4392 recte
991 4331 1319 4411 nsqueutiliterl'acere
