2967 4950
209 361 216 380 »
252 331 311 391 802
594 321 748 386 oltn‘rlo
771 320 997 384 Aristoma:

252 483 414 544 accuratius
434 478 492 543 alio
513 485 645 558 tempore
666 477 750 538 nobis
767 479 938 566 occasiones
952 473 1172 556 opportuniores
1195 458 1352 536 dabuntur

255 576 375 656 opinor:
398 571 450 632 scd
463 570 588 631 breviter
601 589 666 630 eam
680 570 834 649 attingere,
844 588 923 630 nune
935 568 1024 652 etiam
1037 567 1110 627 hihil
1121 566 1290 648 prohibcluit.

297 667 346 726 11.Ι
355 665 445 725 'lllud
461 672 557 724 autem
571 662 713 743 inprimis
728 673 775 723 est
792 659 1253 743 diligenternnimadvertendum,
1269 678 1353 720 cum

253 757 374 820 omuom'
384 756 564 836 disciplinam
578 755 700 834 scientia
712 763 744 815 et
761 755 966 815 exercitatione
979 755 1106 833 quadarn
1116 750 1264 822 contineri,
1274 762 1355 812 tum

252 851 475 931 philosophiam,
485 849 577 928 magis
600 849 687 908 etiam
706 848 831 908 caeteris.
872 847 951 908 Nam
970 856 1080 926 quanto
1095 844 1289 925 diligentiores
1305 862 1355 905 ea

253 944 515 1024 prudentioresque
538 942 692 1020 magistros
711 941 810 1013 habet,
829 949 914 1000 tanto
926 940 1055 1020 pulcrius
1069 958 1135 1000 esse
1154 936 1355 998 constitutam
1430 987 1434 996 .

253 1041 307 1114 par
319 1045 374 1095 est.
399 1035 499 1112 Atqui,
507 1043 576 1094 cum
590 1029 662 1094 etin
676 1026 802 1092 dicendo
815 1043 846 1093 et
859 1032 889 1091 in
899 1031 1087 1092 deliberando
1099 1030 1203 1090 mentis
1213 1037 1360 1088 versetur

252 1125 589 1208 officiumphilosophia
611 1134 707 1207 autem
730 1124 819 1204 hujus
842 1126 994 1203 utriusque
1017 1124 1060 1183 rei
1079 1121 1211 1203 peritiam
1233 1119 1355 1196 nodat,

253 1239 382 1279 cursam
396 1218 588 1298 disciplinam,
599 1237 666 1297 quse
678 1235 732 1276 nos
743 1217 847 1276 horum
862 1217 1013 1294 utriusque
1027 1211 1259 1294 compotesiacit,
1269 1231 1358 1291 pen-

243 1311 338 1390 'sequi
352 1311 500 1371 nolimus?
528 1310 606 1369 Tum
627 1308 703 1369 cuim
725 1319 955 1369 consentaneum
972 1318 1019 1369 est
1034 1308 1076 1368 rei
1093 1305 1375 1367 nostratmiliari.

253 1422 406 1464 accessura
420 1422 486 1462 csse
497 1402 625 1469 maxima
637 1401 817 1462 incrementa
829 1401 960 1480 adeoque
973 1410 1064 1461 totam
1085 1401 1173 1462 vitam
1183 1399 1243 1459 iore
1253 1399 1361 1460 culti-

252 1511 343 1568 orem,
355 1502 422 1556 'cum
443 1504 474 1555 et
488 1513 554 1573 quae
568 1494 665 1555 doceri
679 1504 791 1573 queunt
804 1494 874 1554 artis
888 1492 1073 1566 adminiculo,
1086 1501 1117 1552 et
1133 1496 1235 1553 coeoera
1255 1510 1358 1551 exet·

252 1588 389 1648 citatione
404 1588 531 1667 quadam
545 1597 575 1647 et
593 1587 808 1648 assuefactione
822 1587 1039 1647 obtinuerimus.
1080 1585 1183 1665 Neque
1196 1585 1267 1644 enim
1279 1584 1358 1648 hoc

252 1680 310 1740 dici
323 1680 456 1760 profecto
470 1688 578 1759 potest,
599 1679 670 1739 nihil
684 1699 749 1740 esse
764 1679 795 1738 in
809 1679 930 1739 scientia
941 1680 1081 1739 momenti
1101 1679 1140 1738 ad
1154 1678 1219 1750 hoc,
1231 1686 1263 1736 ut
1272 1677 1356 1739 aliis

252 1783 424 1852 praestemus
443 1772 491 1830 alii
511 1771 663 1851 sapientia.
705 1771 783 1831 Nam
806 1791 872 1832 cum
892 1791 977 1831 omne
997 1771 1157 1850 ingenium,
1170 1771 1194 1828 si
1213 1779 1279 1848 apta
1297 1769 1354 1830 in-

251 1865 363 1924 stitutio
377 1865 507 1946 accedat,
518 1863 553 1921 m
561 1863 666 1923 melitis
678 1883 686 1922 ε
707 1873 769 1922 turn
781 1883 852 1922 vero
862 1883 899 1922 ea
911 1862 1004 1920 multo
1013 1862 1138 1921 maxime
1149 1856 1355 1939 quaeaprimo

251 1957 350 2016 statim
371 1964 436 2014 ortu
455 1954 618 2013 dexteriora
643 1955 758 2014 caeteris
788 1954 971 2013 exstiterunt.
1013 1952 1069 2013 llla
1089 1952 1166 2012 enim
1187 1972 1250 2013 sese
1263 1953 1354 2014 dun-

252 2053 333 2129 tax'at
347 2045 556 2120 vinc'unt,haec
579 2046 666 2106 etiam
691 2045 756 2104 aliis
778 2045 965 2105 antecellunt.
1007 2045 1054 2103 Ne
1067 2061 1136 2105 vero
1157 2044 1257 2104 dubita
1268 2046 1353 2123 quin

251 2140 367 2219 agendo
392 2148 477 2221 parta
500 2138 678 2217 parisianae
704 2135 768 2198 sine
787 2137 915 2216 periculo
935 2135 1087 2215 contingat
1104 2149 1134 2196 et
1151 2137 1190 2196 ad
1202 2137 1352 2215 reliquam

251 2234 341 2294 vitam
355 2231 393 2291 sit
404 2223 534 2291 inutilis:
555 2225 762 2308 philosophica
773 2239 868 2288 autem
889 2229 1032 2289 institutio
1047 2229 1163 2289 adhaec
1181 2230 1277 2288 omnin
1288 2250 1354 2312 op-

251 2335 375 2404 portune
390 2331 617 2400 contemperata.
660 2321 723 2380 Etsi
744 2331 841 2380 autam
862 2320 981 2399 quidam
1000 2331 1119 2400 propter
1136 2321 1233 2382 felices
1247 2341 1354 2386 rernm

223 2421 228 2431 “
252 2425 407 2479 successus
420 2416 603 2493 fortunaque
617 2413 746 2472 favorem
758 2414 790 2472 in
801 2412 992 2475 admiratione
1005 2414 1133 2487 luerunt,
1143 2433 1193 2474 eos
1206 2424 1307 2475 tamen
1318 2427 1355 2479 te

252 2520 435 2570 contemnere
458 2518 489 2568 et
511 2506 644 2586 tuiipsius
662 2526 762 2567 numm
781 2526 887 2586 genere
906 2507 1002 2567 decet.
1043 2503 1108 2567 Nec
1122 2508 1198 2568 enim
1209 2510 1353 2572 maxima

252 2621 298 2661 res
312 2610 419 2660 temere
441 2594 625 2671 invadenda,
645 2600 698 2659 sed
718 2609 799 2659 certa
815 2600 925 2659 ratione
943 2598 1124 2677 scienterque
1150 2602 1354 2679 suscipiendi

242 2702 339 2760 'suutr
361 2711 416 2750 nec
430 2692 538 2771 inipso
552 2691 669 2750 demum
684 2691 877 2769 gerendarum
890 2711 984 2751 rerum
999 2693 1120 2752 articulo
1129 2694 1271 2766 meditari,
1289 2698 1353 2758 sed

244 2780 423 2844 -ea‘ecientia
441 2792 473 2841 te
495 2782 659 2841 institutum
678 2802 744 2843 esse
758 2784 846 2843 decet
867 2793 901 2843 ut
912 2783 1051 2863 quioquid
1069 2804 1151 2863 opus.
1164 2785 1251 2846 fuerit
1269 2788 1353 2850 bene

252 2875 447 2936 administres.
490 2874 677 2934 Existimabis
698 2884 795 2935 autem
813 2896 881 2936 cum
902 2895 1017 2936 omnem
1031 2877 1220 2937 eruditionem
1240 2881 1352 2961 siquis

241 2979 352 3030 utatur
364 2968 502 3048 prodesse
516 2968 651 3039 multum,
664 2977 726 3027 tum
740 2988 808 3028 vero
827 2988 891 3028 eam
906 2969 1078 3042 doctrinam,
1091 2990 1158 3049 quae
1170 2972 1261 3031 tradit
1273 2975 1350 3051 quid

251 3062 281 3121 in
303 3060 464 3141 Republica
485 3071 516 3121 et
536 3060 683 3141 agendum
700 3070 731 3120 et
751 3060 906 3120 dicendum
920 3061 967 3131 sit,
983 3062 1139 3141 inprimis.
1181 3064 1260 3123 Nam
1273 3085 1348 3144 geo-

251 3155 362 3214 metrioe
376 3174 410 3214 ac
425 3154 561 3214 similium
583 3145 688 3213 artium
710 3171 776 3211 erse
799 3153 900 3213 rudem
920 3163 1004 3233 turpe
1017 3153 1049 3214 id
1069 3155 1187 3235 quidem
1210 3167 1266 3231 est,
1290 3159 1347 3220 sed

252 3250 355 3306 earum
372 3264 515 3306 summum
536 3245 597 3305 fieri
620 3244 759 3304 artificem
780 3244 856 3304 inira
874 3245 1055 3305 excellentiae
1077 3256 1136 3306 ture
1151 3247 1345 3327 dignitatem:
1417 3270 1421 3276 ·

251 3349 283 3397 at
293 3338 321 3395 in
335 3339 386 3398 illa
399 3339 541 3399 excellere
551 3338 691 3398 facultate
705 3337 888 3416 praeclarum,
900 3358 959 3397 non
968 3358 1034 3399 esse
1047 3338 1215 3401 institutum
1226 3362 1345 3423 prorsus

251 3439 299 3489 est
313 3426 516 3492 deridendum.

200 3534 206 3551 ⁸
292 3523 340 3580 lt.
360 3522 448 3590 Quod
471 3542 510 3583 ex
532 3523 630 3584 multis
653 3524 716 3583 aliis
736 3528 823 3585 rebus
841 3525 1019 3605 intelligitur,
1040 3536 1070 3586 et
1089 3546 1128 3585 ex
1150 3546 1198 3599 eo,
1221 3528 1247 3587 si
1265 3528 1344 3589 viros

250 3612 377 3675 illustres
392 3616 442 3696 qui
456 3625 536 3676 tuam
547 3626 664 3676 atatem
678 3627 1024 3697 praecesseruntspeetesz
1065 3618 1143 3678 Nam
1151 3628 1181 3679 et
1190 3618 1344 3692 Periclem,

250 3709 335 3787 cujus
349 3710 493 3789 sapientia
509 3709 685 3787 temporibus
708 3709 766 3769 illis
784 3730 846 3789 prae
859 3710 998 3771 omnibus
1018 3709 1166 3771 celebrata
1184 3720 1242 3783 est,
1261 3711 1346 3771 fami·

250 3800 351 3860 liorem
362 3801 453 3862 druse
467 3802 650 3881 Anaxagorae
671 3800 872 3869 Clazomenio,
885 3812 974 3881 atque
995 3800 1047 3861 illo
1064 3800 1186 3863 doctore
1205 3804 1264 3863 rim
1279 3822 1346 3864 eam

250 3903 439 3953 consecutum
455 3913 521 3954 esse
534 3894 653 3955 audies.
696 3893 733 3953 Et
751 3893 934 3954 Alcibiadem
956 3893 1074 3973 ingenio
1092 3894 1211 3973 quidem
1228 3896 1269 3955 ad
1288 3897 1347 3957 vir-

249 3996 343 4045 tutem
371 3986 463 4046 multo
486 3986 627 4046 deteriore
647 3990 695 4061 (ut
716 3984 769 4064 qui
793 3986 899 4065 partim
926 3987 1061 4065 superbe,
1086 3987 1193 4066 partim
1219 3988 1346 4068 abjecte,

249 4079 354 4159 partim
375 4077 609 4144 libidinosissime
622 4078 711 4139 vitam
733 4077 904 4154 instituerit)
923 4078 1050 4157 reperies
1073 4080 1346 4141 Socratis‘institu·

248 4172 329 4231 tione
343 4170 436 4229 multa
448 4169 477 4227 in
498 4168 624 4232 suavita
642 4169 812 4242 correxisse,
832 4180 940 4231 catera
956 4172 1157 4250 magnitudine
1177 4192 1275 4233 rerum
1292 4193 1346 4253 ge·

247 4254 357 4323 starum
380 4263 555 4323 occultasse.¹
597 4262 683 4329 Quod
703 4263 727 4322 si
742 4263 888 4325 veteribus
905 4254 1167 4327 commemorandis
1186 4267 1346 4327 immoran-

248 4356 324 4417 dum·
332 4376 392 4417 non
404 4368 460 4430 est,
474 4376 541 4439 curn
561 4356 721 4417 recentiora
734 4358 871 4437 exempla
883 4358 915 4419 in
927 4369 1065 4438 promptu
1078 4359 1147 4432 sint,
1165 4368 1229 4421 tum
1242 4360 1344 4420 'limo-
