2967 4950
363 351 409 411 ΙΝ
432 352 637 417 EVERGUM
659 354 713 417 lit
732 352 1021 417 munerarium.
1173 351 1232 411 667
1316 378 1320 385 ·

89 500 92 507 “
135 503 206 565 culo
219 502 358 565 libcrari:
379 524 447 567 narn
460 526 517 587 ego
530 507 649 587 quidem
670 506 852 588 sepeillnm
868 505 1022 587 provocavi
1038 502 1159 565 madere
1176 522 1234 583 por

134 598 256 670 atulata,
267 618 357 678 quaro
366 608 397 660 et
406 610 468 661 tum
482 611 593 682 etpost
602 601 746 681 judicium
755 600 908 663 admittere
917 599 1007 673 rolul,
1017 618 1084 660 cnm
1091 598 1233 657 renlotarn

134 690 177 751 eis
200 684 360 764 solverem,
379 692 410 751 in
433 713 470 754 eo
493 694 562 754 item
577 694 690 774 judicio
713 713 771 773 quo
793 694 1013 775 'l'lreophemum
1025 690 1233 754 verberationis

135 786 328 856 accusabam,
339 796 369 844 et
383 786 412 845 in
425 787 611 865 inquisitione
625 786 691 847 salsi
705 786 880 854 testimonii:
897 806 995 847 serum
1010 784 1122 857 isti,lris
1141 782 1233 843 arnob

135 876 193 940 bus
208 878 380 957 repudiatis,
389 898 476 957 quam
491 879 640 939 mulierem
655 878 724 937 mihi
737 899 805 939 csse
819 880 954 939 traditam
968 877 1154 960 affirmarunt,
1168 894 1234 936 eam

136 988 169 1029 re
182 970 252 1049 ipsa
264 969 331 1028 nihi
344 989 494 1049 nunquam
508 971 697 1031 tradiderunt.
726 970 804 1031 Satis
812 972 889 1031 enim
902 971 1042 1031 videbant
1052 971 1115 1031 lore
1125 969 1233 1049 palam,

138 1060 166 1121 si
192 1079 229 1121 en
250 1071 441 1139 torqueretur,
461 1082 494 1123 se
515 1082 576 1122 non
605 1082 622 1122 a
642 1082 689 1122 me
708 1062 829 1124 affectos
850 1083 926 1135 esse,
945 1062 999 1123 sed
1024 1082 1072 1121 me
1101 1062 1235 1123 affecisse

136 1151 270 1232 injuriis.
304 1154 379 1222 Qura
393 1165 427 1217 ut
449 1176 468 1216 a
486 1175 533 1217 mc
555 1174 622 1215 rere
640 1156 701 1215 dici
713 1164 839 1229 constet,
852 1154 1019 1218 testimonia
1034 1153 1116 1214 vobis
1129 1154 1233 1215 recita·

137 1246 259 1305 buntur.
345 1264 349 1269 ·

553 1476 822 1540 TESTIMONIA.

139 1616 214 1676 Mihi
227 1616 318 1696 igitur
340 1636 417 1697 saepe
437 1612 607 1697 provocanti
630 1629 660 1680 et
681 1620 842 1699 postulanti
862 1620 1012 1679 mulierem
1025 1616 1154 1677 deditam
1168 1634 1234 1675 esse

138 1730 157 1769 a
178 1710 308 1784 nemine,
332 1730 349 1769 e
370 1710 493 1772 testibus
518 1712 691 1772 audivistis:
726 1712 912 1772 nuncetiam
930 1712 1016 1791 signa
1038 1710 1195 1789 proteram,
1217 1728 1234 1768 e

133 1802 245 1881 quibus
255 1804 453 1882 cognoscetis,
467 1805 538 1865 istos
554 1804 627 1864 falsa
641 1824 705 1866 esse
718 1807 899 1865 testificatos.

179 1900 211 1955 5.
223 1894 303 1954 Nam
317 1897 341 1954 si
355 1914 422 1955 vera
433 1906 533 1956 essent
545 1916 590 1969 ea,
601 1916 668 1975 quae
678 1898 900 1977 Theopbemum
912 1897 961 1957 itti
974 1896 1114 1957 obtulisse
1123 1896 1235 1968 dicum,

137 1998 170 2051 et
179 2008 291 2067 corpus
303 1987 431 2049 mulieris
445 1990 611 2060 tradidisse,
624 2010 683 2049 non
694 1992 769 2051 duos
777 1991 866 2051 modo
878 1999 971 2051 testes
979 1990 1235 2061 fecisses-affinem

138 2092 170 2141 et
181 2083 316 2154 fratrem,
328 2082 378 2160 qui
391 2099 460 2142 vera
469 2092 656 2153 testarentur,
667 2085 720 2143 sed
731 2097 761 2143 et
775 2084 846 2144 alios
860 2083 978 2144 multos.
992 2083 1149 2142 Arbitrium
1157 2081 1234 2141 enim

137 2174 169 2233 in
185 2172 306 2233 Holiaea
319 2174 429 2234 lactum
450 2183 505 2245 est,
521 2196 588 2235 nom
606 2177 656 2255 qui
669 2177 784 2235 OEneiae
801 2187 831 2235 et
850 2176 1033 2236 Erechtheioe
1048 2174 1138 2234 tribui
1159 2174 1235 2232 arbi·

138 2277 256 2327 trantur
278 2266 317 2326 ibi
335 2266 463 2327 sedent:
484 2267 513 2326 io
533 2268 639 2327 talibus
660 2279 756 2328 autern
771 2270 1032 2349 provocationibus,
1046 2288 1113 2328 curn
1131 2267 1236 2347 aliquis
1351 2331 1353 2335 ,

138 2348 291 2419 hominem
314 2359 473 2423 adductum
498 2360 596 2433 tradit,
610 2360 692 2419 multi
713 2362 929 2422 circumsistunt
945 2362 1145 2422 auscultantes
1167 2359 1237 2439 quid

138 2453 269 2516 dicatur.
313 2453 410 2522 Quare
425 2463 515 2516 testes
526 2454 579 2527 ⁸eis
598 2472 658 2514 non
675 2453 846 2529 defuissent,
859 2456 884 2515 si
897 2454 1095 2516 testimoniam
1115 2471 1154 2514 ex
1174 2452 1238 2514 alia

139 2559 229 2629 parte
241 2567 343 2612 verum
357 2559 446 2610 esset.
1151 2573 1154 2580 ·

182 2644 215 2702 6.
231 2642 272 2700 -ln
287 2642 390 2700 eodem
401 2661 497 2722 porro,
512 2643 529 2701 J
533 2641 641 2713 adice,
656 2642 823 2702 testimonio
833 2643 980 2718 dixerunt,
993 2661 1040 2702 me
1055 2639 1168 2702 differre
1181 2659 1236 2700 nc·

139 2735 254 2796 luisse:
277 2735 500 2814 Theophemum
515 2741 612 2812 autem
626 2734 655 2792 id
665 2735 796 2814 jussisse,
810 2745 844 2794 ut
857 2736 926 2794 milri
940 2735 1089 2795 mulierem
1099 2733 1236 2793 traderet.

91 2859 96 2867 ·
140 2827 211 2906 Ego
225 2827 335 2886 veroid
349 2845 406 2886 non
421 2847 486 2886 esse
500 2845 598 2886 veram
613 2845 663 2885 vos
678 2827 801 2886 docebo.
823 2855 826 2862 ·
844 2827 875 2886 Si
892 2828 969 2886 enim
990 2847 1046 2904 ego
1063 2825 1093 2884 id
1108 2845 1127 2884 a
1139 2825 1236 2884 Theo-

138 2919 253 3000 phcmo
265 2919 469 2998 postulassem,
483 2919 563 2997 quod
578 2918 626 2977 isti
639 2919 667 2977 ei
679 2917 827 2977 testificati
840 2928 918 2990 sunt,
932 2928 1034 2997 petens
1044 2928 1078 2976 ut
1086 2915 1235 2974 mulierem

140 3009 216 3070 mihi
232 3009 369 3080 traderet,
378 3009 445 3089 jore
467 3010 506 3070 ad
528 2998 595 3069 eum
616 3007 686 3068 mihi
706 3009 825 3069 modurn
844 3008 1054 3088 respondisset,
1066 3005 1236 3080 difformis·

141 3103 222 3162 bens
235 3101 379 3162 arbitrium
393 3102 527 3181 usquein
538 3102 658 3162 alterum
673 3112 860 3173 conventum,
873 3111 908 3161 ut
917 3100 1075 3160 adduceret
1088 3098 1237 3157 mulierem

139 3193 275 3274 mihique
283 3194 429 3254 traderet:
449 3214 528 3252 nunc
538 3203 664 3254 testatus
678 3214 720 3265 es,
732 3192 932 3273 Theopbeme,
942 3203 973 3251 te
986 3190 1100 3273 tradere
1110 3190 1236 3252 voluisse

143 3287 310 3357 mulierem,
325 3305 453 3362 movero
467 3305 531 3345 eam
550 3285 677 3364 recipcre
691 3284 830 3344 noluisse.
873 3284 931 3352 Qui
944 3284 977 3343 lit
990 3283 1077 3363 igitur
1090 3290 1124 3340 ut
1136 3292 1168 3341 tu
1182 3298 1237 3340 an·

144 3380 223 3440 cillae
238 3380 384 3450 dominus,
396 3377 446 3455 qul
459 3397 523 3436 eam
537 3376 732 3436 conditionem
747 3377 817 3435 mihi
829 3376 942 3437 laturus
952 3395 1017 3437 cras
1027 3393 1114 3455 quam
1127 3373 1175 3434 isti
1186 3373 1238 3433 tibi
1344 3435 1349 3442 ,

143 3473 293 3534 testificati
305 3481 383 3541 sunt,
397 3489 463 3530 cum
479 3469 517 3548 ad
530 3469 679 3532 mulierem
698 3468 882 3552 confugeres,
897 3480 928 3528 et
942 3489 988 3528 me
1008 3467 1120 3544 dejure
1134 3486 1239 3546 provo·

144 3575 284 3646 catums,
294 3563 408 3622 nullum
426 3563 514 3622 alium
535 3571 642 3622 testem
661 3561 795 3634 haberes,
808 3581 867 3640 quo
883 3562 1020 3641 probares
1039 3571 1070 3619 te
1084 3579 1101 3618 a
1113 3579 1161 3618 mc
1173 3577 1240 3618 esse

144 3659 329 3722 verberum
345 3674 396 3734 per
415 3653 549 3733 injuriam
569 3655 621 3714 tibi
643 3673 748 3718 uranus
766 3653 913 3725 afferente,
926 3653 1044 3713 muliere
1057 3651 1188 3711 adducta
1199 3649 1240 3710 ad

142 3751 289 3814 arbitrum
306 3767 364 3808 uon
379 3747 512 3815 venons:
534 3755 565 3806 et
582 3765 686 3825 corpus
700 3745 828 3806 mulieris
841 3744 994 3825 presentis
1011 3742 1174 3815 tradideris,
1186 3743 1240 3822 qui

144 3841 418 3924 quidamzdorninus
431 3840 495 3920 ejus
513 3838 617 3901 esseni
636 3839 791 3899 Obtulisse
808 3838 926 3917 quidem
946 3846 978 3896 te
992 3835 1076 3907 dicis,
1089 3835 1240 3894 mulierem

144 3955 221 3998 raro
237 3954 324 3995 nemo
336 3933 420 4004 sidit,
434 3952 526 4012 eaque
544 3951 575 3991 ro
593 3931 715 3991 Judioes
739 3929 890 4013 decepisti,
906 3928 997 3988 lalsos
1019 3938 1109 3988 testes
1131 3927 1240 4008 produ-

139 4027 315 4105 ‹nonunqni
332 4025 474 4094 dicerent,
488 4035 518 4084 te
535 4041 598 4084 eam
622 4023 736 4082 tradere
749 4021 886 4083 voluisse.
919 4021 1121 4100 'Posteaquam
1143 4030 1241 4078 sutem

145 4121 203 4185 tibi
212 4120 314 4182 mulier
326 4131 387 4185 tum
402 4137 461 4178 non
474 4127 582 4196 presto
594 4116 662 4186 tuit,
680 4115 830 4194 serapnim
845 4114 941 4176 ecbini
951 4113 1099 4192 obsignati
1111 4112 1240 4182 fueruat,

143 4223 233 4276 estne
257 4233 315 4293 quo
335 4212 414 4271 illam
437 4211 481 4271 vel
498 4211 529 4278 in
555 4211 660 4281 iorum,
673 4209 726 4268 uel⁴
740 4209 894 4286 judicium,
908 4227 1030 4287 usquam
1052 4201 1241 4285 perduxeris?

142 4309 183 4368 -Sl
195 4308 273 4368 enan
287 4325 324 4366 ea
337 4315 472 4364 tumnon
486 4303 588 4363 affuit:
609 4313 677 4382 post
691 4302 791 4379 utique
804 4301 948 4363 tradenda
964 4302 1028 4371 luit,
1042 4308 1074 4358 et
1086 4306 1178 4355 testes
1197 4296 1241 4356 la·

140 4399 257 4475 ciendi,
270 4409 300 4460 ta
320 4400 449 4460 voluisse
472 4417 531 4459 rem
549 4418 567 4457 e
587 4395 708 4459 muliere
731 4408 812 4456 certo
829 4395 981 4475 cognosci,
994 4390 1243 4473 quemadmodum

146 4511 338 4577 provocares,
352 4511 419 4554 cum
439 4501 472 4554 ct
492 4492 729 4572 provocationem
754 4489 898 4569 injeceris,
911 4497 943 4549 et
963 4483 1161 4548 testimonium
1181 4501 1243 4564 quo

671 4585 691 4640 4
707 4598 725 4641 a
