2967 4950
429 300 901 370 EXORDIACONCIONUM'.
1142 312 1200 370 als
1256 397 1260 402 Α

115 465 162 522 res
186 461 324 540 gerendae
349 470 428 533 sunt,
448 462 552 522 vestris
575 460 700 523 decretis
725 463 920 526 adversentur.
962 461 1083 530 Qtu'bus¹
1100 463 1124 522 si
1139 485 1209 538 urm,¹
1229 525 1245 534 ,

115 573 189 614 cum
199 553 413 628 consultaretis,
427 554 543 616 dicendi
556 557 669 634 copiam
690 555 844 627 fecissetis,
858 565 943 632 atque
965 556 1020 634 ipsi
1034 555 1111 622 idem
1124 556 1203 618 lace·

114 657 189 719 rent,
203 647 391 708 accusatione
404 646 485 725 digni
499 659 605 720 esseut,
618 647 706 725 quod,
727 647 833 725 quibus
852 648 883 706 iu
902 648 988 706 rebus
1002 648 1070 708 victi
1090 660 1203 723 essent,

114 738 153 798 de
172 738 277 798 iisdem
291 741 376 799 rebus
391 759 504 798 rursum
519 739 615 799 dicere
635 738 662 796 vi
686 748 868 798 conarentur.
910 739 997 801 Nunc
1015 739 1105 806 etilli
1117 741 1204 802 venia

113 829 196 910 digni
212 842 290 902 sunt,
304 831 328 890 si
342 851 378 891 ea
396 851 463 909 quse
490 842 551 890 turn
573 829 670 890 audire
691 829 822 889 noluistis
845 849 992 908 exponere
1016 831 1152 892 student:
1172 843 1204 894 et

113 941 177 994 vos,
189 923 395 993 Athenienses,
409 921 637 1002 reprehendendi
651 921 729 991 estis,
743 920 835 1000 quiin
852 920 1108 984 deliberationibus
1120 944 1203 986 suam

112 1032 259 1092 quemque
282 1015 378 1074 dicere
402 1015 572 1074 senteutiam
594 1034 652 1073 non
673 1013 831 1092 patiamini,
844 1014 908 1085 sed,
928 1016 978 1081 ubi
1000 1035 1053 1075 ros
1075 1017 1123 1075 alii
1150 1037 1204 1078 sua
1246 1013 1250 1018 ’

112 1106 246 1166 oratione
259 1105 440 1184 occuparint,
457 1107 529 1172 alios
543 1105 659 1166 minime
672 1106 806 1166 audiatis.
849 1106 908 1164 lsta
920 1105 1007 1183 igitur
1020 1110 1204 1172 consuetudo

111 1197 263 1261 molestias
276 1198 358 1266 vobis
372 1198 454 1278 parit.
496 1198 626 1266 Quorum
648 1199 724 1261 enim
744 1206 811 1256 ante
831 1196 944 1264 cladem
964 1209 1114 1276 acceptam
1132 1221 1205 1261 corr-¹

111 1287 185 1350 siliis
205 1310 305 1368 parere
318 1291 455 1360 licuisset,
472 1309 522 1350 eos
536 1301 638 1369 postea
650 1298 823 1356 accusantes
836 1289 973 1348 laudatis.
1014 1291 1106 1368 quue
1120 1295 1204 1357 vobis

113 1400 215 1442 rursus
235 1383 339 1461 opinor
364 1381 486 1454 accidet,
500 1383 554 1442 nisi
568 1383 662 1460 aequis
682 1382 786 1442 animis
804 1403 904 1442 omnes
925 1382 1072 1442 audieritis
1086 1384 1115 1445 in
1128 1404 1204 1462 prae·

114 1475 208 1534 sentia
222 1493 231 1532 t
251 1494 344 1552 eoque
358 1474 458 1535 labore
472 1485 616 1555 suscepto,
630 1475 759 1555 probatis
778 1477 903 1554 optimis,
917 1494 969 1535 eos
992 1477 1041 1554 qui
1065 1477 1205 1556 quicquid

114 1567 236 1626 tandem
257 1568 472 1628 cavillabuntur
493 1569 637 1647 improbos
658 1568 869 1628 existimabitis.
911 1569 976 1646 Ego
998 1587 1115 1646 oequum
1138 1589 1204 1629 esse

113 1679 233 1731 censeo,
247 1672 279 1718 ut
294 1661 416 1738 primum
429 1662 556 1721 omnium
571 1663 634 1740 ipse
648 1661 753 1731 dicam,
765 1661 836 1739 quid
847 1661 914 1719 mihi
925 1661 954 1719 in
965 1662 1083 1740 negotio
1097 1661 1204 1739 dequo

113 1751 288 1812 consultatis
308 1751 448 1824 uideatur,
462 1763 495 1814 ut
509 1754 532 1812 si
545 1755 627 1814 vobis
645 1753 685 1814 ita
701 1753 796 1814 visum
816 1753 912 1824 fuerit,
927 1753 1014 1812 etiam
1033 1765 1139 1814 ctetera
1151 1773 1203 1814 ex·
1273 1784 1277 1798 .

111 1844 244 1923 plicemr
272 1845 317 1906 sin
347 1846 452 1918 minus,
475 1867 570 1926 neque
589 1847 670 1908 vobis
688 1847 828 1908 molestus
850 1847 915 1918 sim,
934 1865 1037 1924 neque
1059 1847 1205 1926 meipsum

40 1977 43 1984 ·
113 1935 245 2016 fatigem.
1033 1965 1037 1972 ·
1125 1967 1128 1974 ·
1176 1963 1179 1970 ·

604 2097 717 2157 XXIX.

155 2210 277 2283 Debuit,
290 2210 491 2283 Athenienses,
513 2222 579 2272 ante
601 2223 769 2292 susceptum
790 2196 901 2278 bellum
924 2208 1078 2288 provideri,
1097 2210 1209 2287 quibus,

111 2303 208 2382 copiis
222 2303 261 2362 ad
274 2303 304 2362 id
318 2302 476 2380 gerendum
489 2303 621 2364 instructi
641 2325 706 2364 esse
720 2325 888 2384 possemus:
912 2303 991 2383 quod
1010 2303 1038 2381 si
1058 2321 1123 2361 cum
1145 2303 1205 2380 pri·-

111 2413 194 2454 mum
210 2395 406 2456 deliberaretis
419 2396 601 2456 manifestum
615 2416 674 2456 non
688 2409 760 2469 erat,
773 2408 834 2457 turn
848 2406 928 2457 certe
942 2415 1008 2454 cum
1022 2394 1053 2452 id
1063 2394 1208 2471 erupisset-

112 2489 152 2547 de
166 2498 309 2567 apparatu
333 2490 418 2549 etiam
442 2490 662 2549 deliberandum
680 2491 745 2551 fuit.
787 2492 839 2549 Sin
863 2510 914 2552 uos
935 2507 1058 2567 magnas
1081 2487 1209 2557 ducibus,

112 2581 215 2658 copias
228 2580 384 2641 tradidisse
398 2582 509 2653 dicetis,
525 2602 596 2660 quas
610 2584 664 2661 ipsi
678 2583 866 2663 perdiderint,
880 2601 968 2643 nemo
981 2579 1066 2640 istam
1080 2591 1207 2641 vestram-

112 2672 333 2731 excusationem
358 2673 492 2752 accipiet.
533 2674 597 2733 Nec
621 2676 696 2733 enim
720 2676 877 2735 eorundem
895 2686 949 2747 est,
963 2694 1014 2733 cos
1037 2673 1145 2751 quibus
1160 2694 1206 2735 res

113 2763 290 2824 mandarant
305 2774 334 2823 et
347 2766 505 2838 absolvere,
520 2777 550 2827 et
565 2786 669 2827 causas
683 2768 823 2830 malorum
836 2767 946 2827 eisdem
960 2768 1113 2845 imputare.
1128 2768 1207 2834 Quia

112 2876 184 2918 uero
199 2864 266 2935 quae
278 2857 441 2935 praeteriere
461 2861 566 2919 mutari
583 2880 642 2919 non
657 2871 791 2940 possunt,
805 2871 835 2920 et
855 2870 887 2920 ut
907 2870 1038 2939 tempora
1054 2860 1210 2939 patiuntur

113 2950 204 3007 rebus
229 2950 458 3017 succurrendum
480 2962 534 3024 est,
561 2952 779 3033 intempestivas
805 2970 869 3010 esse
893 2951 975 3010 rideo
1001 2951 1206 3027 querimonias,

113 3041 250 3118 daboque
263 3061 391 3120 operam,
402 3053 435 3103 ut
453 3054 518 3122 quae
532 3045 641 3123 optima
659 3063 765 3103 censeo
788 3042 938 3103 suadeam.
981 3041 1060 3099 lllud
1073 3041 1160 3118 igitur
1173 3040 1203 3098 in

111 3132 214 3211 primis
230 3134 413 3193 statuendum
437 3145 564 3207 cattam
587 3155 821 3214 unumquemque
834 3134 927 3195 virum
947 3132 1061 3209 insigne
1075 3132 1204 3191 studium

112 3235 143 3284 et
157 3225 373 3285 contentionem
388 3227 525 3288 adhibere
538 3237 680 3309 oportere,
695 3236 805 3306 quanta
813 3226 869 3284 luit
883 3222 1077 3302 superioribus
1091 3231 1203 3303 tempo·

112 3318 195 3377 ribus
212 3319 399 3397 negligentia.
440 3320 518 3380 Nam
532 3322 618 3381 etiam
634 3320 676 3379 sic
696 3321 745 3379 vix
759 3318 934 3397 sperandum
949 3326 995 3375 est
1008 3336 1044 3375 ea
1065 3336 1119 3375 nos
1138 3337 1204 3394 quae

112 3430 167 3490 per
190 3411 336 3489 ignaviam
360 3422 442 3473 tanto
467 3423 533 3475 ante
554 3414 699 3473 amisimus
722 3432 787 3472 esse
813 3420 1046 3489 recuperaturos.
1089 3409 1204 3469 Deinde

114 3502 204 3561 animi
218 3513 336 3583 propter
349 3504 427 3564 hunc
438 3525 534 3565 rerum
547 3515 654 3565 statum
668 3523 727 3565 non
747 3513 816 3563 sunt
833 3500 993 3583 abjiciendi.
1034 3502 1116 3561 Nam·
1125 3502 1210 3586 quod

112 3594 265 3673 superiore
279 3606 409 3675 tempore
423 3597 608 3657 deterrimum
621 3596 686 3670 luit,
699 3597 730 3655 id
744 3597 774 3655 in
786 3605 933 3676 posterum
943 3593 997 3653 erit
1010 3592 1203 3652 utilissimum.

113 3685 198 3754 Quid
212 3685 300 3766 igitur
314 3688 384 3747 illud
398 3698 453 3762 cst,
463 3688 672 3749 Athenienses?
694 3689 783 3757 Quod
792 3697 909 3767 propter
921 3685 1066 3763 ignaviam
1079 3694 1204 3746 vestram

112 3797 162 3837 res
178 3778 256 3839 male
277 3800 310 3839 se
323 3779 442 3841 habeut.
484 3782 561 3841 Nam
577 3782 601 3840 si
614 3801 666 3841 vos
689 3781 768 3840 omni
781 3780 876 3840 officio
893 3776 1095 3854 fungeremini,
1107 3785 1139 3836 et
1161 3786 1205 3844 ta·

112 3888 185 3929 men
196 3869 243 3929 hic
257 3890 351 3933 rernm
364 3882 458 3933 status
477 3882 566 3946 esset,
581 3892 617 3931 ne
637 3892 705 3952 spes
718 3872 837 3950 quidem
862 3870 985 3928 fortunae
1001 3867 1131 3928 inchoris
1144 3869 1205 3929 ulla

110 3972 293 4040 superesset.

621 4118 716 4177 XXX.

158 4238 238 4299 Nihil
254 4246 301 4298 est
313 4237 473 4310 molestius,
488 4236 691 4307 Athenienses,
702 4254 791 4314 quam
803 4235 880 4314 quod
892 4244 1021 4297 oratores
1034 4235 1069 4293 iis
1078 4232 1206 4292 moribus

110 4353 191 4415 quos
204 4330 421 4411 reprehendunt
439 4340 570 4391 utuntur.
610 4330 687 4389 Nam
703 4328 845 4387 factiones
858 4346 967 4399 eorum,
981 4336 1012 4386 et
1024 4334 1141 4384 mutuas
1155 4343 1207 4384 ex-

110 4438 162 4487 tra
171 4423 315 4501 judicium
325 4422 538 4497 accusationes,
549 4439 634 4483 neruo
643 4420 685 4482 ita
698 4438 799 4481 socors
808 4429 858 4479 aut
870 4437 975 4498 pravus
988 4427 1044 4490 est,
1057 4416 1129 4496 quin
1139 4424 1208 4480 esse
