<?xml version="1.0" encoding="UTF-8"?>
<!DOCTYPE html PUBLIC "-//W3C//DTD XHTML 1.0 Transitional//EN"
    "http://www.w3.org/TR/xhtml1/DTD/xhtml1-transitional.dtd">
<html xmlns="http://www.w3.org/1999/xhtml" xml:lang="en" lang="en">
 <head>
  <title>
</title>
<meta http-equiv="Content-Type" content="text/html;charset=utf-8" />
  <meta name='ocr-system' content='tesseract 3.04.00' />
  <meta name='ocr-capabilities' content='ocr_page ocr_carea ocr_par ocr_line ocrx_word'/>
</head>
<body>
  <div class='ocr_page' id='page_1' title='image "./demosthenisetsc06ulpigoog_0313.png"; bbox 0 0 2967 4950; ppageno 0'>
   <div class='ocr_carea' id='block_1_1' title="bbox 451 313 1246 392">
    <p class='ocr_par' dir='ltr' id='par_1_1' title="bbox 451 313 1246 392">
     <span class='ocr_line' id='line_1_1' title="bbox 451 313 1246 392; baseline 0.01 -19"><span class='ocrx_word' id='word_1_1' title='bbox 451 313 643 392; x_wconf 77' lang='lat' dir='ltr'>rxonnrs</span> <span class='ocrx_word' id='word_1_2' title='bbox 665 315 933 381; x_wconf 78' lang='lat' dir='ltr'>concionum.</span> <span class='ocrx_word' id='word_1_3' title='bbox 1173 320 1246 381; x_wconf 79' lang='lat' dir='ltr'>sm·</span> 
     </span>
    </p>
   </div>
   <div class='ocr_carea' id='block_1_2' title="bbox 137 470 1294 921">
    <p class='ocr_par' dir='ltr' id='par_1_2' title="bbox 137 470 1294 921">
     <span class='ocr_line' id='line_1_2' title="bbox 137 470 1235 553; baseline -0.002 -18"><span class='ocrx_word' id='word_1_4' title='bbox 137 472 241 536; x_wconf 87' lang='lat' dir='ltr'>odium</span> <span class='ocrx_word' id='word_1_5' title='bbox 262 481 394 532; x_wconf 88' lang='lat' dir='ltr'>uestrum</span> <span class='ocrx_word' id='word_1_6' title='bbox 416 471 447 530; x_wconf 89' lang='lat' dir='ltr'>in</span> <span class='ocrx_word' id='word_1_7' title='bbox 472 470 644 550; x_wconf 77' lang='lat' dir='ltr'>impostores</span> <span class='ocrx_word' id='word_1_8' title='bbox 661 473 835 534; x_wconf 83' lang='lat' dir='ltr'>vertendum</span> <span class='ocrx_word' id='word_1_9' title='bbox 857 482 929 548; x_wconf 83' lang='lat' dir='ltr'>erat,</span> <span class='ocrx_word' id='word_1_10' title='bbox 942 473 974 532; x_wconf 89' lang='lat' dir='ltr'>id</span> <span class='ocrx_word' id='word_1_11' title='bbox 995 473 1141 553; x_wconf 71' lang='lat' dir='ltr'>suscipere</span> <span class='ocrx_word' id='word_1_12' title='bbox 1164 492 1235 535; x_wconf 91' lang='lat' dir='ltr'>con·</span> 
     </span>
     <span class='ocr_line' id='line_1_3' title="bbox 138 553 1294 644; baseline 0.001 -18"><span class='ocrx_word' id='word_1_13' title='bbox 138 567 246 644; x_wconf 82' lang='lat' dir='ltr'>tingat.</span> <span class='ocrx_word' id='word_1_14' title='bbox 287 563 382 623; x_wconf 88' lang='lat' dir='ltr'>Video</span> <span class='ocrx_word' id='word_1_15' title='bbox 396 563 471 622; x_wconf 90' lang='lat' dir='ltr'>enim</span> <span class='ocrx_word' id='word_1_16' title='bbox 487 583 537 622; x_wconf 86' lang='lat' dir='ltr'>vos</span> <span class='ocrx_word' id='word_1_17' title='bbox 552 581 630 643; x_wconf 84' lang='lat' dir='ltr'>saepe</span> <span class='ocrx_word' id='word_1_18' title='bbox 649 584 711 624; x_wconf 90' lang='lat' dir='ltr'>non</span> <span class='ocrx_word' id='word_1_19' title='bbox 732 575 864 628; x_wconf 77' lang='lat' dir='ltr'>auctores</span> <span class='ocrx_word' id='word_1_20' title='bbox 883 585 979 626; x_wconf 87' lang='lat' dir='ltr'>rerum</span> <span class='ocrx_word' id='word_1_21' title='bbox 992 564 1100 638; x_wconf 86' lang='lat' dir='ltr'>odisse,</span> <span class='ocrx_word' id='word_1_22' title='bbox 1115 567 1169 627; x_wconf 87' lang='lat' dir='ltr'>sed</span> <span class='ocrx_word' id='word_1_23' title='bbox 1182 585 1235 627; x_wconf 84' lang='lat' dir='ltr'>eos</span> <span class='ocrx_word' id='word_1_24' title='bbox 1290 553 1294 559; x_wconf 56' lang='grc'>’</span> 
     </span>
     <span class='ocr_line' id='line_1_4' title="bbox 139 653 1234 738; baseline 0.003 -22"><span class='ocrx_word' id='word_1_25' title='bbox 139 658 193 738; x_wconf 90' lang='lat' dir='ltr'>qui</span> <span class='ocrx_word' id='word_1_26' title='bbox 207 657 245 717; x_wconf 90' lang='lat' dir='ltr'>de</span> <span class='ocrx_word' id='word_1_27' title='bbox 258 655 293 716; x_wconf 89' lang='lat' dir='ltr'>iis</span> <span class='ocrx_word' id='word_1_28' title='bbox 307 656 444 734; x_wconf 76' lang='lat' dir='ltr'><strong>postremi</strong></span> <span class='ocrx_word' id='word_1_29' title='bbox 458 653 595 714; x_wconf 87' lang='lat' dir='ltr'>dixerunt</span> <span class='ocrx_word' id='word_1_30' title='bbox 612 655 721 736; x_wconf 88' lang='lat' dir='ltr'>aliquid</span> <span class='ocrx_word' id='word_1_31' title='bbox 743 659 822 737; x_wconf 88' lang='lat' dir='ltr'>apud</span> <span class='ocrx_word' id='word_1_32' title='bbox 843 676 904 719; x_wconf 84' lang='lat' dir='ltr'>vos.</span> <span class='ocrx_word' id='word_1_33' title='bbox 946 659 1120 737; x_wconf 79' lang='lat' dir='ltr'><strong>Quanquam</strong></span> <span class='ocrx_word' id='word_1_34' title='bbox 1133 668 1234 719; x_wconf 86' lang='lat' dir='ltr'>autem</span> 
     </span>
     <span class='ocr_line' id='line_1_5' title="bbox 138 749 1234 830; baseline 0.003 -21"><span class='ocrx_word' id='word_1_35' title='bbox 138 751 206 810; x_wconf 81' lang='lat' dir='ltr'>hoec</span> <span class='ocrx_word' id='word_1_36' title='bbox 219 749 320 808; x_wconf 87' lang='lat' dir='ltr'>omnia</span> <span class='ocrx_word' id='word_1_37' title='bbox 331 758 392 808; x_wconf 88' lang='lat' dir='ltr'>tarn</span> <span class='ocrx_word' id='word_1_38' title='bbox 409 757 544 808; x_wconf 88' lang='lat' dir='ltr'>accurate</span> <span class='ocrx_word' id='word_1_39' title='bbox 562 749 671 828; x_wconf 83' lang='lat' dir='ltr'>cogito,</span> <span class='ocrx_word' id='word_1_40' title='bbox 686 758 784 811; x_wconf 87' lang='lat' dir='ltr'>tamen</span> <span class='ocrx_word' id='word_1_41' title='bbox 798 752 900 830; x_wconf 82' lang='lat' dir='ltr'>opinor</span> <span class='ocrx_word' id='word_1_42' title='bbox 913 770 971 823; x_wconf 92' lang='lat' dir='ltr'>me,</span> <span class='ocrx_word' id='word_1_43' title='bbox 985 752 1098 812; x_wconf 83' lang='lat' dir='ltr'>coeteris</span> <span class='ocrx_word' id='word_1_44' title='bbox 1117 753 1234 812; x_wconf 85' lang='lat' dir='ltr'>omissis</span> 
     </span>
     <span class='ocr_line' id='line_1_6' title="bbox 140 835 1234 921; baseline 0.001 -20"><span class='ocrx_word' id='word_1_45' title='bbox 140 841 289 913; x_wconf 88' lang='lat' dir='ltr'>omnibus,</span> <span class='ocrx_word' id='word_1_46' title='bbox 298 839 336 902; x_wconf 89' lang='lat' dir='ltr'>de</span> <span class='ocrx_word' id='word_1_47' title='bbox 346 839 416 920; x_wconf 91' lang='lat' dir='ltr'>ipsis</span> <span class='ocrx_word' id='word_1_48' title='bbox 429 839 476 900; x_wconf 90' lang='lat' dir='ltr'>his</span> <span class='ocrx_word' id='word_1_49' title='bbox 487 841 573 900; x_wconf 88' lang='lat' dir='ltr'>rebus</span> <span class='ocrx_word' id='word_1_50' title='bbox 583 859 650 918; x_wconf 79' lang='lat' dir='ltr'>qum</span> <span class='ocrx_word' id='word_1_51' title='bbox 659 841 770 921; x_wconf 90' lang='lat' dir='ltr'>optima</span> <span class='ocrx_word' id='word_1_52' title='bbox 781 861 846 902; x_wconf 89' lang='lat' dir='ltr'>esse</span> <span class='ocrx_word' id='word_1_53' title='bbox 856 835 1234 921; x_wconf 88' lang='lat' dir='ltr'>judicem,dicturum&#39;esse.</span> 
     </span>
    </p>
   </div>
   <div class='ocr_carea' id='block_1_3' title="bbox 656 997 723 1054">
    <p class='ocr_par' dir='ltr' id='par_1_3' title="bbox 656 997 723 1054">
     <span class='ocr_line' id='line_1_7' title="bbox 656 997 723 1054; baseline 0.03 -2"><span class='ocrx_word' id='word_1_54' title='bbox 656 997 723 1054; x_wconf 91' lang='lat' dir='ltr'>XV.</span> 
     </span>
    </p>
   </div>
   <div class='ocr_carea' id='block_1_4' title="bbox 139 1073 1239 2024">
    <p class='ocr_par' dir='ltr' id='par_1_4' title="bbox 139 1073 1239 2024">
     <span class='ocr_line' id='line_1_8' title="bbox 180 1073 1233 1192; baseline 0.002 -18.014"><span class='ocrx_word' id='word_1_55' title='bbox 180 1113 300 1174; x_wconf 90' lang='lat' dir='ltr'>Vellem</span> <span class='ocrx_word' id='word_1_56' title='bbox 314 1132 382 1181; x_wconf 86' lang='lat' dir='ltr'>uos..</span> <span class='ocrx_word' id='word_1_57' title='bbox 391 1113 596 1184; x_wconf 73' lang='lat' dir='ltr'>Athenienses,</span> <span class='ocrx_word' id='word_1_58' title='bbox 607 1123 666 1192; x_wconf 88' lang='lat' dir='ltr'>qua</span> <span class='ocrx_word' id='word_1_59' title='bbox 676 1132 747 1192; x_wconf 83' lang='lat' dir='ltr'>erga</span> <span class='ocrx_word' id='word_1_60' title='bbox 760 1132 862 1173; x_wconf 88' lang='lat' dir='ltr'>omnes</span> <span class='ocrx_word' id='word_1_61' title='bbox 876 1114 957 1174; x_wconf 84' lang='lat' dir='ltr'>ulios.</span> <span class='ocrx_word' id='word_1_62' title='bbox 963 1117 1005 1174; x_wconf 88' lang='lat' dir='ltr'>uti</span> <span class='ocrx_word' id='word_1_63' title='bbox 1018 1073 1118 1176; x_wconf 88' lang='lat' dir='ltr'>soletis</span> <span class='ocrx_word' id='word_1_64' title='bbox 1129 1117 1233 1176; x_wconf 88' lang='lat' dir='ltr'>huma·</span> 
     </span>
     <span class='ocr_line' id='line_1_9' title="bbox 139 1204 1237 1290; baseline 0.003 -24"><span class='ocrx_word' id='word_1_65' title='bbox 139 1208 244 1278; x_wconf 87' lang='lat' dir='ltr'>nitate,</span> <span class='ocrx_word' id='word_1_66' title='bbox 257 1204 381 1266; x_wconf 88' lang='lat' dir='ltr'>eandem</span> <span class='ocrx_word' id='word_1_67' title='bbox 396 1205 483 1286; x_wconf 84' lang='lat' dir='ltr'>etiam</span> <span class='ocrx_word' id='word_1_68' title='bbox 493 1225 564 1290; x_wconf 84' lang='lat' dir='ltr'>erga</span> <span class='ocrx_word' id='word_1_69' title='bbox 571 1205 763 1284; x_wconf 85' lang='lat' dir='ltr'>vosmetipsos</span> <span class='ocrx_word' id='word_1_70' title='bbox 777 1205 933 1266; x_wconf 87' lang='lat' dir='ltr'>adhibere·</span> <span class='ocrx_word' id='word_1_71' title='bbox 948 1226 1025 1266; x_wconf 91' lang='lat' dir='ltr'>nunc</span> <span class='ocrx_word' id='word_1_72' title='bbox 1036 1208 1127 1287; x_wconf 87' lang='lat' dir='ltr'>major</span> <span class='ocrx_word' id='word_1_73' title='bbox 1136 1220 1237 1269; x_wconf 86' lang='lat' dir='ltr'>vestra</span> 
     </span>
     <span class='ocr_line' id='line_1_10' title="bbox 141 1281 1235 1377; baseline 0.003 -18"><span class='ocrx_word' id='word_1_74' title='bbox 141 1309 190 1360; x_wconf 87' lang='lat' dir='ltr'>est</span> <span class='ocrx_word' id='word_1_75' title='bbox 204 1297 382 1370; x_wconf 81' lang='lat' dir='ltr'>dexteritas</span> <span class='ocrx_word' id='word_1_76' title='bbox 374 1318 405 1357; x_wconf 88' lang='grc' dir='ltr'>ιιι</span> <span class='ocrx_word' id='word_1_77' title='bbox 424 1281 508 1357; x_wconf 88' lang='lat' dir='ltr'>malis</span> <span class='ocrx_word' id='word_1_78' title='bbox 529 1297 650 1358; x_wconf 88' lang='lat' dir='ltr'>aliorum</span> <span class='ocrx_word' id='word_1_79' title='bbox 664 1295 853 1376; x_wconf 83' lang='lat' dir='ltr'>corrigendis,</span> <span class='ocrx_word' id='word_1_80' title='bbox 866 1317 954 1377; x_wconf 92' lang='lat' dir='ltr'>quam</span> <span class='ocrx_word' id='word_1_81' title='bbox 967 1299 998 1356; x_wconf 93' lang='lat' dir='ltr'>in</span> <span class='ocrx_word' id='word_1_82' title='bbox 1015 1298 1050 1357; x_wconf 91' lang='lat' dir='ltr'>iis</span> <span class='ocrx_word' id='word_1_83' title='bbox 1073 1318 1140 1376; x_wconf 86' lang='lat' dir='ltr'>quos</span> <span class='ocrx_word' id='word_1_84' title='bbox 1153 1301 1235 1362; x_wconf 90' lang='lat' dir='ltr'>vobis</span> 
     </span>
     <span class='ocr_line' id='line_1_11' title="bbox 140 1389 1237 1472; baseline 0.002 -20"><span class='ocrx_word' id='word_1_85' title='bbox 140 1391 215 1472; x_wconf 83' lang='lat' dir='ltr'>ipsis</span> <span class='ocrx_word' id='word_1_86' title='bbox 233 1389 371 1452; x_wconf 86' lang='lat' dir='ltr'>eveniunt</span> <span class='ocrx_word' id='word_1_87' title='bbox 383 1389 581 1471; x_wconf 88' lang='lat' dir='ltr'>providendis.</span> <span class='ocrx_word' id='word_1_88' title='bbox 622 1389 770 1450; x_wconf 82' lang='lat' dir='ltr'>Fortassis</span> <span class='ocrx_word' id='word_1_89' title='bbox 796 1399 894 1450; x_wconf 90' lang='lat' dir='ltr'>autem</span> <span class='ocrx_word' id='word_1_90' title='bbox 914 1391 1018 1469; x_wconf 91' lang='lat' dir='ltr'>aliquis</span> <span class='ocrx_word' id='word_1_91' title='bbox 1032 1391 1145 1464; x_wconf 83' lang='lat' dir='ltr'>dixerit,</span> <span class='ocrx_word' id='word_1_92' title='bbox 1158 1391 1237 1454; x_wconf 84' lang='lat' dir='ltr'>hanc</span> 
     </span>
     <span class='ocr_line' id='line_1_12' title="bbox 142 1480 1239 1561; baseline 0.001 -17"><span class='ocrx_word' id='word_1_93' title='bbox 142 1502 288 1552; x_wconf 86' lang='lat' dir='ltr'>summam</span> <span class='ocrx_word' id='word_1_94' title='bbox 305 1501 370 1543; x_wconf 90' lang='lat' dir='ltr'>esse</span> <span class='ocrx_word' id='word_1_95' title='bbox 391 1482 507 1543; x_wconf 89' lang='lat' dir='ltr'>laudem</span> <span class='ocrx_word' id='word_1_96' title='bbox 528 1491 636 1542; x_wconf 76' lang='lat' dir='ltr'>noemae</span> <span class='ocrx_word' id='word_1_97' title='bbox 658 1480 794 1553; x_wconf 84' lang='lat' dir='ltr'>civitatis,</span> <span class='ocrx_word' id='word_1_98' title='bbox 817 1483 896 1561; x_wconf 88' lang='lat' dir='ltr'>qnod</span> <span class='ocrx_word' id='word_1_99' title='bbox 921 1482 1029 1542; x_wconf 88' lang='lat' dir='ltr'>nullius</span> <span class='ocrx_word' id='word_1_100' title='bbox 1051 1484 1239 1545; x_wconf 88' lang='lat' dir='ltr'>emolumenti</span> 
     </span>
     <span class='ocr_line' id='line_1_13' title="bbox 141 1574 1236 1664; baseline 0.003 -30"><span class='ocrx_word' id='word_1_101' title='bbox 141 1576 249 1658; x_wconf 85' lang='lat' dir='ltr'>privati</span> <span class='ocrx_word' id='word_1_102' title='bbox 261 1576 356 1664; x_wconf 80' lang='lat' dir='ltr'>gratia</span> <span class='ocrx_word' id='word_1_103' title='bbox 368 1574 462 1636; x_wconf 90' lang='lat' dir='ltr'>multa</span> <span class='ocrx_word' id='word_1_104' title='bbox 474 1575 605 1655; x_wconf 86' lang='lat' dir='ltr'>pericula</span> <span class='ocrx_word' id='word_1_105' title='bbox 624 1582 744 1654; x_wconf 84' lang='lat' dir='ltr'>propter</span> <span class='ocrx_word' id='word_1_106' title='bbox 755 1574 848 1653; x_wconf 90' lang='lat' dir='ltr'>ipsam</span> <span class='ocrx_word' id='word_1_107' title='bbox 857 1576 1002 1651; x_wconf 87' lang='lat' dir='ltr'>justitiam</span> <span class='ocrx_word' id='word_1_108' title='bbox 1021 1576 1096 1636; x_wconf 90' lang='lat' dir='ltr'>ultro</span> <span class='ocrx_word' id='word_1_109' title='bbox 1114 1577 1236 1639; x_wconf 85' lang='lat' dir='ltr'>adierit:</span> 
     </span>
     <span class='ocr_line' id='line_1_14' title="bbox 142 1663 1237 1746; baseline 0.001 -18"><span class='ocrx_word' id='word_1_110' title='bbox 142 1687 203 1746; x_wconf 84' lang='lat' dir='ltr'>ego</span> <span class='ocrx_word' id='word_1_111' title='bbox 222 1686 291 1728; x_wconf 79' lang='lat' dir='ltr'>uero</span> <span class='ocrx_word' id='word_1_112' title='bbox 314 1675 344 1726; x_wconf 91' lang='lat' dir='ltr'>et</span> <span class='ocrx_word' id='word_1_113' title='bbox 362 1675 472 1728; x_wconf 88' lang='lat' dir='ltr'>rectam</span> <span class='ocrx_word' id='word_1_114' title='bbox 496 1685 561 1725; x_wconf 88' lang='lat' dir='ltr'>esse</span> <span class='ocrx_word' id='word_1_115' title='bbox 577 1684 641 1726; x_wconf 89' lang='lat' dir='ltr'>eam</span> <span class='ocrx_word' id='word_1_116' title='bbox 662 1663 836 1725; x_wconf 82' lang='lat' dir='ltr'>decivitate</span> <span class='ocrx_word' id='word_1_117' title='bbox 852 1665 1023 1746; x_wconf 85' lang='lat' dir='ltr'>opinionem</span> <span class='ocrx_word' id='word_1_118' title='bbox 1044 1669 1178 1728; x_wconf 86' lang='lat' dir='ltr'>existimo</span> <span class='ocrx_word' id='word_1_119' title='bbox 1201 1687 1237 1729; x_wconf 86' lang='lat' dir='ltr'>ac</span> 
     </span>
     <span class='ocr_line' id='line_1_15' title="bbox 141 1749 1239 1841; baseline 0.004 -23"><span class='ocrx_word' id='word_1_120' title='bbox 141 1761 247 1839; x_wconf 91' lang='lat' dir='ltr'>probo,</span> <span class='ocrx_word' id='word_1_121' title='bbox 261 1768 292 1819; x_wconf 86' lang='lat' dir='ltr'>et</span> <span class='ocrx_word' id='word_1_122' title='bbox 313 1749 384 1817; x_wconf 91' lang='lat' dir='ltr'>illud</span> <span class='ocrx_word' id='word_1_123' title='bbox 405 1758 492 1818; x_wconf 86' lang='lat' dir='ltr'>etiarn</span> <span class='ocrx_word' id='word_1_124' title='bbox 511 1756 697 1836; x_wconf 88' lang='lat' dir='ltr'>prudentium</span> <span class='ocrx_word' id='word_1_125' title='bbox 715 1757 864 1817; x_wconf 88' lang='lat' dir='ltr'>hominum</span> <span class='ocrx_word' id='word_1_126' title='bbox 881 1759 1009 1818; x_wconf 92' lang='lat' dir='ltr'>officium</span> <span class='ocrx_word' id='word_1_127' title='bbox 1024 1779 1090 1820; x_wconf 87' lang='lat' dir='ltr'>esse</span> <span class='ocrx_word' id='word_1_128' title='bbox 1109 1771 1191 1841; x_wconf 88' lang='lat' dir='ltr'>puto,</span> <span class='ocrx_word' id='word_1_129' title='bbox 1202 1771 1239 1822; x_wconf 90' lang='lat' dir='ltr'>ut</span> 
     </span>
     <span class='ocr_line' id='line_1_16' title="bbox 141 1849 1236 1929; baseline 0.003 -17"><span class='ocrx_word' id='word_1_130' title='bbox 141 1851 250 1912; x_wconf 88' lang='lat' dir='ltr'>eadem</span> <span class='ocrx_word' id='word_1_131' title='bbox 264 1849 445 1912; x_wconf 87' lang='lat' dir='ltr'>solicitudine</span> <span class='ocrx_word' id='word_1_132' title='bbox 459 1869 504 1910; x_wconf 83' lang='lat' dir='ltr'>res</span> <span class='ocrx_word' id='word_1_133' title='bbox 521 1861 633 1910; x_wconf 88' lang='lat' dir='ltr'>vestras</span> <span class='ocrx_word' id='word_1_134' title='bbox 645 1850 784 1929; x_wconf 85' lang='lat' dir='ltr'>privatas,</span> <span class='ocrx_word' id='word_1_135' title='bbox 798 1870 859 1928; x_wconf 90' lang='lat' dir='ltr'>qua</span> <span class='ocrx_word' id='word_1_136' title='bbox 872 1850 993 1924; x_wconf 86' lang='lat' dir='ltr'>alienas,</span> <span class='ocrx_word' id='word_1_137' title='bbox 1002 1852 1120 1924; x_wconf 88' lang='lat' dir='ltr'>curetis,</span> <span class='ocrx_word' id='word_1_138' title='bbox 1133 1863 1236 1915; x_wconf 88' lang='lat' dir='ltr'>utnon</span> 
     </span>
     <span class='ocr_line' id='line_1_17' title="bbox 140 1940 856 2024; baseline -0.003 -20"><span class='ocrx_word' id='word_1_139' title='bbox 140 1943 264 2024; x_wconf 81' lang='lat' dir='ltr'>humani</span> <span class='ocrx_word' id='word_1_140' title='bbox 278 1943 382 2016; x_wconf 90' lang='lat' dir='ltr'>solum,</span> <span class='ocrx_word' id='word_1_141' title='bbox 397 1942 450 2002; x_wconf 87' lang='lat' dir='ltr'>sed</span> <span class='ocrx_word' id='word_1_142' title='bbox 464 1940 575 2002; x_wconf 84' lang='lat' dir='ltr'>cordati</span> <span class='ocrx_word' id='word_1_143' title='bbox 592 1940 679 2004; x_wconf 89' lang='lat' dir='ltr'>etiam</span> <span class='ocrx_word' id='word_1_144' title='bbox 692 1941 856 2002; x_wconf 87' lang='lat' dir='ltr'>rideamini.</span> 
     </span>
    </p>
   </div>
   <div class='ocr_carea' id='block_1_5' title="bbox 647 2105 728 2170">
    <p class='ocr_par' dir='ltr' id='par_1_5' title="bbox 647 2105 728 2170">
     <span class='ocr_line' id='line_1_18' title="bbox 647 2105 728 2170; baseline -0.028 0"><span class='ocrx_word' id='word_1_145' title='bbox 647 2105 728 2170; x_wconf 85' lang='lat' dir='ltr'>XVI.</span> 
     </span>
    </p>
   </div>
   <div class='ocr_carea' id='block_1_6' title="bbox 141 2184 1234 2588">
    <p class='ocr_par' dir='ltr' id='par_1_6' title="bbox 141 2184 1234 2588">
     <span class='ocr_line' id='line_1_19' title="bbox 152 2184 1232 2310; baseline 0.007 -24.214"><span class='ocrx_word' id='word_1_146' title='bbox 152 2184 338 2302; x_wconf 66' lang='lat' dir='ltr'>„Fortassis</span> <span class='ocrx_word' id='word_1_147' title='bbox 351 2228 562 2304; x_wconf 84' lang='lat' dir='ltr'>Athenienses,</span> <span class='ocrx_word' id='word_1_148' title='bbox 569 2248 636 2288; x_wconf 89' lang='lat' dir='ltr'>eum</span> <span class='ocrx_word' id='word_1_149' title='bbox 655 2228 752 2298; x_wconf 86' lang='lat' dir='ltr'>decet,</span> <span class='ocrx_word' id='word_1_150' title='bbox 770 2229 821 2308; x_wconf 89' lang='lat' dir='ltr'>qui</span> <span class='ocrx_word' id='word_1_151' title='bbox 839 2249 892 2290; x_wconf 83' lang='lat' dir='ltr'>vos</span> <span class='ocrx_word' id='word_1_152' title='bbox 910 2229 1008 2310; x_wconf 64' lang='grc' dir='ltr'><strong>ιιιιςιιιι</strong></span> <span class='ocrx_word' id='word_1_153' title='bbox 1020 2233 1059 2291; x_wconf 88' lang='lat' dir='ltr'>de</span> <span class='ocrx_word' id='word_1_154' title='bbox 1072 2251 1103 2291; x_wconf 88' lang='lat' dir='ltr'>rc</span> <span class='ocrx_word' id='word_1_155' title='bbox 1116 2251 1232 2294; x_wconf 87' lang='lat' dir='ltr'>monere</span> 
     </span>
     <span class='ocr_line' id='line_1_20' title="bbox 141 2307 1233 2401; baseline 0.005 -21"><span class='ocrx_word' id='word_1_156' title='bbox 141 2320 263 2394; x_wconf 87' lang='lat' dir='ltr'>velit,&#39;</span> <span class='ocrx_word' id='word_1_157' title='bbox 240 2341 283 2382; x_wconf 84' lang='lat' dir='ltr'>sic</span> <span class='ocrx_word' id='word_1_158' title='bbox 296 2307 410 2381; x_wconf 87' lang='lat' dir='ltr'>dicere</span> <span class='ocrx_word' id='word_1_159' title='bbox 406 2341 513 2395; x_wconf 84' lang='lat' dir='ltr'>conari,</span> <span class='ocrx_word' id='word_1_160' title='bbox 522 2331 557 2380; x_wconf 91' lang='lat' dir='ltr'>ut</span> <span class='ocrx_word' id='word_1_161' title='bbox 567 2332 597 2380; x_wconf 92' lang='lat' dir='ltr'>et</span> <span class='ocrx_word' id='word_1_162' title='bbox 606 2340 659 2380; x_wconf 84' lang='lat' dir='ltr'>uos</span> <span class='ocrx_word' id='word_1_163' title='bbox 670 2321 796 2400; x_wconf 86' lang='lat' dir='ltr'>perferre</span> <span class='ocrx_word' id='word_1_164' title='bbox 808 2323 944 2401; x_wconf 87' lang='lat' dir='ltr'>possitis;</span> <span class='ocrx_word' id='word_1_165' title='bbox 958 2335 1011 2383; x_wconf 85' lang='lat' dir='ltr'>aut</span> <span class='ocrx_word' id='word_1_166' title='bbox 1021 2336 1109 2397; x_wconf 89' lang='lat' dir='ltr'>certe,</span> <span class='ocrx_word' id='word_1_167' title='bbox 1118 2325 1233 2386; x_wconf 85' lang='lat' dir='ltr'>omissis</span> 
     </span>
     <span class='ocr_line' id='line_1_21' title="bbox 142 2412 1233 2497; baseline 0.003 -22"><span class='ocrx_word' id='word_1_168' title='bbox 142 2412 211 2475; x_wconf 87' lang='lat' dir='ltr'>aliis</span> <span class='ocrx_word' id='word_1_169' title='bbox 220 2415 317 2493; x_wconf 80' lang='lat' dir='ltr'>uerbis</span> <span class='ocrx_word' id='word_1_170' title='bbox 330 2413 475 2487; x_wconf 87' lang='lat' dir='ltr'>omnibus,</span> <span class='ocrx_word' id='word_1_171' title='bbox 484 2414 535 2475; x_wconf 92' lang='lat' dir='ltr'>illa</span> <span class='ocrx_word' id='word_1_172' title='bbox 548 2414 585 2475; x_wconf 90' lang='lat' dir='ltr'>de</span> <span class='ocrx_word' id='word_1_173' title='bbox 598 2413 704 2493; x_wconf 87' lang='lat' dir='ltr'>quibus</span> <span class='ocrx_word' id='word_1_174' title='bbox 720 2412 886 2476; x_wconf 83' lang='lat' dir='ltr'>deliberatis</span> <span class='ocrx_word' id='word_1_175' title='bbox 898 2416 1038 2477; x_wconf 86' lang='lat' dir='ltr'>suadere:</span> <span class='ocrx_word' id='word_1_176' title='bbox 1058 2417 1146 2496; x_wconf 90' lang='lat' dir='ltr'>idque</span> <span class='ocrx_word' id='word_1_177' title='bbox 1159 2439 1233 2497; x_wconf 88' lang='lat' dir='ltr'>pau-</span> 
     </span>
     <span class='ocr_line' id='line_1_22' title="bbox 142 2508 1234 2588; baseline 0 -17"><span class='ocrx_word' id='word_1_178' title='bbox 142 2510 270 2587; x_wconf 69' lang='lat' dir='ltr'>cissimis</span> <span class='ocrx_word' id='word_1_179' title='bbox 291 2509 410 2583; x_wconf 56' lang='lat' dir='ltr'>verbis„</span> <span class='ocrx_word' id='word_1_180' title='bbox 440 2511 509 2581; x_wconf 82' lang='lat' dir='ltr'>Nec</span> <span class='ocrx_word' id='word_1_181' title='bbox 528 2510 605 2569; x_wconf 88' lang='lat' dir='ltr'>enim</span> <span class='ocrx_word' id='word_1_182' title='bbox 623 2508 788 2568; x_wconf 85' lang='lat' dir='ltr'>orationum</span> <span class='ocrx_word' id='word_1_183' title='bbox 804 2508 925 2588; x_wconf 88' lang='lat' dir='ltr'>penuria</span> <span class='ocrx_word' id='word_1_184' title='bbox 941 2529 988 2569; x_wconf 91' lang='lat' dir='ltr'>res</span> <span class='ocrx_word' id='word_1_185' title='bbox 1001 2514 1122 2569; x_wconf 79' lang='lat' dir='ltr'>vestras</span> <span class='ocrx_word' id='word_1_186' title='bbox 1134 2530 1234 2571; x_wconf 88' lang='lat' dir='ltr'>omncs</span> 
     </span>
    </p>
   </div>
   <div class='ocr_carea' id='block_1_7' title="bbox 142 2600 1289 3237">
    <p class='ocr_par' dir='ltr' id='par_1_7' title="bbox 142 2600 1289 3237">
     <span class='ocr_line' id='line_1_23' title="bbox 142 2600 1235 2684; baseline 0.002 -23"><span class='ocrx_word' id='word_1_187' title='bbox 142 2603 261 2683; x_wconf 74' lang='lat' dir='ltr'>cepisse</span> <span class='ocrx_word' id='word_1_188' title='bbox 275 2602 448 2679; x_wconf 87' lang='lat' dir='ltr'>detrimenta</span> <span class='ocrx_word' id='word_1_189' title='bbox 462 2621 577 2662; x_wconf 90' lang='lat' dir='ltr'>cernere</span> <span class='ocrx_word' id='word_1_190' title='bbox 591 2600 737 2673; x_wconf 89' lang='lat' dir='ltr'>videmini,</span> <span class='ocrx_word' id='word_1_191' title='bbox 751 2602 804 2661; x_wconf 86' lang='lat' dir='ltr'>sed</span> <span class='ocrx_word' id='word_1_192' title='bbox 825 2604 867 2661; x_wconf 80' lang='lat' dir='ltr'>ob&#39;</span> <span class='ocrx_word' id='word_1_193' title='bbox 883 2602 943 2661; x_wconf 90' lang='lat' dir='ltr'>hoc</span> <span class='ocrx_word' id='word_1_194' title='bbox 963 2602 1043 2681; x_wconf 90' lang='lat' dir='ltr'>quod</span> <span class='ocrx_word' id='word_1_195' title='bbox 1061 2602 1110 2661; x_wconf 91' lang='lat' dir='ltr'>alii</span> <span class='ocrx_word' id='word_1_196' title='bbox 1129 2606 1235 2684; x_wconf 85' lang='lat' dir='ltr'>suapte</span> 
     </span>
     <span class='ocr_line' id='line_1_24' title="bbox 142 2681 1235 2773; baseline 0.001 -18"><span class='ocrx_word' id='word_1_197' title='bbox 142 2681 239 2771; x_wconf 75' lang='lat' dir='ltr'>causa</span> <span class='ocrx_word' id='word_1_198' title='bbox 250 2696 464 2767; x_wconf 48' lang='lat' dir='ltr'>concionantur,</span> <span class='ocrx_word' id='word_1_199' title='bbox 481 2704 511 2753; x_wconf 90' lang='lat' dir='ltr'>et</span> <span class='ocrx_word' id='word_1_200' title='bbox 529 2693 709 2773; x_wconf 84' lang='lat' dir='ltr'>Reipublicae</span> <span class='ocrx_word' id='word_1_201' title='bbox 724 2706 865 2773; x_wconf 78' lang='lat' dir='ltr'>praesunt,</span> <span class='ocrx_word' id='word_1_202' title='bbox 878 2694 937 2767; x_wconf 87' lang='lat' dir='ltr'>alii,</span> <span class='ocrx_word' id='word_1_203' title='bbox 951 2696 1001 2773; x_wconf 86' lang='lat' dir='ltr'>qui</span> <span class='ocrx_word' id='word_1_204' title='bbox 1024 2696 1156 2773; x_wconf 85' lang='lat' dir='ltr'>nondum</span> <span class='ocrx_word' id='word_1_205' title='bbox 1178 2697 1235 2757; x_wconf 90' lang='lat' dir='ltr'>hoc</span> 
     </span>
     <span class='ocr_line' id='line_1_25' title="bbox 143 2786 1236 2867; baseline 0.002 -20"><span class='ocrx_word' id='word_1_206' title='bbox 143 2786 241 2867; x_wconf 29' lang='lat' dir='ltr'>deqse</span> <span class='ocrx_word' id='word_1_207' title='bbox 264 2788 410 2867; x_wconf 85' lang='lat' dir='ltr'>specimen</span> <span class='ocrx_word' id='word_1_208' title='bbox 432 2786 629 2866; x_wconf 83' lang='lat' dir='ltr'>praebuerunt,</span> <span class='ocrx_word' id='word_1_209' title='bbox 644 2786 736 2864; x_wconf 85' lang='lat' dir='ltr'>magis</span> <span class='ocrx_word' id='word_1_210' title='bbox 760 2787 933 2865; x_wconf 84' lang='lat' dir='ltr'>eloquentiae</span> <span class='ocrx_word' id='word_1_211' title='bbox 957 2787 1078 2847; x_wconf 87' lang='lat' dir='ltr'>laudern</span> <span class='ocrx_word' id='word_1_212' title='bbox 1105 2798 1236 2867; x_wconf 88' lang='lat' dir='ltr'>captant,</span> 
     </span>
     <span class='ocr_line' id='line_1_26' title="bbox 144 2879 1237 2963; baseline -0.005 -19"><span class='ocrx_word' id='word_1_213' title='bbox 144 2902 237 2963; x_wconf 88' lang='lat' dir='ltr'>quam</span> <span class='ocrx_word' id='word_1_214' title='bbox 253 2881 291 2957; x_wconf 86' lang='grc' dir='ltr'>ιιιΙ</span> <span class='ocrx_word' id='word_1_215' title='bbox 306 2880 348 2939; x_wconf 74' lang='grc' dir='ltr'><strong>ιιι,</strong></span> <span class='ocrx_word' id='word_1_216' title='bbox 359 2881 489 2953; x_wconf 86' lang='lat' dir='ltr'>student,</span> <span class='ocrx_word' id='word_1_217' title='bbox 503 2889 535 2939; x_wconf 90' lang='lat' dir='ltr'>ut</span> <span class='ocrx_word' id='word_1_218' title='bbox 558 2880 619 2939; x_wconf 87' lang='lat' dir='ltr'>suis</span> <span class='ocrx_word' id='word_1_219' title='bbox 645 2880 823 2940; x_wconf 87' lang='lat' dir='ltr'>orationibus</span> <span class='ocrx_word' id='word_1_220' title='bbox 837 2879 1028 2957; x_wconf 63' lang='lat' dir='ltr'>xReipublicae</span> <span class='ocrx_word' id='word_1_221' title='bbox 1040 2881 1237 2957; x_wconf 82' lang='lat' dir='ltr'>consulatur:</span> 
     </span>
     <span class='ocr_line' id='line_1_27' title="bbox 144 2969 1238 3055; baseline -0.004 -21"><span class='ocrx_word' id='word_1_222' title='bbox 144 2995 205 3055; x_wconf 85' lang='lat' dir='ltr'>ego</span> <span class='ocrx_word' id='word_1_223' title='bbox 222 2994 302 3049; x_wconf 85' lang='lat' dir='ltr'>vero,</span> <span class='ocrx_word' id='word_1_224' title='bbox 317 2994 354 3034; x_wconf 89' lang='lat' dir='ltr'>ne</span> <span class='ocrx_word' id='word_1_225' title='bbox 366 2972 446 3052; x_wconf 88' lang='lat' dir='ltr'>quod</span> <span class='ocrx_word' id='word_1_226' title='bbox 460 2972 523 3032; x_wconf 89' lang='lat' dir='ltr'>aliis</span> <span class='ocrx_word' id='word_1_227' title='bbox 536 2972 702 3043; x_wconf 80' lang='lat' dir='ltr'>laciendum</span> <span class='ocrx_word' id='word_1_228' title='bbox 717 2992 781 3031; x_wconf 88' lang='lat' dir='ltr'>esse</span> <span class='ocrx_word' id='word_1_229' title='bbox 791 2972 878 3041; x_wconf 19' lang='lat' dir='ltr'>sdico,</span> <span class='ocrx_word' id='word_1_230' title='bbox 900 2970 931 3029; x_wconf 93' lang='lat' dir='ltr'>id</span> <span class='ocrx_word' id='word_1_231' title='bbox 950 2971 1012 3050; x_wconf 80' lang='lat' dir='ltr'>ipse</span> <span class='ocrx_word' id='word_1_232' title='bbox 1025 2971 1172 3049; x_wconf 81' lang='lat' dir='ltr'>negligere</span> <span class='ocrx_word' id='word_1_233' title='bbox 1193 2969 1238 3030; x_wconf 89' lang='lat' dir='ltr'>vi-</span> 
     </span>
     <span class='ocr_line' id='line_1_28' title="bbox 144 3060 1289 3147; baseline -0.007 -18"><span class='ocrx_word' id='word_1_234' title='bbox 144 3068 229 3147; x_wconf 73' lang='lat' dir='ltr'>deon,</span> <span class='ocrx_word' id='word_1_235' title='bbox 242 3086 277 3127; x_wconf 85' lang='lat' dir='ltr'>ac</span> <span class='ocrx_word' id='word_1_236' title='bbox 291 3065 336 3125; x_wconf 85' lang='lat' dir='ltr'>de</span> <span class='ocrx_word' id='word_1_237' title='bbox 347 3066 422 3141; x_wconf 80' lang='lat' dir='ltr'>aliis,</span> <span class='ocrx_word' id='word_1_238' title='bbox 435 3084 522 3145; x_wconf 89' lang='lat' dir='ltr'>quam</span> <span class='ocrx_word' id='word_1_239' title='bbox 542 3062 579 3123; x_wconf 88' lang='lat' dir='ltr'>de</span> <span class='ocrx_word' id='word_1_240' title='bbox 592 3064 638 3123; x_wconf 84' lang='lat' dir='ltr'>his</span> <span class='ocrx_word' id='word_1_241' title='bbox 656 3065 694 3123; x_wconf 95' lang='lat' dir='ltr'>ob</span> <span class='ocrx_word' id='word_1_242' title='bbox 707 3083 773 3141; x_wconf 79' lang='lat' dir='ltr'>quoe</span> <span class='ocrx_word' id='word_1_243' title='bbox 786 3063 905 3132; x_wconf 80' lang='lat' dir='ltr'>surrexi,</span> <span class='ocrx_word' id='word_1_244' title='bbox 918 3063 1008 3123; x_wconf 82' lang='lat' dir='ltr'>rerba</span> <span class='ocrx_word' id='word_1_245' title='bbox 1028 3064 1144 3135; x_wconf 83' lang='lat' dir='ltr'>faciam,</span> <span class='ocrx_word' id='word_1_246' title='bbox 1163 3082 1239 3141; x_wconf 86' lang='lat' dir='ltr'>proe-</span> <span class='ocrx_word' id='word_1_247' title='bbox 1285 3060 1289 3066; x_wconf 77' lang='grc'><em>’</em></span> 
     </span>
     <span class='ocr_line' id='line_1_29' title="bbox 143 3154 924 3237; baseline -0.012 -16"><span class='ocrx_word' id='word_1_248' title='bbox 143 3158 240 3221; x_wconf 84' lang='lat' dir='ltr'>teritis</span> <span class='ocrx_word' id='word_1_249' title='bbox 254 3158 372 3237; x_wconf 89' lang='lat' dir='ltr'>reliquis</span> <span class='ocrx_word' id='word_1_250' title='bbox 386 3156 528 3228; x_wconf 88' lang='lat' dir='ltr'>omnibus,</span> <span class='ocrx_word' id='word_1_251' title='bbox 543 3173 609 3235; x_wconf 78' lang='lat' dir='ltr'>quae</span> <span class='ocrx_word' id='word_1_252' title='bbox 621 3155 742 3237; x_wconf 88' lang='lat' dir='ltr'>probem</span> <span class='ocrx_word' id='word_1_253' title='bbox 763 3154 924 3233; x_wconf 82' lang='lat' dir='ltr'>explicabo.</span> 
     </span>
    </p>
   </div>
   <div class='ocr_carea' id='block_1_8' title="bbox 641 3281 763 3369">
    <p class='ocr_par' dir='ltr' id='par_1_8' title="bbox 641 3281 763 3369">
     <span class='ocr_line' id='line_1_30' title="bbox 641 3281 763 3369; baseline -0.008 0"><span class='ocrx_word' id='word_1_254' title='bbox 641 3310 740 3369; x_wconf 81' lang='lat' dir='ltr'>xvir.</span> <span class='ocrx_word' id='word_1_255' title='bbox 760 3281 763 3286; x_wconf 81' lang='grc'><strong>’</strong></span> 
     </span>
    </p>
   </div>
   <div class='ocr_carea' id='block_1_9' title="bbox 139 3427 1301 4530">
    <p class='ocr_par' dir='ltr' id='par_1_9' title="bbox 139 3427 1301 4530">
     <span class='ocr_line' id='line_1_31' title="bbox 186 3427 1237 3509; baseline 0 -20"><span class='ocrx_word' id='word_1_256' title='bbox 186 3430 317 3509; x_wconf 57' lang='lat' dir='ltr'>Quum</span> <span class='ocrx_word' id='word_1_257' title='bbox 339 3430 411 3489; x_wconf 91' lang='lat' dir='ltr'>mihi</span> <span class='ocrx_word' id='word_1_258' title='bbox 428 3448 495 3489; x_wconf 88' lang='lat' dir='ltr'>esse</span> <span class='ocrx_word' id='word_1_259' title='bbox 513 3428 638 3499; x_wconf 84' lang='lat' dir='ltr'>videtur,</span> <span class='ocrx_word' id='word_1_260' title='bbox 653 3427 858 3500; x_wconf 88' lang='lat' dir='ltr'>Athenienses,</span> <span class='ocrx_word' id='word_1_261' title='bbox 871 3438 904 3486; x_wconf 91' lang='lat' dir='ltr'>ut</span> <span class='ocrx_word' id='word_1_262' title='bbox 921 3437 1030 3487; x_wconf 83' lang='lat' dir='ltr'>attente</span> <span class='ocrx_word' id='word_1_263' title='bbox 1052 3429 1188 3489; x_wconf 89' lang='lat' dir='ltr'>audiatur</span> <span class='ocrx_word' id='word_1_264' title='bbox 1201 3430 1237 3503; x_wconf 89' lang='lat' dir='ltr'>is,</span> 
     </span>
     <span class='ocr_line' id='line_1_32' title="bbox 142 3520 1238 3605; baseline -0.001 -22"><span class='ocrx_word' id='word_1_265' title='bbox 142 3524 198 3605; x_wconf 90' lang='lat' dir='ltr'>qui</span> <span class='ocrx_word' id='word_1_266' title='bbox 220 3543 252 3583; x_wconf 92' lang='lat' dir='ltr'>se</span> <span class='ocrx_word' id='word_1_267' title='bbox 276 3522 357 3583; x_wconf 88' lang='lat' dir='ltr'>vobis</span> <span class='ocrx_word' id='word_1_268' title='bbox 380 3532 410 3583; x_wconf 93' lang='lat' dir='ltr'>et</span> <span class='ocrx_word' id='word_1_269' title='bbox 430 3542 514 3601; x_wconf 84' lang='lat' dir='ltr'>aequa</span> <span class='ocrx_word' id='word_1_270' title='bbox 532 3531 562 3581; x_wconf 89' lang='lat' dir='ltr'>et</span> <span class='ocrx_word' id='word_1_271' title='bbox 585 3521 666 3581; x_wconf 84' lang='lat' dir='ltr'>utilia</span> <span class='ocrx_word' id='word_1_272' title='bbox 686 3539 752 3580; x_wconf 88' lang='lat' dir='ltr'>esse</span> <span class='ocrx_word' id='word_1_273' title='bbox 775 3540 820 3592; x_wconf 86' lang='lat' dir='ltr'>ca,</span> <span class='ocrx_word' id='word_1_274' title='bbox 842 3520 881 3579; x_wconf 89' lang='lat' dir='ltr'>de</span> <span class='ocrx_word' id='word_1_275' title='bbox 903 3521 1009 3599; x_wconf 91' lang='lat' dir='ltr'>quibus</span> <span class='ocrx_word' id='word_1_276' title='bbox 1035 3521 1238 3596; x_wconf 85' lang='lat' dir='ltr'>deliberemus,</span> 
     </span>
     <span class='ocr_line' id='line_1_33' title="bbox 144 3612 1237 3694; baseline -0.003 -15"><span class='ocrx_word' id='word_1_277' title='bbox 144 3626 331 3679; x_wconf 82' lang='lat' dir='ltr'>ostensurum</span> <span class='ocrx_word' id='word_1_278' title='bbox 345 3614 528 3694; x_wconf 86' lang='lat' dir='ltr'>polliceatur.</span> <span class='ocrx_word' id='word_1_279' title='bbox 570 3614 633 3693; x_wconf 86' lang='lat' dir='ltr'>Ego</span> <span class='ocrx_word' id='word_1_280' title='bbox 647 3613 735 3693; x_wconf 82' lang='lat' dir='ltr'>igitur</span> <span class='ocrx_word' id='word_1_281' title='bbox 749 3632 796 3671; x_wconf 86' lang='lat' dir='ltr'>me</span> <span class='ocrx_word' id='word_1_282' title='bbox 819 3612 851 3671; x_wconf 89' lang='lat' dir='ltr'>id</span> <span class='ocrx_word' id='word_1_283' title='bbox 873 3612 1018 3683; x_wconf 83' lang='lat' dir='ltr'>facturum</span> <span class='ocrx_word' id='word_1_284' title='bbox 1036 3614 1138 3693; x_wconf 87' lang='lat' dir='ltr'>opinor</span> <span class='ocrx_word' id='word_1_285' title='bbox 1156 3616 1237 3676; x_wconf 80' lang='lat' dir='ltr'>haud</span> 
     </span>
     <span class='ocr_line' id='line_1_34' title="bbox 144 3702 1301 3788; baseline 0.003 -22"><span class='ocrx_word' id='word_1_286' title='bbox 144 3706 316 3783; x_wconf 84' lang='lat' dir='ltr'>difficulter,</span> <span class='ocrx_word' id='word_1_287' title='bbox 334 3708 358 3767; x_wconf 88' lang='lat' dir='ltr'>si</span> <span class='ocrx_word' id='word_1_288' title='bbox 378 3708 460 3781; x_wconf 76' lang='lat' dir='ltr'>uobis</span> <span class='ocrx_word' id='word_1_289' title='bbox 479 3706 667 3786; x_wconf 73' lang='lat' dir='ltr'>pereriguum</span> <span class='ocrx_word' id='word_1_290' title='bbox 686 3705 827 3785; x_wconf 82' lang='lat' dir='ltr'>quiddam</span> <span class='ocrx_word' id='word_1_291' title='bbox 847 3705 1014 3788; x_wconf 84' lang='lat' dir='ltr'>persuaderi</span> <span class='ocrx_word' id='word_1_292' title='bbox 1037 3707 1146 3767; x_wconf 89' lang='lat' dir='ltr'>sinatis.</span> <span class='ocrx_word' id='word_1_293' title='bbox 1191 3709 1238 3769; x_wconf 91' lang='lat' dir='ltr'>Ne</span> <span class='ocrx_word' id='word_1_294' title='bbox 1298 3702 1301 3709; x_wconf 67' lang='grc'><strong>’</strong></span> 
     </span>
     <span class='ocr_line' id='line_1_35' title="bbox 143 3798 1239 3880; baseline 0.005 -21"><span class='ocrx_word' id='word_1_295' title='bbox 143 3801 348 3880; x_wconf 80' lang='lat' dir='ltr'>unusquisqne</span> <span class='ocrx_word' id='word_1_296' title='bbox 362 3811 499 3872; x_wconf 87' lang='lat' dir='ltr'>vestrum,</span> <span class='ocrx_word' id='word_1_297' title='bbox 514 3819 580 3877; x_wconf 82' lang='lat' dir='ltr'>quae</span> <span class='ocrx_word' id='word_1_298' title='bbox 598 3799 644 3859; x_wconf 91' lang='lat' dir='ltr'>his</span> <span class='ocrx_word' id='word_1_299' title='bbox 659 3800 697 3859; x_wconf 87' lang='lat' dir='ltr'>de</span> <span class='ocrx_word' id='word_1_300' title='bbox 712 3801 798 3859; x_wconf 88' lang='lat' dir='ltr'>rebus</span> <span class='ocrx_word' id='word_1_301' title='bbox 818 3798 916 3869; x_wconf 86' lang='lat' dir='ltr'>sentit,</span> <span class='ocrx_word' id='word_1_302' title='bbox 929 3817 966 3857; x_wconf 90' lang='lat' dir='ltr'>ea</span> <span class='ocrx_word' id='word_1_303' title='bbox 986 3801 1084 3860; x_wconf 90' lang='lat' dir='ltr'>omnia</span> <span class='ocrx_word' id='word_1_304' title='bbox 1105 3821 1138 3859; x_wconf 92' lang='lat' dir='ltr'>se</span> <span class='ocrx_word' id='word_1_305' title='bbox 1158 3813 1239 3864; x_wconf 88' lang='lat' dir='ltr'>recte</span> 
     </span>
     <span class='ocr_line' id='line_1_36' title="bbox 141 3892 1277 3977; baseline -0.004 -18"><span class='ocrx_word' id='word_1_306' title='bbox 141 3898 254 3971; x_wconf 74' lang='lat' dir='ltr'>sentire</span> <span class='ocrx_word' id='word_1_307' title='bbox 275 3915 446 3977; x_wconf 80' lang='lat' dir='ltr'>persuasum</span> <span class='ocrx_word' id='word_1_308' title='bbox 464 3894 582 3965; x_wconf 83' lang='lat' dir='ltr'>habeat,</span> <span class='ocrx_word' id='word_1_309' title='bbox 596 3892 660 3966; x_wconf 89' lang='lat' dir='ltr'>sed,</span> <span class='ocrx_word' id='word_1_310' title='bbox 671 3893 699 3963; x_wconf 79' lang='lat' dir='ltr'>¹si</span> <span class='ocrx_word' id='word_1_311' title='bbox 721 3894 862 3972; x_wconf 74' lang='lat' dir='ltr'>praterea</span> <span class='ocrx_word' id='word_1_312' title='bbox 876 3892 934 3951; x_wconf 89' lang='lat' dir='ltr'>dici</span> <span class='ocrx_word' id='word_1_313' title='bbox 948 3892 1058 3970; x_wconf 91' lang='lat' dir='ltr'>aliquid</span> <span class='ocrx_word' id='word_1_314' title='bbox 1072 3895 1237 3975; x_wconf 82' lang='lat' dir='ltr'>contigerit,</span> <span class='ocrx_word' id='word_1_315' title='bbox 1271 3930 1277 3938; x_wconf 54' lang='grc' dir='ltr'>ι</span> 
     </span>
     <span class='ocr_line' id='line_1_37' title="bbox 141 3984 1239 4066; baseline -0.005 -13"><span class='ocrx_word' id='word_1_316' title='bbox 141 3990 370 4065; x_wconf 80' lang='lat' dir='ltr'>utconsideret</span> <span class='ocrx_word' id='word_1_317' title='bbox 393 3996 480 4065; x_wconf 87' lang='lat' dir='ltr'>atque</span> <span class='ocrx_word' id='word_1_318' title='bbox 507 3986 608 4046; x_wconf 87' lang='lat' dir='ltr'>audire</span> <span class='ocrx_word' id='word_1_319' title='bbox 632 3984 730 4064; x_wconf 76' lang='lat' dir='ltr'>omnia</span> <span class='ocrx_word' id='word_1_320' title='bbox 750 4003 789 4042; x_wconf 91' lang='lat' dir='ltr'>ne</span> <span class='ocrx_word' id='word_1_321' title='bbox 803 3993 966 4062; x_wconf 78' lang='lat' dir='ltr'>gravetur:</span> <span class='ocrx_word' id='word_1_322' title='bbox 987 3984 1102 4055; x_wconf 87' lang='lat' dir='ltr'>deinde,</span> <span class='ocrx_word' id='word_1_323' title='bbox 1120 3989 1145 4047; x_wconf 90' lang='lat' dir='ltr'>si</span> <span class='ocrx_word' id='word_1_324' title='bbox 1168 3988 1239 4066; x_wconf 85' lang='lat' dir='ltr'>qnid</span> 
     </span>
     <span class='ocr_line' id='line_1_38' title="bbox 141 4076 1239 4159; baseline -0.006 -14"><span class='ocrx_word' id='word_1_325' title='bbox 141 4092 227 4159; x_wconf 78' lang='lat' dir='ltr'>recte</span> <span class='ocrx_word' id='word_1_326' title='bbox 248 4082 359 4157; x_wconf 81' lang='lat' dir='ltr'>dictum</span> <span class='ocrx_word' id='word_1_327' title='bbox 380 4080 543 4153; x_wconf 89' lang='lat' dir='ltr'>videbitur,</span> <span class='ocrx_word' id='word_1_328' title='bbox 552 4087 660 4139; x_wconf 83' lang='lat' dir='ltr'>utatur.</span> <span class='ocrx_word' id='word_1_329' title='bbox 701 4076 848 4155; x_wconf 87' lang='lat' dir='ltr'>Quicquid</span> <span class='ocrx_word' id='word_1_330' title='bbox 868 4076 944 4136; x_wconf 90' lang='lat' dir='ltr'>enim</span> <span class='ocrx_word' id='word_1_331' title='bbox 967 4080 1124 4157; x_wconf 82' lang='lat' dir='ltr'>prudenter</span> <span class='ocrx_word' id='word_1_332' title='bbox 1147 4081 1239 4159; x_wconf 84' lang='lat' dir='ltr'>expli-</span> 
     </span>
     <span class='ocr_line' id='line_1_39' title="bbox 141 4169 1239 4263; baseline -0.004 -27"><span class='ocrx_word' id='word_1_333' title='bbox 141 4186 255 4247; x_wconf 85' lang='lat' dir='ltr'>catum</span> <span class='ocrx_word' id='word_1_334' title='bbox 268 4174 356 4233; x_wconf 83' lang='lat' dir='ltr'>suerit</span> <span class='ocrx_word' id='word_1_335' title='bbox 369 4192 428 4231; x_wconf 90' lang='lat' dir='ltr'>non</span> <span class='ocrx_word' id='word_1_336' title='bbox 442 4171 535 4245; x_wconf 82' lang='lat' dir='ltr'>minus</span> <span class='ocrx_word' id='word_1_337' title='bbox 551 4180 680 4231; x_wconf 85' lang='lat' dir='ltr'>vestrum</span> <span class='ocrx_word' id='word_1_338' title='bbox 693 4170 751 4248; x_wconf 89' lang='lat' dir='ltr'>qui</span> <span class='ocrx_word' id='word_1_339' title='bbox 756 4170 835 4229; x_wconf 89' lang='lat' dir='ltr'>usuri</span> <span class='ocrx_word' id='word_1_340' title='bbox 849 4169 918 4232; x_wconf 89' lang='lat' dir='ltr'>estis</span> <span class='ocrx_word' id='word_1_341' title='bbox 932 4170 987 4229; x_wconf 87' lang='lat' dir='ltr'>erit</span> <span class='ocrx_word' id='word_1_342' title='bbox 1000 4190 1088 4249; x_wconf 90' lang='lat' dir='ltr'>quam</span> <span class='ocrx_word' id='word_1_343' title='bbox 1100 4170 1175 4231; x_wconf 91' lang='lat' dir='ltr'>illius</span> <span class='ocrx_word' id='word_1_344' title='bbox 1187 4174 1239 4263; x_wconf 88' lang='lat' dir='ltr'>qui</span> 
     </span>
     <span class='ocr_line' id='line_1_40' title="bbox 140 4256 1240 4351; baseline -0.003 -22"><span class='ocrx_word' id='word_1_345' title='bbox 140 4270 178 4329; x_wconf 91' lang='lat' dir='ltr'>id</span> <span class='ocrx_word' id='word_1_346' title='bbox 199 4266 312 4329; x_wconf 80' lang='lat' dir='ltr'>dixerit.</span> <span class='ocrx_word' id='word_1_347' title='bbox 355 4264 590 4335; x_wconf 87' lang='lat' dir='ltr'>Fundamentum</span> <span class='ocrx_word' id='word_1_348' title='bbox 618 4260 735 4351; x_wconf 82' lang='lat' dir='ltr'>quidem</span> <span class='ocrx_word' id='word_1_349' title='bbox 762 4272 839 4323; x_wconf 86' lang='lat' dir='ltr'>certe</span> <span class='ocrx_word' id='word_1_350' title='bbox 866 4263 1004 4341; x_wconf 84' lang='lat' dir='ltr'>legitimae</span> <span class='ocrx_word' id='word_1_351' title='bbox 1024 4256 1240 4326; x_wconf 83' lang='lat' dir='ltr'>deliberationis</span> 
     </span>
     <span class='ocr_line' id='line_1_41' title="bbox 139 4356 1242 4461; baseline -0.003 -40"><span class='ocrx_word' id='word_1_352' title='bbox 139 4362 273 4437; x_wconf 76' lang='lat' dir='ltr'>honest,</span> <span class='ocrx_word' id='word_1_353' title='bbox 286 4369 366 4418; x_wconf 87' lang='lat' dir='ltr'>utne</span> <span class='ocrx_word' id='word_1_354' title='bbox 380 4357 563 4431; x_wconf 84' lang='lat' dir='ltr'>decernatur,</span> <span class='ocrx_word' id='word_1_355' title='bbox 577 4356 744 4461; x_wconf 85' lang='lat' dir='ltr'>priusquam</span> <span class='ocrx_word' id='word_1_356' title='bbox 763 4376 800 4415; x_wconf 91' lang='lat' dir='ltr'>ea</span> <span class='ocrx_word' id='word_1_357' title='bbox 811 4376 848 4415; x_wconf 85' lang='lat' dir='ltr'>cx</span> <span class='ocrx_word' id='word_1_358' title='bbox 861 4358 967 4436; x_wconf 90' lang='lat' dir='ltr'>quibus</span> <span class='ocrx_word' id='word_1_359' title='bbox 982 4356 1099 4427; x_wconf 83' lang='lat' dir='ltr'>decreta</span> <span class='ocrx_word' id='word_1_360' title='bbox 1109 4356 1242 4435; x_wconf 85' lang='lat' dir='ltr'>pendent</span> 
     </span>
     <span class='ocr_line' id='line_1_42' title="bbox 142 4424 1240 4530; baseline 0.001 -17"><span class='ocrx_word' id='word_1_361' title='bbox 142 4424 248 4527; x_wconf 78' lang='lat' dir='ltr'>audita</span> <span class='ocrx_word' id='word_1_362' title='bbox 260 4448 380 4513; x_wconf 79' lang='lat' dir='ltr'>fuerint·</span> <span class='ocrx_word' id='word_1_363' title='bbox 422 4449 529 4528; x_wconf 88' lang='lat' dir='ltr'>Neque</span> <span class='ocrx_word' id='word_1_364' title='bbox 540 4447 617 4509; x_wconf 88' lang='lat' dir='ltr'>enim</span> <span class='ocrx_word' id='word_1_365' title='bbox 627 4459 742 4530; x_wconf 90' lang='lat' dir='ltr'>tempus</span> <span class='ocrx_word' id='word_1_366' title='bbox 758 4448 847 4522; x_wconf 88' lang='lat' dir='ltr'>idem,</span> <span class='ocrx_word' id='word_1_367' title='bbox 859 4468 953 4528; x_wconf 90' lang='lat' dir='ltr'>neque</span> <span class='ocrx_word' id='word_1_368' title='bbox 964 4448 1036 4509; x_wconf 88' lang='lat' dir='ltr'>ratio</span> <span class='ocrx_word' id='word_1_369' title='bbox 1049 4458 1105 4524; x_wconf 87' lang='lat' dir='ltr'>est,</span> <span class='ocrx_word' id='word_1_370' title='bbox 1116 4458 1161 4512; x_wconf 91' lang='lat' dir='ltr'>et</span> <span class='ocrx_word' id='word_1_371' title='bbox 1159 4472 1240 4513; x_wconf 92' lang='lat' dir='ltr'>com-</span> 
     </span>
    </p>
   </div>
   <div class='ocr_carea' id='block_1_10' title="bbox 0 0 1497 4950">
    <p class='ocr_par' dir='ltr' id='par_1_10' title="bbox 0 0 1497 4950">
     <span class='ocr_line' id='line_1_43' title="bbox 0 0 1497 4950; baseline 0 0"><span class='ocrx_word' id='word_1_372' title='bbox 0 0 1497 4950; x_wconf 95' lang='lat' dir='ltr'> </span> 
     </span>
    </p>
   </div>
  </div>
 </body>
</html>
