2967 4950
512 265 556 358 ru
580 288 928 358 orastauoursm.
1222 295 1261 356 so

160 465 193 514 et
203 453 236 513 in
247 454 411 516 Euboicum
421 454 501 533 quod
515 453 680 534 appellatur
687 449 842 514 concilium
853 451 1062 514 transtulerint.
1084 451 1271 518 Quaamsm,

158 546 274 606 ratione
293 548 445 624 atquibus
463 547 600 626 improbis
621 547 785 626 praestigiis,
805 547 836 605 id
857 565 937 606 nunc
957 551 1055 624 operm
1069 544 1276 623 pretiumzesti

161 638 274 700 audire.
301 639 397 698 ‘Venit
412 639 490 698 enim
504 660 564 699 non
572 640 634 719 jam
646 660 700 719 per
714 640 841 717 legatos,
856 638 910 698 'sed
932 637 994 716 ipse
1004 637 1046 707 ¹ad
1066 655 1119 706 vos
1140 635 1273 708 Callias,¹

160 739 194 790 et
207 750 380 808 pmgressus
393 733 614 792 inconcionem
636 733 795 791 orationem
818 729 921 790 habuit
945 731 1000 789 sibi
1016 749 1040 814 a
1061 729 1288 788 Demosthene·-

161 822 352 881 elaboratam.
382 823 468 882 Dixit
481 843 512 882 se
535 842 628 902 nuper
643 840 678 882 ex
698 823 905 900 Peloponneso
927 823 1049 894 venisse,
1068 823 1109 880 ibi
1123 820 1275 900 stipendiis

103 926 114 930 “
161 914 318 974 collectam
332 917 485 977 adversus·
495 917 660 995 Philippum
670 917 723 976 ad·
738 927 862 986 centum,
876 915 1148 993 talentaoxegisss,
1173 913 1274 975 ratio»

160 1019 290 1086 nemque
303 1008 405 1086 inibat,
427 1019 569 1086 quantum
584 1028 725 1096 quosque-
738 1008 865 1086 populos
884 1007 1018 1067 conferre
1040 1014 1196 1086 oporteret,
1219 991 1272 1078 hg

161 1100 261 1160 choeos
275 1119 377 1160 omnes
391 1114 421 1159 et
440 1102 635 1180 Megarenses
658 1101 770 1160 talenta
785 1101 950 1178 sexaginta,
966 1100 1114 1160 Euboicas
1125 1099 1272 1164 ³civitatem

161 1192 314 1251 universas
334 1193 547 1272 quadraginta:
569 1194 615 1252 his
629 1193 761 1272 pecuniis
773 1211 861 1271 posse
874 1193 1035 1272 comparari
1049 1202 1080 1252 et
1092 1193 1218 1260 classem
1232 1199 1270 1256 et

161 1285 262 1361 copias
275 1284 453 1362 pedestres:
473 1305 540 1343 esse
559 1303 647 1362 porro
669 1285 779 1342 multos
801 1284 981 1346 Graecorum,
998 1284 1082 1355 alios,
1101 1283 1152 1362 qui
1172 1283 1272 1362 hujus}

161 1377 327 1436 collationis
341 1387 454 1456 partem
468 1378 566 1435 subire
581 1377 700 1448 vellent,
714 1377 866 1455 itaneque
881 1378 1014 1456 pecuniae
1027 1395 1124 1454 neque
1137 1373 1271 1434 militum.

159 1469 400 1546 fore-penuriam.
446 1469 544 1547 Atque
553 1469 622 1528 haec
635 1469 751 1546 quidem
773 1480 874 1547 aperta
886 1489 974 1538 essa:
992 1470 1064 1532 alias
1083 1463 1180 1530 autem
1197 1486 1272 1529 mon

160 1560 208 1618 liri
222 1580 254 1620 se
268 1561 366 1620 aiebat
377 1578 424 1619 res
439 1565 571 1632 arcanas,
586 1581 710 1638 quarum
723 1570 815 1620 testes
831 1583 895 1622 esse
915 1563 1077 1623 nonnullos
1087 1561 1195 1624 ciuium
1211 1563 1272 1621 res

161 1661 307 1720 strorum;
333 1663 481 1732 postremo
508 1653 679 1723 nominatim
710 1654 941 1736 Demosthenem
969 1655 1143 1727 advocabat,
1171 1663 1263 1732 utque

159 1743 225 1803 haec
239 1765 298 1803 una
310 1765 410 1804 secum
425 1746 552 1804 dicendo
566 1745 751 1824 confirmaret
767 1740 894 1824 petebat.
924 1747 982 1806 Hic
1004 1766 1073 1806 vero
1087 1744 1191 1824 grandi
1208 1744 1275 1805 tad-¹

160 1836 282 1895 modum
295 1838 412 1895 incessu
425 1837 455 1895 in
468 1837 595 1896 medium
608 1856 782 1916 progressus
795 1839 914 1898 mirifice
928 1839 1067 1898 laudabat
1081 1831 1216 1911 Calliam,
1231 1846 1262 1898 et

160 1930 262 1989 arcani
272 1949 306 1988 se
319 1929 470 1989 conscium
485 1948 550 1989 esse
563 1930 740 1989 simulabat:
768 1931 946 2010 legationem
957 1939 1082 1992 autema
1097 1949 1129 1990 se
1140 1917 1265 2013 obitam,-

159 2033 224 2080 tum
246 2021 276 2078 in
291 2021 495 2100 Peloponneso
515 2032 577 2080 tum
600 2021 630 2079 in
651 2022 831 2097 Acarnania,
844 2023 921 2082 velle
936 2023 1041 2102 sejam
1053 2021 1137 2082 vobis
1152 2039 1261 2082 renun-

156 2115 231 2174 tiare
246 2114 375 2174 dicebat
395 2114 542 2174 Orationis
556 2133 643 2192 porro
657 2114 722 2193 ejus
735 2114 802 2174 baec
813 2135 929 2174 summa
942 2125 1014 2188 erat,
1025 2103 1263 2194 Peloponnesios

158 2211 271 2278 omnes,
284 2227 446 2286 omnesque
459 2208 529 2266 item
538 2207 710 2266 Acarnanas
723 2227 788 2267 esse
798 2226 859 2286 ase
870 2199 972 2268 ordine
981 2207 1193 2287 descriptosad
1206 2225 1260 2285 pe·

159 2299 288 2360 c'uniam‘
303 2299 445 2359 adversus
466 2299 634 2379 Philippum
657 2301 882 2361 conferendam:
910 2300 1136 2380 descriptionem
1161 2309 1266 2360 autem*

159 2411 227 2452 eam
248 2411 314 2451 esse
330 2392 449 2462 factam,
472 2412 538 2470 quae
559 2391 597 2451 ad
619 2402 737 2452 centum
763 2413 853 2453 naves
873 2393 1017 2454 actuarias
1037 2391 1199 2466 ornandas,
1214 2387 1269 2451 ad·

158 2486 264 2545 d'ec'em
278 2486 369 2544 millia
381 2485 524 2565 peditum,
536 2485 649 2564 equites
662 2485 742 2544 mille
753 2487 876 2547 alendos
891 2496 1076 2567 suppeteret:
1097 2486 1145 2546 *his
1158 2504 1269 2546 acces-‘-
1346 2516 1355 2525 ·

158 2598 243 2637 suras
266 2578 447 2656 singularum
461 2577 550 2637 etiam
569 2578 718 2640 civitatum
737 2578 850 2657 copias,
864 2598 899 2638 ex
913 2579 1120 2657 Peloponneso
1132 2576 1267 2657 amplius»

160 2670 221 2729 duo
233 2670 324 2729 millia
342 2671 437 2747 grans
461 2680 627 2742 armatura,
649 2689 687 2729 ex
706 2670 875 2732 Acarnania·
889 2672 1012 2732 totidem
1033 2671 1150 2731 alterat·
1162 2671 1200 2730 ab
1213 2669 1264 2729 his

160 2763 295 2822 omnibus
308 2763 439 2822 delatum
452 2760 531 2822 ultro
539 2764 623 2823 vobis
632 2765 698 2824 'esse
710 2764 904 2845 principatum
915 2787 930 2825 rv
945 2784 1042 2844 neque
1055 2778 1125 2826 vero
1137 2764 1266 2843 longum.

157 2855 221 2914 fore
235 2872 304 2913 cum
315 2854 385 2922 ,haec
407 2855 624 2936 perficerentur,
646 2856 699 2915 sed
714 2855 757 2916 ad
767 2858 919 2920 decimum·
935 2867 1051 2918 sextum
1072 2858 1181 2915 mensis
1196 2858 1265 2915 An·-

158 2947 367 3016 thesterionis3
393 2947 517 3024 singulis
531 2947 607 3005 enim
620 2947 787 3007 civitatibus
802 2968 820 3007 a
834 2968 864 3007 se
878 2948 1051 3027 praedictum
1064 2966 1131 3007 esse
1152 2966 1187 3007 ac
1202 2948 1261 3006 de·

156 3040 337 3110 nuntiatum,
351 3030 385 3097 ut
397 3058 499 3098 omnes
513 3039 646 3098 Athenas
660 3038 692 3096 in
705 3040 862 3099 concilium
880 3040 1070 3100 convenirent
1082 3039 1120 3097 ad
1133 3038 1259 3117 plenilu..

157 3133 252 3191 nium.
278 3132 392 3192 Etenim
407 3131 485 3190 hanc
499 3132 552 3191 sibi
564 3131 653 3192 homo
667 3132 814 3211 propriam
828 3142 858 3192 et
876 3152 935 3193 non
946 3119 1015 3213 qam
1035 3132 1164 3191 omnium
1179 3149 1259 3191 com·

159 3215 383 3284 munem-habet
406 3224 586 3284 facultatem.
619 3224 717 3283 Ceteri
736 3225 814 3283 enim
834 3226 992 3304 vaniloqui
1001 3231 1172 3301 jactatores,
1192 3242 1262 3284 cum

155 3318 232 3398 ‘quid
247 3318 436 3388 mentiuntur,
450 3317 522 3375 dant
533 3336 650 3396 operam
664 3318 859 3377 utindefinita
871 3319 1007 3397 quodam
1019 3328 1050 3377 et
1061 3320 1184 3377 obscura
1191 3336 1261 3395 pro·

158 3409 266 3479 ferant,
280 3409 364 3468 veriti
375 3428 430 3467 ue.
445 3397 643 3488 coarguantur
655 3428 662 3468 ε
672 3436 676 3445 ·
685 3419 717 3469 at
737 3408 970 3482 Demosthenes,¹
982 3400 1008 3471 si
1030 3410 1102 3490 quid
1122 3418 1262 3489 arrogan-

159 3504 219 3561 tius
230 3501 382 3579 confingit‚
392 3501 515 3581 primum
529 3503 648 3580 quidem
659 3502 783 3582 perjurio
792 3504 977 3563 mendacium
989 3504 1129 3576 cumulat,
1140 3502 1260 3562 exitium

158 3594 214 3653 sibi
228 3594 401 3672 imprecans,
416 3593 533 3678 deinde,
547 3614 613 3673 quae
628 3603 710 3653 certo
724 3594 781 3654 scit
792 3614 945 3674 nunquam
958 3596 1066 3668 futura,
1080 3595 1170 3678 audet
1180 3595 1260 3654 affir-

158 3707 251 3756 mare,
266 3686 376 3745 ratione
391 3686 479 3745 eham
493 3686 566 3745 inita
579 3687 699 3764 quaudo
713 3688 774 3747 sint
790 3700 930 3747 eventura
951 3687 1063 3758 delinit,
1084 3697 1115 3747 et
1131 3705 1205 3767 quos
1223 3704 1260 3747 ne
1326 3754 1329 3761 ¹

158 3780 199 3838 de
218 3779 293 3838 facie
307 3778 425 3856 quidem
439 3779 530 3849 novit,
551 3799 653 3838 eorum
666 3782 786 3839 nomina
798 3781 829 3839 iu
844 3798 894 3840 ore
907 3780 1006 3852 habet,
1025 3780 1142 3840 auribus
1156 3780 1261 3841 vestris

158 3873 282 3942 abusus,
296 3890 405 3949 eosque
418 3872 550 3950 quivero
563 3871 724 3951 loquuntur
744 3872 882 3933 imitatus.
909 3873 1055 3939 Quocirca
1077 3884 1108 3934 et
1130 3875 1200 3935 odio
1213 3874 1261 3933 vel

160 3964 349 4047 acerbissimo
361 3964 470 4042 dignus
484 3975 539 4039 est,
553 3964 634 4044 quod
645 3965 795 4043 improbus
808 3984 876 4025 cum
884 3966 926 4025 'sit
941 3966 1064 4026 virorum
1076 3966 1193 4045 quoque
1204 3967 1262 4025 bo·

160 4075 266 4115 norum
287 4055 575 4135 indiciacorrumpit.
610 4057 665 4116 His
687 4058 776 4136 igitur
796 4058 883 4118 dictis
905 4060 1058 4120 decretum
1081 4059 1133 4118 dat
1147 4058 1260 4120 *scriba

160 4148 354 4221 recitandum,
370 4148 462 4208 lliade
479 4150 599 4227 quidem
612 4150 764 4229 prolixius,
785 4153 881 4211 verbis
896 4158 1005 4224 autem,
1029 4172 1095 4231 quse
1110 4150 1191 4229 loqui
1213 4170 1262 4211 so-

161 4244 214 4311 let,
225 4251 256 4301 et
276 4242 451 4319 nimquam
465 4242 538 4320 egitq
557 4243 684 4315 inanius,
704 4262 758 4322 spe
779 4244 912 4323 denique>
923 4246 1027 4315 fallaci
1044 4253 1074 4303 et
1087 4242 1261 4303 exercitibus

160 4352 313 4411 nunquam
328 4334 515 4394 conventuris
530 4335 720 4419 cumulatum.
756 4335 832 4395 Cum
845 4345 963 4397 ‘autern'
975 4334 1147 4405 vocarunt
1167 4336 1261 4415 suspi-

159 4425 450 4496 cione³‘'abduirisset,
472 4435 504 4486 et
522 4445 578 4506 spe
598 4426 677 4487 futili
699 4447 868 4507 suspensos
881 4427 1046 4501 tenuissetp
1058 4426 1261 4491 illistron-fre

595 4549 599 4558 ,
686 4518 702 4551 a
717 4540 739 4577 N
952 4534 958 4541 ·
1072 4524 1074 4527 ·
1228 4515 1231 4520 ·
