2967 4950
483 285 651 353 oonraa
672 287 943 400 riniacensi.
1150 353 1159 362 .
1205 282 1265 366 ἰι

163 442 315 509 tercentos
328 443 502 514 edoctorum
515 447 681 527 pollicetur,
695 439 799 512 fraude
812 447 913 528 aliqua
930 449 1048 530 injecta,
1064 448 1196 511 tezsonis
1208 451 1266 512 eri·

164 534 317 615 piatquod
325 547 400 600 este
412 539 571 616 republica,
592 539 703 612 Altera,
715 541 944 605 cohortationem
954 540 1060 602 cisium
1068 542 1108 602 ad
1118 540 1266 612 virtutem,

166 628 282 694 Multos
293 630 371 712 enirn
384 639 414 690 et
428 629 632 694 adolescentes
647 642 679 690 et
688 651 780 696 senes
793 632 912 692 adstare
921 631 1034 711 judicio
1047 633 1149 694 video:
1170 654 1266 714 neque

164 740 279 800 paucos
304 722 393 784 etiam
413 742 431 782 e
453 723 566 802 reliqua
588 723 706 784 Graecia
722 724 760 784 ad
782 724 957 786 audiendum
979 725 1170 786 convenisse.
1190 745 1266 804 quos

163 811 273 876 adesse
288 834 348 874 non
361 815 428 886 mei,
448 816 502 876 sed
516 815 605 876 vestri
616 815 714 908 potius
733 818 888 894 spectandi
903 836 1003 890 causa,
1015 826 1120 896 putare
1133 818 1267 878 debetis·

164 916 201 966 ut
215 907 392 986 intelligant,
407 927 446 968 an
459 927 519 968 non
532 907 620 968 modo
632 889 727 978 bonas
746 908 827 987 leges
841 911 955 973 sancire
972 910 1080 981 scietis,
1099 909 1154 971 sed
1168 910 1283 984 etiam,

163 1017 234 1076 quoe
248 998 466 1078 honestaque
477 1000 631 1060 inhonesta
642 1000 711 1072 sint,
721 1000 775 1062 rite
787 1000 949 1079 dijudicare
961 1002 1096 1105 queatis.
1118 1012 1149 1062 et
1162 1021 1200 1060 an
1212 1001 1267 1062 ho-

165 1111 271 1152 norem
292 1093 399 1154 hebere
413 1093 514 1154 sciatis
527 1093 595 1152 viris
609 1093 715 1154 bonis:
738 1102 770 1152 et
789 1112 827 1153 an
849 1093 941 1152 velitis
956 1113 1008 1155 eos
1023 1093 1137 1172 punire,
1156 1094 1206 1172 qui
1224 1096 1267 1156 sie

164 1183 256 1241 vitam
279 1184 477 1253 instituerunt,
503 1193 536 1242 ut
560 1202 596 1246 ea
616 1185 651 1242 in
673 1183 844 1263 reipublicae
870 1185 1057 1262 ignominiam
1078 1185 1268 1247 redundaret.

166 1275 273 1336 Dicam
288 1285 386 1336 autern
399 1276 522 1354 primum
543 1276 623 1354 apud
636 1295 689 1336 ros
713 1276 752 1336 de
771 1275 953 1336 defensione.
997 1275 1076 1336 Nam
1090 1277 1268 1356 eloquentia
1310 1276 1312 1279 ’

163 1367 260 1446 copiis
273 1368 398 1428 affluens
412 1367 627 1428 Demosthenes
642 1368 693 1437 ιιι,
709 1356 793 1427 vobis
808 1378 859 1427 aut
874 1367 1015 1428 delendas
1028 1386 1094 1428 esse
1108 1368 1201 1447 leges,
1215 1381 1268 1432 aut

163 1478 226 1518 non
242 1459 375 1522 dandum
393 1479 460 1522 esse
483 1460 582 1520 locum
601 1459 726 1522 orationi
749 1479 834 1520 mem.
868 1461 1039 1521 Admiratus
1057 1461 1149 1533 eninr,
1169 1462 1194 1520 si
1214 1483 1267 1532 vos

160 1569 268 1610 omnes
280 1571 340 1612 non
353 1551 552 1624 memineritis,
566 1561 702 1622 senatum
721 1552 879 1630 quotannis
894 1553 1021 1615 rendere
1034 1553 1162 1630 vectigal
1173 1573 1268 1616 mera-

164 1642 300 1704 trinium:
322 1644 445 1724 ejusque
466 1643 618 1722 vectigalis
632 1643 831 1726 redemptores
845 1663 906 1703 non
918 1644 1094 1724 conjectare,
1115 1645 1169 1706 sed
1185 1665 1267 1708 cour·

163 1743 279 1813 pertum
287 1735 394 1796 habere
396 1736 828 1816 ,quifaciantenmquaestunr
841 1737 1022 1817 Postquam
1013 1739 1268 1818 igiturevoausnr
1357 1772 1361 1778 =
1434 1732 1437 1744 ¹

162 1825 221 1886 sim
235 1827 273 1886 ad
286 1838 443 1907 pretorem
455 1830 573 1901 referre,
588 1829 745 1891 Timarcho
758 1849 818 1890 non
832 1828 922 1891 licere
935 1831 1093 1891 conciones
1103 1832 1223 1905 habere,
1233 1841 1268 1907 ut

161 1918 215 1996 qui
239 1920 410 1998 pudicitiam
431 1921 630 2001 prostituerit:
651 1921 800 2001 postulare
820 1920 880 1983 hoe
901 1921 1053 2025 negotium
1075 1942 1136 1983 non
1156 1925 1268 1990 crimen

162 2013 353 2087 accusatoris,
368 2015 422 2074 sed
434 2014 633 2076 testimonium
646 2013 853 2095 redemptoris,
870 2012 921 2091 qui
941 2002 1069 2091 vectigal
1086 2014 1168 2074 istud
1181 2035 1201 2075 a
1214 2017 1267 2076 Ti·

162 2106 285 2165 marcho
299 2106 460 2185 collegerit.
492 2106 559 2184 ligo
572 2125 652 2177 sero,
665 2106 875 2178 Athenienses,
887 2105 1084 2177 considerate,
1097 2125 1139 2164 ιιι
1149 2106 1189 2169 ad
1201 2107 1267 2168 haze

162 2196 334 2283 armplrcrter
344 2199 591 2278 hberahterqua
567 2219 623 2259 snn
633 2217 839 2278 responsurus
860 2197 938 2256 Nam
946 2215 993 2256 me
1001 2195 1266 2276 nvitabspudebrt,

161 2306 189 2346 ιι
180 2287 385 2360 Timarchus,
403 2309 454 2367 qur
445 2289 578 2370 populo
598 2290 638 2352 sit
650 2309 669 2350 a
680 2289 824 2358 consiliis,
843 2308 895 2366 qur
886 2287 1105 2366 legationes'
1096 2307 1127 2346 m
1149 2287 1268 2358 Grecis
1290 2349 1294 2354 ,

162 2378 244 2438 obire
257 2378 376 2452 audeat,
390 2399 450 2440 non
464 2391 558 2442 totam
576 2400 637 2442 rem
658 2400 677 2442 a
696 2401 729 2440 se
746 2399 884 2440 amovere
897 2379 1054 2450 studuerit,
1068 2378 1123 2438 sed
1139 2379 1178 2440 de
1191 2381 1266 2442 locis

161 2469 359 2551 interrogarit,
371 2471 421 2533 ubi
435 2471 555 2545 sederit,
568 2481 599 2531 et
618 2471 802 2550 publicanos,
822 2490 861 2529 an
874 2488 1050 2549 seunquam
1070 2456 1266 2549 meretricium
1352 2487 1354 2490 ·

160 2564 289 2641 vectigal
300 2564 464 2644 exegerint.
496 2562 584 2625 llac
576 2562 666 2642 igitur
679 2562 852 2627 defensione
863 2569 964 2621 restra
972 2580 1065 2621 eausa
1078 2563 1177 2623 cedat.
1199 2544 1265 2645 Ego

161 2672 231 2713 vero
259 2654 345 2715 aliam
373 2655 536 2715 rationem·
529 2654 594 2715 -sibi
620 2672 803 2733 suggeram,
796 2652 970 2713 honestam
993 2663 1024 2714 et
1049 2674 1182 2733 requam.
1204 2677 1265 2737 qna

160 2746 264 2821 utaris,
287 2767 311 2807 ιι
303 2747 433 2807 nullius
446 2747 500 2807 tibi
518 2746 705 2827 turpitudinis
720 2766 752 2809 es
772 2745 923 2807 conscius.
955 2745 1225 2827 Andelojndices
1217 2771 1263 2811 rn-

159 2851 248 2901 tuens
261 2856 298 2901 ea
310 2840 419 2909 dicere,
439 2858 507 2917 quoe
520 2839 648 2901 dicenda
661 2848 734 2902 sunt
744 2838 808 2899 riro
824 2838 958 2900 modeste
977 2839 1074 2909 etatis
1094 2839 1168 2901 flore
1188 2861 1263 2904 uso:

159 2934 368 3006 Athenienses,
381 2952 438 3011 ego
452 2952 470 2993 ι
483 2933 648 3012 pueritiact
657 2931 858 2994 adolescentia
870 2950 938 2993 rum
945 2931 1025 3009 apud
1036 2951 1090 2991 vos
1098 2933 1259 2997 educatus:

159 3019 339 3105 neqne‘rero
361 3025 612 3085 studiisobscuris
632 3042 772 3103 occupor,
792 3023 848 3083 sed
867 3024 1021 3083 vobiscum
1046 3025 1213 3103 conspicior
1230 3027 1262 3089 in

159 3118 362 3179 concionibus.
383 3118 515 3178 Arbitror
529 3128 639 3195 antem,
653 3117 678 3179 si
688 3117 720 3176 id
733 3115 856 3187 crimen,
866 3114 953 3193 eujus
964 3133 1084 3193 arguor,
1096 3113 1177 3195 apud
1187 3116 1264 3177 alios

159 3211 231 3271 mihi
253 3209 473 3271 defendendum
496 3203 594 3271 esset:
616 3208 719 3271 vestris
732 3208 907 3269 testimoniis
924 3226 972 3267 rna
994 3207 1175 3267 accusatoris
1194 3228 1260 3269 ora·

155 3303 267 3363 tionem
284 3302 370 3363 facile
390 3302 483 3365 luisse
504 3301 707 3364 refutaturum.
742 3300 849 3379 Neque
868 3298 948 3359 enirn
970 3308 1034 3359 turn
1055 3298 1262 3373 duntaxatsi

157 3394 229 3473 quid
245 3395 365 3455 istorum
378 3395 436 3472 egi,
450 3393 504 3453 sed
516 3394 541 3452 si
552 3393 636 3453 vobis
647 3393 745 3472 egisse
754 3391 855 3451 videor
865 3390 955 3457 vitam
968 3392 1008 3451 ab
1016 3390 1080 3451 istis
1090 3390 1261 3469 criminibus

157 3507 218 3547 non
232 3486 458 3547 abhorrentem:
479 3485 568 3545 vitam
581 3485 704 3564 posthac
719 3484 855 3565 acerbam
864 3482 936 3541 mihi
946 3482 1129 3567 existimans,
1142 3480 1202 3545 non
1215 3506 1261 3546 re-

157 3599 231 3639 cuso
242 3598 302 3657 quo
315 3578 412 3638 minus
424 3576 525 3637 civitas
539 3578 578 3637 de
592 3597 640 3637 me
652 3575 828 3657 supplicium
838 3585 946 3649 sumat,
957 3584 990 3637 ut
1000 3596 1032 3635 se
1043 3576 1123 3655 apud
1134 3576 1260 3638 Grecos

156 3690 298 3733 excusare
310 3682 415 3749 queat:
437 3689 534 3748 neque
548 3668 587 3728 ad
605 3688 659 3729 vos
674 3667 851 3749 deprecandi
864 3686 955 3727 causa
967 3667 1065 3740 venio,
1078 3668 1138 3727 imo
1150 3668 1260 3729 interti-

156 3765 247 3826 citote
261 3782 319 3834 me,
328 3762 353 3826 si
367 3762 456 3821 talem
470 3759 695 3820 existimatis.-

197 3857 248 3914 26.
271 3856 356 3927 Haec,
369 3852 534 3925 Ῥιιιιιιιιι,
548 3851 682 3915 defensio
694 3851 785 3911 fuerit
802 3850 855 3911 riri
867 3849 940 3911 boni
958 3857 990 3909 et
1001 3848 1140 3935 modesti,
1155 3860 1187 3913 et
1198 3854 1259 3914 rita

155 3957 295 4009 anteacta
306 3945 384 4017 freti,
397 3954 427 4005 et
447 3944 718 4021 omniamaledicta
737 3962 798 4003 non
813 3943 876 4002 sine
892 3941 1004 4001 ratione
1025 3946 1259 4006 contemnentis:

155 4062 225 4121 quse
238 4059 308 4103 vero
322 4036 441 4099 dicendi
454 4037 674 4097 Demosthenes
688 4036 741 4096 trbi
751 4042 921 4107 auctorest,
933 4054 970 4094 ea
982 4054 1044 4096 non
1053 4047 1124 4097 sunt
1132 4036 1258 4101 hominis

154 4134 285 4214 ingenui,
300 4132 353 4192 sed
367 4130 468 4208 scorti,
481 4130 520 4190 de
533 4130 606 4189 locis
620 4127 834 4189 contendentis.
854 4125 1003 4196 Quoniam
1015 4139 1116 4189 autern
1133 4129 1172 4189 ad
1185 4148 1258 4211 cag-

154 4236 297 4288 nomenta
309 4222 521 4285 domiciliorum
533 4221 689 4302 coniugis,
703 4230 733 4281 ct
748 4240 811 4281 rem
830 4220 962 4283 ostiatim
974 4222 1097 4301 coargui
1112 4223 1257 4301 postulas,

154 4320 203 4379 ubi
228 4315 360 4379 sederis:
381 4314 489 4377 auditis
513 4314 549 4376 iis
568 4332 636 4393 ques
659 4314 791 4373 dicturus
812 4332 887 4385 sum,
901 4312 1029 4373 eandem
1049 4313 1212 4377 orationem
1231 4318 1257 4377 si

152 4412 235 4496 sapis
248 4431 308 4475 son
322 4419 447 4489 repetes.
480 4406 586 4487 Neque
599 4406 678 4471 enim
690 4403 843 4469 domiciha
860 4414 915 4467 aut
929 4404 1128 4471 habitationes
1145 4426 1257 4491 eogno-
