<?xml version="1.0" encoding="UTF-8"?>
<!DOCTYPE html PUBLIC "-//W3C//DTD XHTML 1.0 Transitional//EN"
    "http://www.w3.org/TR/xhtml1/DTD/xhtml1-transitional.dtd">
<html xmlns="http://www.w3.org/1999/xhtml" xml:lang="en" lang="en">
 <head>
  <title>
</title>
<meta http-equiv="Content-Type" content="text/html;charset=utf-8" />
  <meta name='ocr-system' content='tesseract 3.04.00' />
  <meta name='ocr-capabilities' content='ocr_page ocr_carea ocr_par ocr_line ocrx_word'/>
</head>
<body>
  <div class='ocr_page' id='page_1' title='image "./demosthenisetsc06ulpigoog_0166.png"; bbox 0 0 2967 4950; ppageno 0'>
   <div class='ocr_carea' id='block_1_1' title="bbox 257 282 1133 348">
    <p class='ocr_par' dir='ltr' id='par_1_1' title="bbox 257 282 1133 348">
     <span class='ocr_line' id='line_1_1' title="bbox 257 282 1133 348; baseline 0.001 -1"><span class='ocrx_word' id='word_1_1' title='bbox 257 284 316 347; x_wconf 79' lang='lat'>666</span> <span class='ocrx_word' id='word_1_2' title='bbox 478 284 522 345; x_wconf 88' lang='lat' dir='ltr'>IN</span> <span class='ocrx_word' id='word_1_3' title='bbox 544 282 823 347; x_wconf 80' lang='lat' dir='ltr'><strong>EVEIIGUM&#39;ET</strong></span> <span class='ocrx_word' id='word_1_4' title='bbox 844 284 1133 348; x_wconf 76' lang='lat' dir='ltr'><strong>MNESIBULUM.</strong></span> 
     </span>
    </p>
   </div>
   <div class='ocr_carea' id='block_1_2' title="bbox 253 438 1434 1249">
    <p class='ocr_par' dir='ltr' id='par_1_2' title="bbox 253 438 1434 1249">
     <span class='ocr_line' id='line_1_2' title="bbox 256 438 1351 524; baseline 0.002 -21"><span class='ocrx_word' id='word_1_5' title='bbox 256 438 412 523; x_wconf 85' lang='lat' dir='ltr'>mancipia,</span> <span class='ocrx_word' id='word_1_6' title='bbox 423 440 480 503; x_wconf 86' lang='lat' dir='ltr'>scd</span> <span class='ocrx_word' id='word_1_7' title='bbox 490 451 522 503; x_wconf 92' lang='lat' dir='ltr'>et</span> <span class='ocrx_word' id='word_1_8' title='bbox 532 440 725 523; x_wconf 76' lang='lat' dir='ltr'>supellectilia</span> <span class='ocrx_word' id='word_1_9' title='bbox 738 459 806 521; x_wconf 79' lang='lat' dir='ltr'>quta</span> <span class='ocrx_word' id='word_1_10' title='bbox 817 441 910 523; x_wconf 81' lang='lat' dir='ltr'>pridie</span> <span class='ocrx_word' id='word_1_11' title='bbox 923 444 1139 524; x_wconf 77' lang='lat' dir='ltr'>superfuerant,</span> <span class='ocrx_word' id='word_1_12' title='bbox 1151 452 1297 523; x_wconf 83' lang='lat' dir='ltr'>occupat:</span> <span class='ocrx_word' id='word_1_13' title='bbox 1316 464 1351 505; x_wconf 88' lang='lat' dir='ltr'>ac</span> 
     </span>
     <span class='ocr_line' id='line_1_3' title="bbox 255 534 1352 617; baseline 0.004 -24"><span class='ocrx_word' id='word_1_14' title='bbox 255 534 384 615; x_wconf 73' lang='lat' dir='ltr'>lapicida</span> <span class='ocrx_word' id='word_1_15' title='bbox 396 534 526 613; x_wconf 81' lang='lat' dir='ltr'>qttidam,</span> <span class='ocrx_word' id='word_1_16' title='bbox 540 534 590 615; x_wconf 90' lang='lat' dir='ltr'>qui</span> <span class='ocrx_word' id='word_1_17' title='bbox 611 534 807 615; x_wconf 87' lang='lat' dir='ltr'>propinquum</span> <span class='ocrx_word' id='word_1_18' title='bbox 820 545 1044 597; x_wconf 89' lang='lat' dir='ltr'>monumentum</span> <span class='ocrx_word' id='word_1_19' title='bbox 1065 535 1241 617; x_wconf 83' lang='lat' dir='ltr'>expoliebat,</span> <span class='ocrx_word' id='word_1_20' title='bbox 1255 535 1352 597; x_wconf 87' lang='lat' dir='ltr'>denuo</span> 
     </span>
     <span class='ocr_line' id='line_1_4' title="bbox 256 626 1353 713; baseline 0.002 -26"><span class='ocrx_word' id='word_1_21' title='bbox 256 626 335 687; x_wconf 87' lang='lat' dir='ltr'>abire</span> <span class='ocrx_word' id='word_1_22' title='bbox 349 627 495 707; x_wconf 81' lang='lat' dir='ltr'>Evergum</span> <span class='ocrx_word' id='word_1_23' title='bbox 508 626 621 707; x_wconf 88' lang='lat' dir='ltr'>reliquo</span> <span class='ocrx_word' id='word_1_24' title='bbox 633 628 828 689; x_wconf 83' lang='lat' dir='ltr'>instrumento</span> <span class='ocrx_word' id='word_1_25' title='bbox 842 646 880 687; x_wconf 81' lang='lat' dir='ltr'>ex</span> <span class='ocrx_word' id='word_1_26' title='bbox 895 628 1009 689; x_wconf 79' lang='lat' dir='ltr'>aedibus</span> <span class='ocrx_word' id='word_1_27' title='bbox 1018 629 1095 713; x_wconf 20' lang='lat' dir='ltr'>„meis</span> <span class='ocrx_word' id='word_1_28' title='bbox 1107 639 1273 709; x_wconf 85' lang='lat' dir='ltr'>exportato,</span> <span class='ocrx_word' id='word_1_29' title='bbox 1286 650 1353 690; x_wconf 87' lang='lat' dir='ltr'>cum</span> 
     </span>
     <span class='ocr_line' id='line_1_5' title="bbox 255 720 1353 800; baseline 0.002 -19"><span class='ocrx_word' id='word_1_30' title='bbox 255 740 314 800; x_wconf 90' lang='lat' dir='ltr'>quo</span> <span class='ocrx_word' id='word_1_31' title='bbox 335 720 406 781; x_wconf 89' lang='lat' dir='ltr'>nihil</span> <span class='ocrx_word' id='word_1_32' title='bbox 425 720 495 782; x_wconf 90' lang='lat' dir='ltr'>mihi</span> <span class='ocrx_word' id='word_1_33' title='bbox 517 720 636 800; x_wconf 82' lang='lat' dir='ltr'>negotii·</span> <span class='ocrx_word' id='word_1_34' title='bbox 647 721 713 793; x_wconf 85' lang='lat' dir='ltr'>fuit,</span> <span class='ocrx_word' id='word_1_35' title='bbox 728 720 857 781; x_wconf 79' lang='lat' dir='ltr'>nunciat.</span> <span class='ocrx_word' id='word_1_36' title='bbox 899 721 975 790; x_wconf 75' lang='lat' dir='ltr'>Qua</span> <span class='ocrx_word' id='word_1_37' title='bbox 996 732 1030 782; x_wconf 92' lang='lat' dir='ltr'>ut</span> <span class='ocrx_word' id='word_1_38' title='bbox 1046 742 1094 782; x_wconf 93' lang='lat' dir='ltr'>me</span> <span class='ocrx_word' id='word_1_39' title='bbox 1108 742 1176 782; x_wconf 89' lang='lat' dir='ltr'>vere</span> <span class='ocrx_word' id='word_1_40' title='bbox 1190 722 1302 796; x_wconf 89' lang='lat' dir='ltr'>dicere,</span> <span class='ocrx_word' id='word_1_41' title='bbox 1315 734 1353 798; x_wconf 92' lang='lat' dir='ltr'>et,</span> 
     </span>
     <span class='ocr_line' id='line_1_6' title="bbox 256 814 1354 894; baseline 0 -19"><span class='ocrx_word' id='word_1_42' title='bbox 256 834 306 875; x_wconf 85' lang='lat' dir='ltr'>eos</span> <span class='ocrx_word' id='word_1_43' title='bbox 325 814 417 893; x_wconf 88' lang='lat' dir='ltr'>pridie</span> <span class='ocrx_word' id='word_1_44' title='bbox 436 814 643 893; x_wconf 81' lang='lat' dir='ltr'>meapignora</span> <span class='ocrx_word' id='word_1_45' title='bbox 660 814 786 894; x_wconf 78' lang='lat' dir='ltr'>cepisse,</span> <span class='ocrx_word' id='word_1_46' title='bbox 801 826 832 875; x_wconf 92' lang='lat' dir='ltr'>et</span> <span class='ocrx_word' id='word_1_47' title='bbox 851 834 950 875; x_wconf 83' lang='lat' dir='ltr'>rursus</span> <span class='ocrx_word' id='word_1_48' title='bbox 964 815 1068 876; x_wconf 88' lang='lat' dir='ltr'>eodem</span> <span class='ocrx_word' id='word_1_49' title='bbox 1089 815 1136 876; x_wconf 91' lang='lat' dir='ltr'>die</span> <span class='ocrx_word' id='word_1_50' title='bbox 1157 815 1188 875; x_wconf 91' lang='lat' dir='ltr'>in</span> <span class='ocrx_word' id='word_1_51' title='bbox 1208 816 1290 875; x_wconf 87' lang='lat' dir='ltr'>aedes</span> <span class='ocrx_word' id='word_1_52' title='bbox 1311 816 1354 875; x_wconf 92' lang='lat' dir='ltr'>in-</span> 
     </span>
     <span class='ocr_line' id='line_1_7' title="bbox 255 906 1353 988; baseline 0.002 -21"><span class='ocrx_word' id='word_1_53' title='bbox 255 926 372 987; x_wconf 80' lang='lat' dir='ltr'>gressos</span> <span class='ocrx_word' id='word_1_54' title='bbox 381 907 482 973; x_wconf 84' lang='lat' dir='ltr'>luisse.</span> <span class='ocrx_word' id='word_1_55' title='bbox 490 927 537 967; x_wconf 90' lang='lat' dir='ltr'>me</span> <span class='ocrx_word' id='word_1_56' title='bbox 551 927 621 968; x_wconf 91' lang='lat' dir='ltr'>vero</span> <span class='ocrx_word' id='word_1_57' title='bbox 633 906 775 987; x_wconf 86' lang='lat' dir='ltr'>postridie</span> <span class='ocrx_word' id='word_1_58' title='bbox 788 907 912 968; x_wconf 88' lang='lat' dir='ltr'>solvisse</span> <span class='ocrx_word' id='word_1_59' title='bbox 921 907 1096 988; x_wconf 88' lang='lat' dir='ltr'>judicatum,</span> <span class='ocrx_word' id='word_1_60' title='bbox 1106 918 1137 969; x_wconf 90' lang='lat' dir='ltr'>et</span> <span class='ocrx_word' id='word_1_61' title='bbox 1148 909 1303 988; x_wconf 85' lang='lat' dir='ltr'>pecuniam</span> <span class='ocrx_word' id='word_1_62' title='bbox 1313 910 1353 970; x_wconf 90' lang='lat' dir='ltr'>eis</span> 
     </span>
     <span class='ocr_line' id='line_1_8' title="bbox 254 1000 1352 1079; baseline 0.004 -20"><span class='ocrx_word' id='word_1_63' title='bbox 254 1020 424 1061; x_wconf 87' lang='lat' dir='ltr'>numerasse</span> <span class='ocrx_word' id='word_1_64' title='bbox 437 1000 643 1079; x_wconf 88' lang='lat' dir='ltr'>constet—qui</span> <span class='ocrx_word' id='word_1_65' title='bbox 657 1001 747 1073; x_wconf 91' lang='lat' dir='ltr'>enim,</span> <span class='ocrx_word' id='word_1_66' title='bbox 760 1000 856 1061; x_wconf 76' lang='lat' dir='ltr'>nister</span> <span class='ocrx_word' id='word_1_67' title='bbox 868 1011 1004 1061; x_wconf 85' lang='lat' dir='ltr'>coactum</span> <span class='ocrx_word' id='word_1_68' title='bbox 1023 1001 1138 1075; x_wconf 81' lang='lat' dir='ltr'>fuisset,</span> <span class='ocrx_word' id='word_1_69' title='bbox 1152 1011 1184 1061; x_wconf 91' lang='lat' dir='ltr'>et</span> <span class='ocrx_word' id='word_1_70' title='bbox 1201 1001 1246 1062; x_wconf 91' lang='lat' dir='ltr'>eis</span> <span class='ocrx_word' id='word_1_71' title='bbox 1266 1022 1286 1063; x_wconf 94' lang='lat' dir='ltr'>a</span> <span class='ocrx_word' id='word_1_72' title='bbox 1307 1022 1352 1063; x_wconf 86' lang='lat' dir='ltr'>me</span> 
     </span>
     <span class='ocr_line' id='line_1_9' title="bbox 255 1091 1434 1173; baseline 0.003 -20"><span class='ocrx_word' id='word_1_73' title='bbox 255 1092 472 1165; x_wconf 82' lang='lat' dir='ltr'>demineiatum,</span> <span class='ocrx_word' id='word_1_74' title='bbox 487 1093 585 1155; x_wconf 89' lang='lat' dir='ltr'>stetim</span> <span class='ocrx_word' id='word_1_75' title='bbox 599 1092 944 1173; x_wconf 81' lang='lat' dir='ltr'>recepissentI-harum</span> <span class='ocrx_word' id='word_1_76' title='bbox 965 1112 1060 1154; x_wconf 86' lang='lat' dir='ltr'>rerum</span> <span class='ocrx_word' id='word_1_77' title='bbox 1083 1092 1252 1155; x_wconf 85' lang='lat' dir='ltr'>testimonia</span> <span class='ocrx_word' id='word_1_78' title='bbox 1270 1095 1354 1156; x_wconf 88' lang='lat' dir='ltr'>vobis</span> <span class='ocrx_word' id='word_1_79' title='bbox 1430 1091 1434 1099; x_wconf 54' lang='lat'><strong>⁴</strong></span> 
     </span>
     <span class='ocr_line' id='line_1_10' title="bbox 253 1186 460 1249; baseline 0 -3"><span class='ocrx_word' id='word_1_80' title='bbox 253 1186 460 1249; x_wconf 86' lang='lat' dir='ltr'>recitabuntur.</span> 
     </span>
    </p>
   </div>
   <div class='ocr_carea' id='block_1_3' title="bbox 670 1402 995 1468">
    <p class='ocr_par' dir='ltr' id='par_1_3' title="bbox 670 1402 995 1468">
     <span class='ocr_line' id='line_1_11' title="bbox 670 1402 995 1468; baseline 0.012 -5"><span class='ocrx_word' id='word_1_81' title='bbox 670 1402 939 1468; x_wconf 83' lang='lat' dir='ltr'><strong>TESTIMONIA.</strong></span> <span class='ocrx_word' id='word_1_82' title='bbox 986 1452 995 1467; x_wconf 85' lang='lat'><strong>.</strong></span> 
     </span>
    </p>
   </div>
   <div class='ocr_carea' id='block_1_4' title="bbox 183 1548 1353 1907">
    <p class='ocr_par' dir='ltr' id='par_1_4' title="bbox 183 1548 1353 1907">
     <span class='ocr_line' id='line_1_12' title="bbox 298 1548 1352 1632; baseline 0.002 -23"><span class='ocrx_word' id='word_1_83' title='bbox 298 1553 345 1611; x_wconf 80' lang='lat' dir='ltr'>le.</span> <span class='ocrx_word' id='word_1_84' title='bbox 367 1550 444 1609; x_wconf 87' lang='lat' dir='ltr'>Cum</span> <span class='ocrx_word' id='word_1_85' title='bbox 457 1558 565 1622; x_wconf 89' lang='lat' dir='ltr'>autem,</span> <span class='ocrx_word' id='word_1_86' title='bbox 575 1558 768 1629; x_wconf 75' lang='lat' dir='ltr'>posteaquam</span> <span class='ocrx_word' id='word_1_87' title='bbox 778 1548 820 1608; x_wconf 91' lang='lat' dir='ltr'>eis</span> <span class='ocrx_word' id='word_1_88' title='bbox 829 1549 1049 1624; x_wconf 74' lang='lat' dir='ltr'>denunciatum,</span> <span class='ocrx_word' id='word_1_89' title='bbox 1059 1548 1190 1623; x_wconf 84' lang='lat' dir='ltr'>ludices,</span> <span class='ocrx_word' id='word_1_90' title='bbox 1202 1560 1238 1611; x_wconf 94' lang='lat' dir='ltr'>ut</span> <span class='ocrx_word' id='word_1_91' title='bbox 1250 1570 1352 1632; x_wconf 86' lang='lat' dir='ltr'>anum,</span> 
     </span>
     <span class='ocr_line' id='line_1_13' title="bbox 253 1641 1351 1725; baseline 0.002 -22"><span class='ocrx_word' id='word_1_92' title='bbox 253 1663 343 1725; x_wconf 87' lang='lat' dir='ltr'>quam</span> <span class='ocrx_word' id='word_1_93' title='bbox 352 1644 428 1703; x_wconf 87' lang='lat' dir='ltr'>male</span> <span class='ocrx_word' id='word_1_94' title='bbox 439 1644 624 1713; x_wconf 86' lang='lat' dir='ltr'>mulctarent,</span> <span class='ocrx_word' id='word_1_95' title='bbox 638 1641 776 1702; x_wconf 80' lang='lat' dir='ltr'>adductis</span> <span class='ocrx_word' id='word_1_96' title='bbox 785 1643 905 1703; x_wconf 92' lang='lat' dir='ltr'>medicis</span> <span class='ocrx_word' id='word_1_97' title='bbox 917 1654 1062 1716; x_wconf 88' lang='lat' dir='ltr'>curarent,</span> <span class='ocrx_word' id='word_1_98' title='bbox 1072 1664 1133 1704; x_wconf 90' lang='lat' dir='ltr'>rem</span> <span class='ocrx_word' id='word_1_99' title='bbox 1147 1644 1351 1724; x_wconf 84' lang='lat' dir='ltr'>neglexerunt,</span> 
     </span>
     <span class='ocr_line' id='line_1_14' title="bbox 254 1736 1353 1819; baseline 0.002 -21"><span class='ocrx_word' id='word_1_100' title='bbox 254 1756 311 1816; x_wconf 78' lang='lat' dir='ltr'>ego</span> <span class='ocrx_word' id='word_1_101' title='bbox 324 1736 386 1817; x_wconf 90' lang='lat' dir='ltr'>ipse</span> <span class='ocrx_word' id='word_1_102' title='bbox 400 1736 546 1797; x_wconf 90' lang='lat' dir='ltr'>medicum</span> <span class='ocrx_word' id='word_1_103' title='bbox 562 1756 620 1816; x_wconf 93' lang='lat' dir='ltr'>quo</span> <span class='ocrx_word' id='word_1_104' title='bbox 635 1736 744 1801; x_wconf 92' lang='lat' dir='ltr'>multos</span> <span class='ocrx_word' id='word_1_105' title='bbox 758 1756 852 1797; x_wconf 88' lang='lat' dir='ltr'>annos</span> <span class='ocrx_word' id='word_1_106' title='bbox 865 1738 978 1797; x_wconf 86' lang='lat' dir='ltr'>fueram</span> <span class='ocrx_word' id='word_1_107' title='bbox 999 1758 1080 1811; x_wconf 89' lang='lat' dir='ltr'>usus,</span> <span class='ocrx_word' id='word_1_108' title='bbox 1093 1739 1143 1816; x_wconf 88' lang='lat' dir='ltr'>qui</span> <span class='ocrx_word' id='word_1_109' title='bbox 1166 1758 1233 1798; x_wconf 89' lang='lat' dir='ltr'>eam</span> <span class='ocrx_word' id='word_1_110' title='bbox 1258 1760 1353 1819; x_wconf 81' lang='lat' dir='ltr'>aegro-</span> 
     </span>
     <span class='ocr_line' id='line_1_15' title="bbox 183 1828 1353 1907; baseline -0.001 -14"><span class='ocrx_word' id='word_1_111' title='bbox 183 1888 185 1893; x_wconf 91' lang='lat'><em>.</em></span> <span class='ocrx_word' id='word_1_112' title='bbox 253 1841 366 1891; x_wconf 85' lang='lat' dir='ltr'>tentem</span> <span class='ocrx_word' id='word_1_113' title='bbox 386 1839 512 1903; x_wconf 86' lang='lat' dir='ltr'>cureret,</span> <span class='ocrx_word' id='word_1_114' title='bbox 534 1828 694 1899; x_wconf 84' lang='lat' dir='ltr'>accersivi;</span> <span class='ocrx_word' id='word_1_115' title='bbox 714 1830 799 1907; x_wconf 92' lang='lat' dir='ltr'>eique</span> <span class='ocrx_word' id='word_1_116' title='bbox 822 1839 856 1889; x_wconf 93' lang='lat' dir='ltr'>ut</span> <span class='ocrx_word' id='word_1_117' title='bbox 875 1829 927 1889; x_wconf 90' lang='lat' dir='ltr'>illa</span> <span class='ocrx_word' id='word_1_118' title='bbox 944 1828 1050 1889; x_wconf 84' lang='lat' dir='ltr'>affecta</span> <span class='ocrx_word' id='word_1_119' title='bbox 1069 1840 1150 1891; x_wconf 89' lang='lat' dir='ltr'>esset</span> <span class='ocrx_word' id='word_1_120' title='bbox 1162 1831 1287 1894; x_wconf 88' lang='lat' dir='ltr'>testibus</span> <span class='ocrx_word' id='word_1_121' title='bbox 1301 1833 1353 1892; x_wconf 87' lang='lat' dir='ltr'>ad-</span> 
     </span>
    </p>
   </div>
   <div class='ocr_carea' id='block_1_5' title="bbox 254 1922 1459 2002">
    <p class='ocr_par' dir='ltr' id='par_1_5' title="bbox 254 1922 1459 2002">
     <span class='ocr_line' id='line_1_16' title="bbox 254 1922 1459 2002; baseline 0 -19"><span class='ocrx_word' id='word_1_122' title='bbox 254 1923 352 1983; x_wconf 88' lang='lat' dir='ltr'>ductis</span> <span class='ocrx_word' id='word_1_123' title='bbox 363 1923 488 1984; x_wconf 88' lang='lat' dir='ltr'>ostendi.</span> <span class='ocrx_word' id='word_1_124' title='bbox 518 1922 621 2002; x_wconf 89' lang='lat' dir='ltr'>Equo.</span> <span class='ocrx_word' id='word_1_125' title='bbox 630 1940 698 1982; x_wconf 90' lang='lat' dir='ltr'>cum</span> <span class='ocrx_word' id='word_1_126' title='bbox 713 1922 874 1994; x_wconf 85' lang='lat' dir='ltr'>audissem,</span> <span class='ocrx_word' id='word_1_127' title='bbox 884 1922 1008 2000; x_wconf 80' lang='lat' dir='ltr'>graviter</span> <span class='ocrx_word' id='word_1_128' title='bbox 1018 1942 1083 1982; x_wconf 89' lang='lat' dir='ltr'>eam</span> <span class='ocrx_word' id='word_1_129' title='bbox 1094 1922 1238 1997; x_wconf 87' lang='lat' dir='ltr'>laborare,</span> <span class='ocrx_word' id='word_1_130' title='bbox 1253 1944 1287 1984; x_wconf 89' lang='lat' dir='ltr'>ac</span> <span class='ocrx_word' id='word_1_131' title='bbox 1300 1925 1352 1985; x_wconf 88' lang='lat' dir='ltr'>de·</span> <span class='ocrx_word' id='word_1_132' title='bbox 1458 1925 1459 2000; x_wconf 42' lang='grc' dir='ltr'>ζ</span> 
     </span>
    </p>
   </div>
   <div class='ocr_carea' id='block_1_6' title="bbox 252 2013 1459 2362">
    <p class='ocr_par' dir='ltr' id='par_1_6' title="bbox 252 2013 1459 2362">
     <span class='ocr_line' id='line_1_17' title="bbox 252 2013 1354 2096; baseline 0.002 -21"><span class='ocrx_word' id='word_1_133' title='bbox 252 2016 367 2096; x_wconf 88' lang='lat' dir='ltr'>plorata</span> <span class='ocrx_word' id='word_1_134' title='bbox 386 2035 451 2076; x_wconf 88' lang='lat' dir='ltr'>esse</span> <span class='ocrx_word' id='word_1_135' title='bbox 473 2014 650 2085; x_wconf 87' lang='lat' dir='ltr'>valetudine,</span> <span class='ocrx_word' id='word_1_136' title='bbox 663 2033 764 2075; x_wconf 85' lang='lat' dir='ltr'>rursus</span> <span class='ocrx_word' id='word_1_137' title='bbox 784 2013 849 2075; x_wconf 91' lang='lat' dir='ltr'>aliis</span> <span class='ocrx_word' id='word_1_138' title='bbox 869 2014 993 2074; x_wconf 89' lang='lat' dir='ltr'>testibus</span> <span class='ocrx_word' id='word_1_139' title='bbox 1009 2014 1156 2086; x_wconf 84' lang='lat' dir='ltr'>adhibitis,</span> <span class='ocrx_word' id='word_1_140' title='bbox 1170 2016 1219 2075; x_wconf 52' lang='lat' dir='ltr'>eis,</span> <span class='ocrx_word' id='word_1_141' title='bbox 1238 2019 1354 2077; x_wconf 91' lang='lat' dir='ltr'>ostendi</span> 
     </span>
     <span class='ocr_line' id='line_1_18' title="bbox 253 2106 1459 2186; baseline 0.002 -17"><span class='ocrx_word' id='word_1_142' title='bbox 253 2118 288 2169; x_wconf 90' lang='lat' dir='ltr'>ut</span> <span class='ocrx_word' id='word_1_143' title='bbox 301 2108 406 2169; x_wconf 81' lang='lat' dir='ltr'>effecta</span> <span class='ocrx_word' id='word_1_144' title='bbox 419 2120 507 2180; x_wconf 88' lang='lat' dir='ltr'>esset,</span> <span class='ocrx_word' id='word_1_145' title='bbox 524 2118 555 2167; x_wconf 88' lang='lat' dir='ltr'>et</span> <span class='ocrx_word' id='word_1_146' title='bbox 567 2107 631 2167; x_wconf 88' lang='lat' dir='ltr'>istis</span> <span class='ocrx_word' id='word_1_147' title='bbox 649 2106 822 2167; x_wconf 86' lang='lat' dir='ltr'>denunciavi</span> <span class='ocrx_word' id='word_1_148' title='bbox 841 2117 876 2166; x_wconf 93' lang='lat' dir='ltr'>ut</span> <span class='ocrx_word' id='word_1_149' title='bbox 892 2126 957 2167; x_wconf 91' lang='lat' dir='ltr'>eam</span> <span class='ocrx_word' id='word_1_150' title='bbox 969 2117 1115 2167; x_wconf 87' lang='lat' dir='ltr'>curarent.</span> <span class='ocrx_word' id='word_1_151' title='bbox 1149 2109 1242 2169; x_wconf 86' lang='lat' dir='ltr'>Sexto</span> <span class='ocrx_word' id='word_1_152' title='bbox 1255 2120 1354 2171; x_wconf 88' lang='lat' dir='ltr'>autem</span> <span class='ocrx_word' id='word_1_153' title='bbox 1458 2179 1459 2186; x_wconf 8' lang='grc' dir='ltr'>ἵ</span> 
     </span>
     <span class='ocr_line' id='line_1_19' title="bbox 253 2193 1459 2281; baseline 0.002 -20"><span class='ocrx_word' id='word_1_154' title='bbox 253 2201 312 2271; x_wconf 88' lang='lat' dir='ltr'>die,</span> <span class='ocrx_word' id='word_1_155' title='bbox 328 2210 485 2281; x_wconf 86' lang='lat' dir='ltr'>postquam</span> <span class='ocrx_word' id='word_1_156' title='bbox 494 2199 542 2258; x_wconf 89' lang='lat' dir='ltr'>isti</span> <span class='ocrx_word' id='word_1_157' title='bbox 556 2198 585 2257; x_wconf 89' lang='lat' dir='ltr'>in</span> <span class='ocrx_word' id='word_1_158' title='bbox 600 2197 680 2258; x_wconf 84' lang='lat' dir='ltr'>aedes</span> <span class='ocrx_word' id='word_1_159' title='bbox 694 2198 820 2277; x_wconf 81' lang='lat' dir='ltr'>ingressi</span> <span class='ocrx_word' id='word_1_160' title='bbox 831 2198 957 2270; x_wconf 85' lang='lat' dir='ltr'>fuerant,</span> <span class='ocrx_word' id='word_1_161' title='bbox 971 2198 1044 2258; x_wconf 91' lang='lat' dir='ltr'>obiit</span> <span class='ocrx_word' id='word_1_162' title='bbox 1057 2200 1155 2260; x_wconf 74' lang='lat' dir='ltr'>nuhix</span> <span class='ocrx_word' id='word_1_163' title='bbox 1167 2220 1244 2262; x_wconf 89' lang='lat' dir='ltr'>mea.</span> <span class='ocrx_word' id='word_1_164' title='bbox 1278 2202 1354 2271; x_wconf 85' lang='lat' dir='ltr'>Qure</span> <span class='ocrx_word' id='word_1_165' title='bbox 1458 2193 1459 2246; x_wconf 70' lang='lat' dir='ltr'>l</span> 
     </span>
     <span class='ocr_line' id='line_1_20' title="bbox 254 2291 1112 2362; baseline -0.002 -7"><span class='ocrx_word' id='word_1_166' title='bbox 254 2305 287 2355; x_wconf 91' lang='lat' dir='ltr'>ut</span> <span class='ocrx_word' id='word_1_167' title='bbox 297 2312 375 2355; x_wconf 56' lang='lat' dir='ltr'>&#39;vera</span> <span class='ocrx_word' id='word_1_168' title='bbox 388 2313 454 2353; x_wconf 88' lang='lat' dir='ltr'>esse</span> <span class='ocrx_word' id='word_1_169' title='bbox 472 2300 598 2362; x_wconf 88' lang='lat' dir='ltr'>constet,</span> <span class='ocrx_word' id='word_1_170' title='bbox 611 2291 780 2352; x_wconf 90' lang='lat' dir='ltr'>testimonia</span> <span class='ocrx_word' id='word_1_171' title='bbox 797 2292 881 2352; x_wconf 89' lang='lat' dir='ltr'>vobis</span> <span class='ocrx_word' id='word_1_172' title='bbox 901 2292 1112 2354; x_wconf 86' lang='lat' dir='ltr'>recitabuntur.</span> 
     </span>
    </p>
   </div>
   <div class='ocr_carea' id='block_1_7' title="bbox 677 2523 943 2586">
    <p class='ocr_par' dir='ltr' id='par_1_7' title="bbox 677 2523 943 2586">
     <span class='ocr_line' id='line_1_21' title="bbox 677 2523 943 2586; baseline 0.015 -5"><span class='ocrx_word' id='word_1_173' title='bbox 677 2523 943 2586; x_wconf 83' lang='lat' dir='ltr'><strong>TESTIMONIA.</strong></span> 
     </span>
    </p>
   </div>
   <div class='ocr_carea' id='block_1_8' title="bbox 251 2665 1458 4054">
    <p class='ocr_par' dir='ltr' id='par_1_8' title="bbox 251 2665 1458 4054">
     <span class='ocr_line' id='line_1_22' title="bbox 255 2665 1458 2755; baseline 0.007 -27"><span class='ocrx_word' id='word_1_174' title='bbox 255 2668 300 2728; x_wconf 81' lang='lat' dir='ltr'>Fa</span> <span class='ocrx_word' id='word_1_175' title='bbox 312 2667 453 2728; x_wconf 82' lang='lat' dir='ltr'>defuncta</span> <span class='ocrx_word' id='word_1_176' title='bbox 461 2666 680 2745; x_wconf 83' lang='lat' dir='ltr'>jureconsultos</span> <span class='ocrx_word' id='word_1_177' title='bbox 695 2665 767 2739; x_wconf 83' lang='lat' dir='ltr'>adii,</span> <span class='ocrx_word' id='word_1_178' title='bbox 777 2677 811 2725; x_wconf 92' lang='lat' dir='ltr'>ut</span> <span class='ocrx_word' id='word_1_179' title='bbox 822 2685 1031 2746; x_wconf 78' lang='lat' dir='ltr'>cognoscerem</span> <span class='ocrx_word' id='word_1_180' title='bbox 1045 2669 1118 2751; x_wconf 91' lang='lat' dir='ltr'>quid</span> <span class='ocrx_word' id='word_1_181' title='bbox 1133 2689 1170 2732; x_wconf 89' lang='lat' dir='ltr'>ea</span> <span class='ocrx_word' id='word_1_182' title='bbox 1187 2672 1260 2733; x_wconf 84' lang='lat' dir='ltr'>mihi</span> <span class='ocrx_word' id='word_1_183' title='bbox 1272 2674 1309 2735; x_wconf 87' lang='lat' dir='ltr'>de</span> <span class='ocrx_word' id='word_1_184' title='bbox 1320 2695 1355 2737; x_wconf 89' lang='lat' dir='ltr'>re</span> <span class='ocrx_word' id='word_1_185' title='bbox 1457 2732 1458 2755; x_wconf 19' lang='grc' dir='ltr'>ἶ</span> 
     </span>
     <span class='ocr_line' id='line_1_23' title="bbox 253 2759 1356 2842; baseline 0.008 -22"><span class='ocrx_word' id='word_1_186' title='bbox 253 2761 419 2822; x_wconf 80' lang='lat' dir='ltr'>laciendum</span> <span class='ocrx_word' id='word_1_187' title='bbox 428 2769 519 2828; x_wconf 88' lang='lat' dir='ltr'>esset,</span> <span class='ocrx_word' id='word_1_188' title='bbox 532 2770 563 2820; x_wconf 92' lang='lat' dir='ltr'>et</span> <span class='ocrx_word' id='word_1_189' title='bbox 575 2759 616 2818; x_wconf 91' lang='lat' dir='ltr'>eis</span> <span class='ocrx_word' id='word_1_190' title='bbox 630 2779 748 2820; x_wconf 85' lang='lat' dir='ltr'>omnem</span> <span class='ocrx_word' id='word_1_191' title='bbox 763 2764 1096 2842; x_wconf 80' lang='lat' dir='ltr'>rem-gestamexposui,</span> <span class='ocrx_word' id='word_1_192' title='bbox 1111 2763 1272 2826; x_wconf 88' lang='lat' dir='ltr'>adventum</span> <span class='ocrx_word' id='word_1_193' title='bbox 1285 2768 1356 2829; x_wconf 91' lang='lat' dir='ltr'>isto-</span> 
     </span>
     <span class='ocr_line' id='line_1_24' title="bbox 253 2851 1355 2939; baseline 0.005 -24"><span class='ocrx_word' id='word_1_194' title='bbox 253 2873 328 2926; x_wconf 88' lang='lat' dir='ltr'>rum,</span> <span class='ocrx_word' id='word_1_195' title='bbox 342 2863 388 2923; x_wconf 84' lang='lat' dir='ltr'>et,</span> <span class='ocrx_word' id='word_1_196' title='bbox 396 2851 631 2914; x_wconf 87' lang='lat' dir='ltr'>benevolentiam</span> <span class='ocrx_word' id='word_1_197' title='bbox 644 2852 785 2925; x_wconf 88' lang='lat' dir='ltr'>mulieris,</span> <span class='ocrx_word' id='word_1_198' title='bbox 798 2861 830 2912; x_wconf 91' lang='lat' dir='ltr'>et</span> <span class='ocrx_word' id='word_1_199' title='bbox 845 2862 891 2912; x_wconf 88' lang='lat' dir='ltr'>ut.</span> <span class='ocrx_word' id='word_1_200' title='bbox 900 2872 966 2913; x_wconf 90' lang='lat' dir='ltr'>earn</span> <span class='ocrx_word' id='word_1_201' title='bbox 986 2854 1017 2913; x_wconf 94' lang='lat' dir='ltr'>in</span> <span class='ocrx_word' id='word_1_202' title='bbox 1038 2855 1153 2915; x_wconf 76' lang='lat' dir='ltr'>aedibus</span> <span class='ocrx_word' id='word_1_203' title='bbox 1174 2857 1355 2939; x_wconf 79' lang='lat' dir='ltr'>habuissem,</span> 
     </span>
     <span class='ocr_line' id='line_1_25' title="bbox 253 2945 1357 3028; baseline 0.005 -20"><span class='ocrx_word' id='word_1_204' title='bbox 253 2958 284 3009; x_wconf 91' lang='lat' dir='ltr'>et</span> <span class='ocrx_word' id='word_1_205' title='bbox 297 2957 330 3007; x_wconf 92' lang='lat' dir='ltr'>ut</span> <span class='ocrx_word' id='word_1_206' title='bbox 344 2957 461 3028; x_wconf 88' lang='lat' dir='ltr'>propter</span> <span class='ocrx_word' id='word_1_207' title='bbox 474 2945 619 3027; x_wconf 83' lang='lat' dir='ltr'>cymbium</span> <span class='ocrx_word' id='word_1_208' title='bbox 633 2954 777 3005; x_wconf 89' lang='lat' dir='ltr'>retentum</span> <span class='ocrx_word' id='word_1_209' title='bbox 791 2946 923 3005; x_wconf 88' lang='lat' dir='ltr'>obiisset.</span> <span class='ocrx_word' id='word_1_210' title='bbox 936 2994 939 3000; x_wconf 80' lang='grc'><em>,</em></span> <span class='ocrx_word' id='word_1_211' title='bbox 966 2947 1022 3006; x_wconf 90' lang='lat' dir='ltr'>His</span> <span class='ocrx_word' id='word_1_212' title='bbox 1031 2947 1235 3027; x_wconf 87' lang='lat' dir='ltr'>jureconsulti.</span> <span class='ocrx_word' id='word_1_213' title='bbox 1247 2953 1357 3014; x_wconf 88' lang='lat' dir='ltr'>auditis</span> 
     </span>
     <span class='ocr_line' id='line_1_26' title="bbox 252 3037 1355 3120; baseline 0.003 -18"><span class='ocrx_word' id='word_1_214' title='bbox 252 3061 301 3104; x_wconf 88' lang='lat' dir='ltr'>me</span> <span class='ocrx_word' id='word_1_215' title='bbox 319 3041 550 3120; x_wconf 82' lang='lat' dir='ltr'>interrogarunt,</span> <span class='ocrx_word' id='word_1_216' title='bbox 574 3047 719 3098; x_wconf 39' lang='lat' dir='ltr'>utrumne,</span> <span class='ocrx_word' id='word_1_217' title='bbox 730 3037 801 3096; x_wconf 90' lang='lat' dir='ltr'>rnihi</span> <span class='ocrx_word' id='word_1_218' title='bbox 816 3039 854 3098; x_wconf 91' lang='lat' dir='ltr'>de</span> <span class='ocrx_word' id='word_1_219' title='bbox 868 3040 934 3117; x_wconf 86' lang='lat' dir='ltr'>jure</span> <span class='ocrx_word' id='word_1_220' title='bbox 948 3038 1095 3101; x_wconf 84' lang='lat' dir='ltr'>duntaxat</span> <span class='ocrx_word' id='word_1_221' title='bbox 1106 3042 1355 3120; x_wconf 78' lang='lat' dir='ltr'>‚responderi,:an</span> 
     </span>
     <span class='ocr_line' id='line_1_27' title="bbox 253 3130 1356 3216; baseline 0.004 -20"><span class='ocrx_word' id='word_1_222' title='bbox 253 3135 342 3196; x_wconf 86' lang='lat' dir='ltr'>etiam</span> <span class='ocrx_word' id='word_1_223' title='bbox 361 3134 519 3194; x_wconf 86' lang='lat' dir='ltr'>consilium</span> <span class='ocrx_word' id='word_1_224' title='bbox 541 3130 604 3192; x_wconf 87' lang='lat' dir='ltr'>dari</span> <span class='ocrx_word' id='word_1_225' title='bbox 619 3130 741 3191; x_wconf 72' lang='lat' dir='ltr'>vellem?</span> <span class='ocrx_word' id='word_1_226' title='bbox 763 3130 815 3190; x_wconf 89' lang='lat' dir='ltr'>Me</span> <span class='ocrx_word' id='word_1_227' title='bbox 829 3132 1026 3212; x_wconf 83' lang='lat' dir='ltr'>respondente</span> <span class='ocrx_word' id='word_1_228' title='bbox 1046 3143 1215 3216; x_wconf 89' lang='lat' dir='ltr'>utrumque,</span> <span class='ocrx_word' id='word_1_229' title='bbox 1232 3139 1356 3216; x_wconf 89' lang='lat' dir='ltr'>proinde</span> 
     </span>
     <span class='ocr_line' id='line_1_28' title="bbox 252 3223 1355 3311; baseline 0.003 -23"><span class='ocrx_word' id='word_1_230' title='bbox 252 3229 305 3288; x_wconf 89' lang='lat' dir='ltr'>tibi</span> <span class='ocrx_word' id='word_1_231' title='bbox 317 3227 483 3306; x_wconf 70' lang='lat' dir='ltr'>etdejure,</span> <span class='ocrx_word' id='word_1_232' title='bbox 498 3225 642 3305; x_wconf 90' lang='lat' dir='ltr'>inquiunt,</span> <span class='ocrx_word' id='word_1_233' title='bbox 656 3223 909 3304; x_wconf 84' lang='lat' dir='ltr'>respondebimus,</span> <span class='ocrx_word' id='word_1_234' title='bbox 922 3236 954 3285; x_wconf 88' lang='lat' dir='ltr'>et</span> <span class='ocrx_word' id='word_1_235' title='bbox 971 3226 1055 3286; x_wconf 89' lang='lat' dir='ltr'>utilia</span> <span class='ocrx_word' id='word_1_236' title='bbox 1066 3229 1275 3290; x_wconf 86' lang='lat' dir='ltr'>consulemus:</span> <span class='ocrx_word' id='word_1_237' title='bbox 1296 3233 1355 3311; x_wconf 91' lang='lat' dir='ltr'>pri-</span> 
     </span>
     <span class='ocr_line' id='line_1_29' title="bbox 252 3316 1356 3403; baseline 0.004 -23"><span class='ocrx_word' id='word_1_238' title='bbox 252 3339 334 3380; x_wconf 85' lang='lat' dir='ltr'>mum</span> <span class='ocrx_word' id='word_1_239' title='bbox 347 3329 381 3380; x_wconf 91' lang='lat' dir='ltr'>ut</span> <span class='ocrx_word' id='word_1_240' title='bbox 392 3321 433 3378; x_wconf 87' lang='lat' dir='ltr'>in.</span> <span class='ocrx_word' id='word_1_241' title='bbox 442 3317 590 3378; x_wconf 81' lang='lat' dir='ltr'>efferendo</span> <span class='ocrx_word' id='word_1_242' title='bbox 603 3318 707 3377; x_wconf 84' lang='lat' dir='ltr'>funere</span> <span class='ocrx_word' id='word_1_243' title='bbox 719 3316 836 3377; x_wconf 87' lang='lat' dir='ltr'>hastam</span> <span class='ocrx_word' id='word_1_244' title='bbox 850 3317 1002 3392; x_wconf 87' lang='lat' dir='ltr'>adhibeas,</span> <span class='ocrx_word' id='word_1_245' title='bbox 1011 3329 1043 3378; x_wconf 88' lang='lat' dir='ltr'>et</span> <span class='ocrx_word' id='word_1_246' title='bbox 1052 3320 1090 3379; x_wconf 90' lang='lat' dir='ltr'>ad</span> <span class='ocrx_word' id='word_1_247' title='bbox 1103 3321 1356 3403; x_wconf 72' lang='lat' dir='ltr'>sepulcmm³pro=</span> 
     </span>
     <span class='ocr_line' id='line_1_30' title="bbox 252 3410 1356 3492; baseline 0.005 -20"><span class='ocrx_word' id='word_1_248' title='bbox 252 3411 413 3484; x_wconf 64' lang='lat' dir='ltr'>clamespsi</span> <span class='ocrx_word' id='word_1_249' title='bbox 432 3412 498 3490; x_wconf 89' lang='lat' dir='ltr'>quis</span> <span class='ocrx_word' id='word_1_250' title='bbox 518 3412 545 3471; x_wconf 87' lang='lat' dir='ltr'>ei</span> <span class='ocrx_word' id='word_1_251' title='bbox 557 3411 608 3470; x_wconf 89' lang='lat' dir='ltr'>sit</span> <span class='ocrx_word' id='word_1_252' title='bbox 629 3419 791 3490; x_wconf 73' lang='lat' dir='ltr'>cognatus:</span> <span class='ocrx_word' id='word_1_253' title='bbox 814 3410 921 3472; x_wconf 87' lang='lat' dir='ltr'>deinde</span> <span class='ocrx_word' id='word_1_254' title='bbox 941 3422 974 3472; x_wconf 88' lang='lat' dir='ltr'>ut</span> <span class='ocrx_word' id='word_1_255' title='bbox 991 3412 1211 3492; x_wconf 63' lang='lat' dir='ltr'>sepulcrumssad</span> <span class='ocrx_word' id='word_1_256' title='bbox 1226 3416 1356 3478; x_wconf 86' lang='lat' dir='ltr'>triduum</span> 
     </span>
     <span class='ocr_line' id='line_1_31' title="bbox 252 3501 1355 3584; baseline 0.004 -18"><span class='ocrx_word' id='word_1_257' title='bbox 252 3503 414 3566; x_wconf 88' lang='lat' dir='ltr'>custodies.</span> <span class='ocrx_word' id='word_1_258' title='bbox 443 3503 532 3562; x_wconf 74' lang='lat' dir='ltr'>¹llaec</span> <span class='ocrx_word' id='word_1_259' title='bbox 540 3501 599 3562; x_wconf 88' lang='lat' dir='ltr'>tihi</span> <span class='ocrx_word' id='word_1_260' title='bbox 614 3501 783 3571; x_wconf 86' lang='lat' dir='ltr'>suademus,</span> <span class='ocrx_word' id='word_1_261' title='bbox 798 3503 918 3581; x_wconf 88' lang='lat' dir='ltr'>quaudo</span> <span class='ocrx_word' id='word_1_262' title='bbox 927 3504 991 3584; x_wconf 90' lang='lat' dir='ltr'>ipse</span> <span class='ocrx_word' id='word_1_263' title='bbox 1005 3523 1066 3564; x_wconf 89' lang='lat' dir='ltr'>uon</span> <span class='ocrx_word' id='word_1_264' title='bbox 1079 3505 1199 3579; x_wconf 80' lang='lat' dir='ltr'>affuisti,</span> <span class='ocrx_word' id='word_1_265' title='bbox 1213 3509 1355 3570; x_wconf 86' lang='lat' dir='ltr'>seduxor</span> 
     </span>
     <span class='ocr_line' id='line_1_32' title="bbox 253 3593 1356 3672; baseline 0.006 -16"><span class='ocrx_word' id='word_1_266' title='bbox 253 3596 398 3657; x_wconf 84' lang='lat' dir='ltr'>duntaxat</span> <span class='ocrx_word' id='word_1_267' title='bbox 410 3604 446 3654; x_wconf 85' lang='lat' dir='ltr'>et.</span> <span class='ocrx_word' id='word_1_268' title='bbox 453 3594 538 3655; x_wconf 91' lang='lat' dir='ltr'>liberi</span> <span class='ocrx_word' id='word_1_269' title='bbox 557 3593 610 3667; x_wconf 90' lang='lat' dir='ltr'>tui,</span> <span class='ocrx_word' id='word_1_270' title='bbox 623 3593 730 3672; x_wconf 82' lang='lat' dir='ltr'>aliique</span> <span class='ocrx_word' id='word_1_271' title='bbox 740 3604 833 3656; x_wconf 88' lang='lat' dir='ltr'>testes</span> <span class='ocrx_word' id='word_1_272' title='bbox 846 3595 900 3656; x_wconf 88' lang='lat' dir='ltr'>tibi</span> <span class='ocrx_word' id='word_1_273' title='bbox 912 3615 973 3657; x_wconf 91' lang='lat' dir='ltr'>non</span> <span class='ocrx_word' id='word_1_274' title='bbox 987 3606 1068 3671; x_wconf 90' lang='lat' dir='ltr'>suut,</span> <span class='ocrx_word' id='word_1_275' title='bbox 1087 3607 1120 3658; x_wconf 92' lang='lat' dir='ltr'>ut</span> <span class='ocrx_word' id='word_1_276' title='bbox 1139 3600 1287 3662; x_wconf 88' lang='lat' dir='ltr'>neminem</span> <span class='ocrx_word' id='word_1_277' title='bbox 1300 3623 1356 3663; x_wconf 87' lang='lat' dir='ltr'>no·</span> 
     </span>
     <span class='ocr_line' id='line_1_33' title="bbox 252 3687 1354 3774; baseline 0.005 -25"><span class='ocrx_word' id='word_1_278' title='bbox 252 3688 385 3750; x_wconf 81' lang='lat' dir='ltr'>micatim</span> <span class='ocrx_word' id='word_1_279' title='bbox 406 3687 489 3761; x_wconf 87' lang='lat' dir='ltr'>cites,</span> <span class='ocrx_word' id='word_1_280' title='bbox 503 3687 556 3748; x_wconf 88' lang='lat' dir='ltr'>sed</span> <span class='ocrx_word' id='word_1_281' title='bbox 577 3695 679 3747; x_wconf 88' lang='lat' dir='ltr'>sontes</span> <span class='ocrx_word' id='word_1_282' title='bbox 703 3696 733 3748; x_wconf 91' lang='lat' dir='ltr'>et</span> <span class='ocrx_word' id='word_1_283' title='bbox 753 3688 972 3750; x_wconf 78' lang='lat' dir='ltr'>interfectores:</span> <span class='ocrx_word' id='word_1_284' title='bbox 994 3689 1103 3752; x_wconf 89' lang='lat' dir='ltr'>deinde</span> <span class='ocrx_word' id='word_1_285' title='bbox 1125 3691 1167 3752; x_wconf 92' lang='lat' dir='ltr'>ad</span> <span class='ocrx_word' id='word_1_286' title='bbox 1189 3713 1354 3774; x_wconf 76' lang='lat' dir='ltr'>regemzne</span> 
     </span>
     <span class='ocr_line' id='line_1_34' title="bbox 253 3778 1355 3860; baseline 0.005 -18"><span class='ocrx_word' id='word_1_287' title='bbox 253 3781 385 3851; x_wconf 68' lang='lat' dir='ltr'>deferam</span> <span class='ocrx_word' id='word_1_288' title='bbox 406 3799 502 3860; x_wconf 87' lang='lat' dir='ltr'>neque</span> <span class='ocrx_word' id='word_1_289' title='bbox 525 3779 603 3841; x_wconf 91' lang='lat' dir='ltr'>enim</span> <span class='ocrx_word' id='word_1_290' title='bbox 628 3779 658 3838; x_wconf 91' lang='lat' dir='ltr'>id</span> <span class='ocrx_word' id='word_1_291' title='bbox 682 3778 749 3858; x_wconf 85' lang='lat' dir='ltr'>lege</span> <span class='ocrx_word' id='word_1_292' title='bbox 769 3781 823 3840; x_wconf 89' lang='lat' dir='ltr'>tibi</span> <span class='ocrx_word' id='word_1_293' title='bbox 843 3781 922 3845; x_wconf 84' lang='lat' dir='ltr'>licet.</span> <span class='ocrx_word' id='word_1_294' title='bbox 964 3783 1041 3842; x_wconf 85' lang='lat' dir='ltr'>Cum</span> <span class='ocrx_word' id='word_1_295' title='bbox 1063 3804 1080 3844; x_wconf 91' lang='lat' dir='ltr'>e</span> <span class='ocrx_word' id='word_1_296' title='bbox 1099 3795 1152 3846; x_wconf 88' lang='lat' dir='ltr'>tua</span> <span class='ocrx_word' id='word_1_297' title='bbox 1167 3785 1355 3848; x_wconf 79' lang='lat' dir='ltr'>familiamon</span> 
     </span>
     <span class='ocr_line' id='line_1_35' title="bbox 252 3871 1355 3959; baseline 0.005 -23"><span class='ocrx_word' id='word_1_298' title='bbox 252 3874 339 3936; x_wconf 74' lang='lat' dir='ltr'>luent</span> <span class='ocrx_word' id='word_1_299' title='bbox 360 3893 395 3934; x_wconf 88' lang='lat' dir='ltr'>ea</span> <span class='ocrx_word' id='word_1_300' title='bbox 415 3873 528 3944; x_wconf 89' lang='lat' dir='ltr'>mulier,</span> <span class='ocrx_word' id='word_1_301' title='bbox 541 3892 636 3952; x_wconf 87' lang='lat' dir='ltr'>neque</span> <span class='ocrx_word' id='word_1_302' title='bbox 650 3871 767 3946; x_wconf 87' lang='lat' dir='ltr'>ancilla,</span> <span class='ocrx_word' id='word_1_303' title='bbox 781 3873 807 3932; x_wconf 90' lang='lat' dir='ltr'>si</span> <span class='ocrx_word' id='word_1_304' title='bbox 822 3874 864 3934; x_wconf 87' lang='lat' dir='ltr'>ita</span> <span class='ocrx_word' id='word_1_305' title='bbox 878 3884 924 3934; x_wconf 89' lang='lat' dir='ltr'>est</span> <span class='ocrx_word' id='word_1_306' title='bbox 941 3885 975 3935; x_wconf 92' lang='lat' dir='ltr'>ut</span> <span class='ocrx_word' id='word_1_307' title='bbox 987 3885 1019 3936; x_wconf 89' lang='lat' dir='ltr'>tu</span> <span class='ocrx_word' id='word_1_308' title='bbox 1039 3876 1131 3938; x_wconf 87' lang='lat' dir='ltr'>dieis:</span> <span class='ocrx_word' id='word_1_309' title='bbox 1152 3878 1234 3959; x_wconf 82' lang='lat' dir='ltr'>leges</span> <span class='ocrx_word' id='word_1_310' title='bbox 1256 3891 1355 3942; x_wconf 87' lang='lat' dir='ltr'>antem</span> 
     </span>
     <span class='ocr_line' id='line_1_36' title="bbox 251 3964 1355 4054; baseline 0.005 -26"><span class='ocrx_word' id='word_1_311' title='bbox 251 3967 387 4048; x_wconf 83' lang='lat' dir='ltr'>cognatis</span> <span class='ocrx_word' id='word_1_312' title='bbox 401 3975 432 4026; x_wconf 91' lang='lat' dir='ltr'>et</span> <span class='ocrx_word' id='word_1_313' title='bbox 445 3964 569 4025; x_wconf 89' lang='lat' dir='ltr'>dominis</span> <span class='ocrx_word' id='word_1_314' title='bbox 585 3965 728 4050; x_wconf 76' lang='lat' dir='ltr'>actionem</span> <span class='ocrx_word' id='word_1_315' title='bbox 742 3965 824 4027; x_wconf 84' lang='lat' dir='ltr'>daut</span> <span class='ocrx_word' id='word_1_316' title='bbox 867 3966 1007 4041; x_wconf 89' lang='lat' dir='ltr'>Proinde,</span> <span class='ocrx_word' id='word_1_317' title='bbox 1023 3967 1050 4028; x_wconf 91' lang='lat' dir='ltr'>si</span> <span class='ocrx_word' id='word_1_318' title='bbox 1068 3970 1108 4030; x_wconf 92' lang='lat' dir='ltr'>ad</span> <span class='ocrx_word' id='word_1_319' title='bbox 1120 3970 1355 4054; x_wconf 87' lang='lat' dir='ltr'>Palladium-ju·</span> 
     </span>
    </p>
   </div>
   <div class='ocr_carea' id='block_1_9' title="bbox 154 4057 1355 4140">
    <p class='ocr_par' dir='ltr' id='par_1_9' title="bbox 154 4057 1355 4140">
     <span class='ocr_line' id='line_1_37' title="bbox 154 4057 1355 4140; baseline 0.005 -20"><span class='ocrx_word' id='word_1_320' title='bbox 154 4057 156 4061; x_wconf 76' lang='grc'><strong>’</strong></span> <span class='ocrx_word' id='word_1_321' title='bbox 249 4060 324 4121; x_wconf 85' lang='lat' dir='ltr'>reris</span> <span class='ocrx_word' id='word_1_322' title='bbox 347 4059 421 4139; x_wconf 89' lang='lat' dir='ltr'>ipse,</span> <span class='ocrx_word' id='word_1_323' title='bbox 444 4077 527 4129; x_wconf 84' lang='lat' dir='ltr'>uxor,</span> <span class='ocrx_word' id='word_1_324' title='bbox 551 4057 643 4128; x_wconf 87' lang='lat' dir='ltr'>liberi,</span> <span class='ocrx_word' id='word_1_325' title='bbox 663 4067 693 4118; x_wconf 93' lang='lat' dir='ltr'>et</span> <span class='ocrx_word' id='word_1_326' title='bbox 715 4077 769 4119; x_wconf 92' lang='lat' dir='ltr'>vos</span> <span class='ocrx_word' id='word_1_327' title='bbox 793 4059 994 4140; x_wconf 86' lang='lat' dir='ltr'>familiamque</span> <span class='ocrx_word' id='word_1_328' title='bbox 1018 4072 1145 4122; x_wconf 84' lang='lat' dir='ltr'>vestram</span> <span class='ocrx_word' id='word_1_329' title='bbox 1168 4064 1355 4138; x_wconf 85' lang='lat' dir='ltr'>devoveritis,</span> 
     </span>
    </p>
   </div>
   <div class='ocr_carea' id='block_1_10' title="bbox 250 4149 1356 4515">
    <p class='ocr_par' dir='ltr' id='par_1_10' title="bbox 250 4149 1356 4515">
     <span class='ocr_line' id='line_1_38' title="bbox 250 4149 1356 4237; baseline 0.006 -25"><span class='ocrx_word' id='word_1_330' title='bbox 250 4152 337 4214; x_wconf 85' lang='lat' dir='ltr'>malti</span> <span class='ocrx_word' id='word_1_331' title='bbox 352 4161 383 4211; x_wconf 90' lang='lat' dir='ltr'>et</span> <span class='ocrx_word' id='word_1_332' title='bbox 393 4151 479 4230; x_wconf 87' lang='lat' dir='ltr'>pejus</span> <span class='ocrx_word' id='word_1_333' title='bbox 494 4149 530 4209; x_wconf 91' lang='lat' dir='ltr'>de</span> <span class='ocrx_word' id='word_1_334' title='bbox 545 4150 811 4220; x_wconf 83' lang='lat' dir='ltr'>te·existimabunt;</span> <span class='ocrx_word' id='word_1_335' title='bbox 834 4161 874 4223; x_wconf 92' lang='lat' dir='ltr'>et,</span> <span class='ocrx_word' id='word_1_336' title='bbox 898 4153 923 4212; x_wconf 92' lang='lat' dir='ltr'>si</span> <span class='ocrx_word' id='word_1_337' title='bbox 939 4152 981 4212; x_wconf 94' lang='lat' dir='ltr'>illi</span> <span class='ocrx_word' id='word_1_338' title='bbox 994 4153 1195 4229; x_wconf 85' lang='lat' dir='ltr'>absolventur,</span> <span class='ocrx_word' id='word_1_339' title='bbox 1210 4157 1356 4237; x_wconf 83' lang='lat' dir='ltr'>pejerasse</span> 
     </span>
     <span class='ocr_line' id='line_1_39' title="bbox 252 4245 1355 4328; baseline 0.003 -20"><span class='ocrx_word' id='word_1_340' title='bbox 252 4247 448 4328; x_wconf 80' lang='lat' dir='ltr'>teputahuut,</span> <span class='ocrx_word' id='word_1_341' title='bbox 464 4245 509 4304; x_wconf 92' lang='lat' dir='ltr'>sin</span> <span class='ocrx_word' id='word_1_342' title='bbox 524 4264 589 4304; x_wconf 87' lang='lat' dir='ltr'>reos</span> <span class='ocrx_word' id='word_1_343' title='bbox 603 4246 761 4325; x_wconf 87' lang='lat' dir='ltr'>peregeris,</span> <span class='ocrx_word' id='word_1_344' title='bbox 775 4246 885 4306; x_wconf 91' lang='lat' dir='ltr'>invidia</span> <span class='ocrx_word' id='word_1_345' title='bbox 897 4255 927 4306; x_wconf 93' lang='lat' dir='ltr'>te</span> <span class='ocrx_word' id='word_1_346' title='bbox 940 4247 1087 4308; x_wconf 90' lang='lat' dir='ltr'>onerabis.</span> <span class='ocrx_word' id='word_1_347' title='bbox 1128 4249 1174 4308; x_wconf 94' lang='lat' dir='ltr'>Tu</span> <span class='ocrx_word' id='word_1_348' title='bbox 1191 4269 1260 4310; x_wconf 91' lang='lat' dir='ltr'>vero</span> <span class='ocrx_word' id='word_1_349' title='bbox 1272 4250 1355 4311; x_wconf 78' lang='lat' dir='ltr'>facta</span> 
     </span>
     <span class='ocr_line' id='line_1_40' title="bbox 252 4340 1354 4422; baseline 0.004 -21"><span class='ocrx_word' id='word_1_350' title='bbox 252 4353 283 4401; x_wconf 91' lang='lat' dir='ltr'>et</span> <span class='ocrx_word' id='word_1_351' title='bbox 297 4360 358 4421; x_wconf 86' lang='lat' dir='ltr'>pro</span> <span class='ocrx_word' id='word_1_352' title='bbox 380 4351 409 4402; x_wconf 89' lang='lat' dir='ltr'>te</span> <span class='ocrx_word' id='word_1_353' title='bbox 431 4349 462 4401; x_wconf 90' lang='lat' dir='ltr'>et</span> <span class='ocrx_word' id='word_1_354' title='bbox 481 4357 534 4420; x_wconf 87' lang='lat' dir='ltr'>pro</span> <span class='ocrx_word' id='word_1_355' title='bbox 555 4340 664 4400; x_wconf 85' lang='lat' dir='ltr'>familia</span> <span class='ocrx_word' id='word_1_356' title='bbox 684 4341 851 4422; x_wconf 86' lang='lat' dir='ltr'>expiatione</span> <span class='ocrx_word' id='word_1_357' title='bbox 873 4342 1149 4422; x_wconf 80' lang='lat' dir='ltr'>quemoequissimo</span> <span class='ocrx_word' id='word_1_358' title='bbox 1167 4343 1354 4405; x_wconf 80' lang='lat' dir='ltr'>ariimoferto</span> 
     </span>
     <span class='ocr_line' id='line_1_41' title="bbox 253 4432 1203 4515; baseline 0.004 -21"><span class='ocrx_word' id='word_1_359' title='bbox 253 4433 458 4506; x_wconf 87' lang='lat' dir='ltr'>calamitatem,</span> <span class='ocrx_word' id='word_1_360' title='bbox 474 4432 542 4506; x_wconf 79' lang='lat' dir='ltr'>alibi</span> <span class='ocrx_word' id='word_1_361' title='bbox 557 4442 667 4504; x_wconf 77' lang='lat' dir='ltr'>autem,</span> <span class='ocrx_word' id='word_1_362' title='bbox 681 4434 773 4496; x_wconf 86' lang='lat' dir='ltr'>sicubi</span> <span class='ocrx_word' id='word_1_363' title='bbox 788 4434 878 4506; x_wconf 83' lang='lat' dir='ltr'>voles,</span> <span class='ocrx_word' id='word_1_364' title='bbox 892 4434 1203 4515; x_wconf 50' lang='lat' dir='ltr'>injuriam&#39;ulcisceris.</span> 
     </span>
    </p>
   </div>
   <div class='ocr_carea' id='block_1_11' title="bbox 0 0 1488 4950">
    <p class='ocr_par' dir='ltr' id='par_1_11' title="bbox 0 0 1488 4950">
     <span class='ocr_line' id='line_1_42' title="bbox 0 0 1488 4950; baseline 0 0"><span class='ocrx_word' id='word_1_365' title='bbox 0 0 1488 4950; x_wconf 95' lang='lat' dir='ltr'> </span> 
     </span>
    </p>
   </div>
  </div>
 </body>
</html>
