2967 4950
253 297 290 396 rr
361 278 364 286 ’
440 382 442 385 .
545 293 718 367 oou'run'
738 296 1046 405 etheredum

178 515 179 520 ,
247 459 379 520 teiacum
389 459 562 518 immanibus
575 459 675 538 flagris
685 461 869 529 cecrderunt
883 462 974 540 idque
983 472 1044 521 tam
1056 460 1149 542 longo
1159 470 1302 549 tempore,
1318 475 1354 526 nt

250 553 336 611 uicini
349 551 436 610 etiam
458 551 614 636 clamorem
634 554 816 622 exaudirent.
840 553 986 613 Postridie
1006 553 1171 614 Pittalecus
1189 557 1220 615 id
1237 557 1354 617 facinus

249 646 450 725 indignissime
462 646 568 716 ferens,
584 645 704 706 nudus
694 665 726 704 ιιι
745 646 841 706 forum
855 646 944 718 venit,
957 656 988 706 et
1001 647 1031 704 in
1045 667 1098 706 are
1115 650 1215 708 matris
1230 650 1352 709 deorum

249 741 351 800 sedet:
372 743 439 798 curn
454 749 562 808 autem,
577 749 609 797 ut
629 741 672 808 tit,
688 741 775 798 turba
787 738 939 797 hommum
960 741 1165 812 concurrisset,
1185 750 1351 802 metuentes

251 831 444 909 Heg'esender
458 840 488 888 st
503 831 686 900 Timarchus,
700 851 739 889 ne
750 832 982 908 suapetulautia
994 851 1048 911 per
1059 842 1152 891 totum
1168 836 1268 892 urbem
1282 856 1352 913 pro,

250 923 605 994 clamaretur,-instabat
620 931 717 982 autern
730 923 885 994 concio,-
895 933 925 982 et
937 924 992 1001 ipsi
1001 934 1033 983 et
1042 925 1221 984 collusorum
1232 926 1351 1003 quidam

249 1025 409 1076 accurrunt
424 1015 462 1074 ad
480 1033 573 1090 arum,
588 1034 626 1074 uc
638 1016 887 1074 circumsistentes
898 1027 986 1075 orant
1000 1016 1176 1076 Pittalecum
1191 1027 1224 1076 ut
1236 1029 1350 1096 surget,

251 1129 319 1170 cum
329 1109 469 1179 dicerent,
478 1117 570 1165 totam
581 1127 641 1166 rem
653 1127 704 1186 per
715 1109 885 1166 ebrietatem
896 1108 1004 1173 factam
1015 1127 1022 1166 :
1032 1127 1103 1175 esse
1117 1118 1208 1185 atque
1218 1109 1273 1168 iste
1284 1127 1351 1187 pro·

249 1203 329 1262 fecto
342 1201 473 1260 nondum
487 1200 569 1258 hirco
583 1210 613 1258 et
624 1218 731 1277 aspero
745 1199 839 1268 vultu,
852 1210 886 1257 ut
906 1219 995 1271 nunc,
1009 1200 1065 1259 sed
1080 1201 1178 1259 adhuc
1191 1201 1281 1270 utilis,
1298 1203 1351 1261 ho·

248 1295 358 1354 minem
372 1294 463 1353 barba
482 1292 648 1371 prehendit,
664 1301 693 1350 et
706 1290 785 1349 illius
801 1291 940 1350 arbitratu
955 1311 987 1350 se
1009 1293 1106 1351 omnia
1123 1293 1268 1351 facturum
1281 1314 1349 1372 pro·

187 1457 191 1461 ,
248 1385 354 1454 mittin
376 1386 495 1445 tandem
508 1386 689 1464 persuadent
701 1382 822 1453 homiui,
837 1394 872 1443 ut
884 1386 922 1443 ab
935 1403 988 1443 era
1000 1394 1114 1462 surgat,
1128 1394 1162 1443 ut
1174 1387 1224 1444 cni
1237 1386 1349 1464 aliquid

248 1481 327 1559 mqui
337 1487 477 1558 praestare
490 1476 608 1535 velient.
642 1475 685 1534 Ut
706 1485 804 1534 eutem
820 1495 837 1534 e
851 1476 915 1535 foro
929 1476 1115 1545 discesserat,
1129 1497 1190 1536 non
1199 1479 1264 1556 J'sm
1282 1498 1349 1538 eum

248 1573 400 1634 curabant.
423 1567 537 1626 Homo
531 1568 617 1646 igitur
623 1568 761 1672 injuriam
776 1582 876 1628 eorum
887 1569 1016 1646 graviter
1025 1568 1133 1640 ferens,
1143 1570 1220 1628 diem
1231 1573 1348 1650 utrique

248 1664 330 1726 dicit.
357 1661 446 1730 Quod
460 1670 557 1720 eutem
571 1661 599 1718 in
617 1659 669 1740 jus
682 1670 819 1719 vocasset
807 1659 956 1719 t-—videte
976 1681 1115 1765 magnum
1134 1663 1227 1720 robur
1246 1663 1349 1756 Hege-

245 1753 533 1818 sandriJ-horuinem
555 1773 573 1812 a
590 1773 652 1832 quo
665 1751 747 1812 nulla
767 1753 821 1812 sibi
836 1762 900 1812 orta
911 1739 1029 1813 fuerat
1021 1753 1136 1833 injuria,
1154 1754 1213 1813 imo
1235 1767 1348 1829 contra,

235 1867 334 1928 -quem
348 1845 412 1924 ipse
424 1845 528 1923 injuria
537 1845 664 1915 lees'erat,
676 1864 800 1922 eumque
810 1863 878 1903 nou
875 1845 918 1902 ud
929 1865 961 1903 se
971 1845 1154 1917 attinentem,
1165 1846 1220 1904 se'd
1231 1867 1348 1906 servum

244 1939 395 2020 publicum
405 1937 540 2009 crvltatls
548 1937 708 1997 ebduxrtrn
718 1937 896 2006 servitutem
909 1955 995 1995 suum
1003 1957 1070 1997 esse
1078 1957 1194 1998 servum
1203 1957 1347 1999 asserens

246 2029 429 2093 Pittnlecus'
422 2029 510 2108 rgitur
528 2029 611 2088 mulis
632 2029 762 2108 undique
776 2047 931 2108 oppressus
944 2029 984 2088 ad
1001 2049 1099 2107 genua
1118 2031 1226 2090 accidit
1238 2031 1349 2090 homini

245 2143 383 2234 perquam
397 2124 485 2183 bono
517 2123 571 2181 Est
584 2123 701 2201 quidam
717 2122 850 2180 Glaucus
864 2119 1084 2198 Choiargensis.
1116 2122 1147 2180 Is
1160 2141 1231 2182 eum
1245 2123 1349 2182 asserit

244 2221 275 2278 in
287 2217 462 2276 libertatem.
496 2214 571 2274 Post
583 2215 639 2274 hoc
653 2214 820 2274 sortitiones
829 2213 1007 2292 judiciorum
1027 2215 1170 2272 fecerunt.
1202 2216 1265 2275 Sed
1279 2235 1349 2294 pro·

246 2327 349 2393 gressu
362 2307 500 2385 temporis
515 2309 696 2384 cognitorem
711 2313 898 2383 sumpserunt
915 2305 1085 2382 Diopithem
1096 2305 1283 2379 Sunie'nsem,
1296 2327 1349 2387 po-

141 2427 148 2438 ·
238 2403 376 2485 putarem
390 2398 588 2477 Hegesandri,
600 2407 631 2456 et
643 2417 695 2477 per
707 2407 824 2455 aetatem
828 2394 913 2454 dhus
924 2397 1137 2456 consuetudine
1150 2417 1260 2457 usum.
1272 2399 1347 2458 Dio·

243 2494 339 2575 pithes
354 2501 491 2571 suscepte
514 2508 546 2550 re
558 2489 656 2549 differt
669 2488 831 2569 negotium,
845 2489 924 2547 uliud
939 2506 977 2547 ex
995 2487 1052 2546 elio
1066 2498 1200 2568 tempus'
1196 2491 1261 2550 reis
1274 2512 1346 2551 con·

238 2588 367 2647 ffdonans
398 2585 441 2643 Ut
461 2593 559 2642 autem
574 2578 770 2661 Hegesender
788 2590 920 2641 vestrum
933 2593 1104 2658 suggestum
1120 2574 1347 2672 conscenderet,

240 2696 342 2787 -quo
355 2686 486 2754 tempore
501 2674 738 2751 Aristophontem
749 2674 946 2734 Axeniensem
960 2664 1159 2751 oppugnabat,
1173 2675 1345 2754 priusquam

240 2770 266 2832 is
287 2766 472 2829 eiectionem
485 2766 565 2825 iilam
579 2765 713 2824 minutus
717 2776 796 2824 esset
810 2765 889 2844 opud
903 2754 1054 2869 populum,
1076 2784 1137 2843 que
1157 2786 1217 2845 ego
1230 2769 1344 2829 'limor-

241 2864 330 2924 chum
351 2880 432 2919 reum
452 2858 560 2931 ieci-—,
580 2855 727 2936 Crobyius
747 2858 816 2917 item
829 2858 956 2924 frater
931 2859 1004 2942 eJus
1017 2858 1175 2917 conciones
1194 2859 1343 2922 habebut:

214 2944 218 2951 ⁸
240 2955 367 3032 denique
386 2952 434 3011 isti
455 2952 538 3031 primr
531 2950 631 3029 'apud
651 2968 706 3010 vos
718 2950 784 3009 ausi
800 2951 922 3009 fuerunt
937 2950 978 3008 de
997 2950 1150 3028 re'pubiicu
1169 2950 1344 3013 Grrecorum

143 3058 146 3064 “
238 3046 421 3128 capessenda
432 3046 573 3106 suadere
589 3053 651 3102 tum
663 3042 782 3101 demum
792 3044 967 3114 Pittolucus,
980 3042 1135 3121 repudrsto
1143 3060 1199 3103 suo
1209 3048 1344 3120 consrlro

142 3185 146 3195 .
237 3141 394 3200 strattone
407 3138 489 3209 inita,
505 3138 570 3215 quis
592 3144 622 3195 et
636 3136 699 3214 ipse
713 3144 800 3209 esset,
818 3145 852 3195 et
871 3154 939 3195 cum
956 3137 1066 3214 quibus
1083 3128 1195 3195 belluni
1215 3151 1344 3216 gereret,

165 3274 167 3277 -
206 3304 208 3311 Ι
238 3242 319 3291 recte
332 3230 386 3291 sibi
400 3229 658 3318 consuluit—veru
671 3229 748 3286 enim
762 3227 891 3288 dicendo
904 3236 1047 3287 sunt-et
1057 3228 1205 3306 quiescere
1219 3234 1341 3292 statuit.

237 3326 316 3383 bene
328 3342 428 3381 secum
443 3342 482 3400 ag
483 3341 491 3379 ι
504 3330 557 3399 pu
559 3340 624 3389 ans,
640 3340 663 3379 sr
655 3320 750 3378 'nihil
765 3320 916 3380 nummuli
928 3320 983 3379 sibi
996 3321 1124 3379 deretur.
1147 3322 1208 3383 Hie
1222 3324 1342 3384 demum

236 3410 433 3497 Hegesander
453 3413 598 3492 pulcrum
609 3412 696 3471 istum
716 3412 867 3472 victoriam
888 3412 1027 3509 adeptus,
1044 3412 1233 3474 Timarchum
1261 3418 1343 3497 epod

235 3524 270 3566 se
284 3506 388 3564 nullu
377 3524 445 3563 cum
455 3504 592 3562 molestia
604 3502 716 3563 habuit

281 3600 327 3655 14.
350 3596 388 3654 Et
400 3594 464 3653 hoec
478 3609 640 3653 vereame
655 3594 725 3665 dici,
740 3595 821 3654 scitis
835 3606 948 3656 omnes.
969 3563 1047 3656 Nam
1059 3615 1128 3675 quus
1138 3608 1272 3659 vestrum
1284 3612 1343 3676 est,

234 3690 288 3770 qui
300 3706 453 3765 nunquam
464 3688 496 3746 iu
508 3686 603 3746 forum
618 3686 839 3764 cupedinarium
854 3690 976 3762 uenerit,
991 3709 1048 3749 nec
1059 3700 1197 3770 sumptus
1215 3693 1341 3753 istorum

233 3780 399 3863 spectarit?
420 3782 482 3839 Aut
498 3780 575 3857 quis,
589 3796 657 3837 cum
677 3780 708 3837 in
721 3780 841 3840 istorum
853 3783 1118 3847 commessationes
1128 3784 1284 3845 incidisset
1295 3798 1343 3847 st·

233 3884 294 3955 que
308 3873 462 3947 adulteria,
474 3872 641 3952 reipublicae
652 3872 746 3931 vicem
758 3892 818 3931 nou
828 3874 943 3933 doluit?
964 3874 1089 3948 Tamen,
1098 3877 1222 3954 quando
1233 3878 1262 3935 in
1275 3880 1342 3941 foro

230 3986 348 4040 sumus,
359 3984 437 4025 -vocs
456 3964 729 4025 mihi'Glauconem
753 3965 997 4044 Cholergensem,
1017 3968 1069 4045 qui
1089 3956 1270 4029 Pittolucum
1290 3990 1342 4033 ss·

232 4062 327 4122 ‘seruit
333 4061 364 4119 in
378 4058 559 4117 libertatem:
581 4067 611 4117 et
624 4058 918 4137 reliqua-testimonia
927 4060 1008 4138 iege.

568 4275 570 4279 -
647 4233 929 4336 ιιιιιιιοιιιι.

229 4356 232 4367 ¹
266 4370 375 4423 Testetur
394 4346 483 4425 Glauco
499 4374 579 4423 Timeri
592 4379 617 4424 F.
627 4376 800 4439 Cholargensis.
826 4378 878 4439 Ego
895 4374 1144 4427 Pittslreum'a'sserui
1156 4379 1180 4425 iu
1195 4378 1342 4439 liberarem,

235 4466 287 4497 eum
298 4450 327 4497 ιιι
339 4452 493 4512 Hegesundro
507 4456 535 4501 sd
548 4454 685 4503 servitutem
697 4454 860 4518 abduceretur.
885 4455 1012 4517 Aliquanto
1022 4463 1078 4517 post
1088 4468 1125 4503 me
1136 4456 1248 4505 convenit
1263 4458 1343 4508 ritu-
