2967 4950
262 310 322 389 ost
567 305 1049 391 turenseseouuomu.

261 472 292 542 et
306 482 411 541 eorum
423 463 474 545 qui
486 472 550 528 tum
561 464 706 555 stipendia
719 473 921 547 exspetantes
929 465 1135 549 prefectorum
1147 465 1275 549 elassis:
1286 486 1358 550 eog-

260 558 390 619 noscetis
408 558 487 631 enim
507 576 556 623 me
575 557 722 639 stipendis
733 558 892 639 remigibus
905 569 937 619 et
948 558 1089 630 militibus
1106 559 1233 641 singulm
1253 561 1360 625 meusi-

260 651 317 715 bus
338 650 497 724 dedisses
517 650 641 725 ducibus
655 661 823 727 pommeam
843 653 986 715 duntaxat
1003 662 1137 732 accepto,
1150 662 1274 735 excepto
1286 654 1360 715 duo-

260 761 325 815 rum
337 745 483 817 mensium
497 745 652 829 stipendio,
665 756 729 819 tcto
742 762 822 807 enno
836 755 868 807 et
880 746 1009 827 quinque
1020 746 1194 815 mensibus;
1212 756 1360 811 etuautes

259 856 340 907 nme
352 840 529 911 conductos,
543 850 575 903 et
595 848 738 919 quantum
756 840 890 919 pecunie
910 838 1018 919 singuli
1035 839 1215 919 acceperint,
1228 838 1311 921 unde
1331 850 1361 902 et

260 950 358 1003 meum
373 932 514 1005 studium,
529 942 559 995 et
579 934 768 1013 quamobrem
788 934 844 996 iste
864 950 884 994 s
905 952 954 993 me
972 952 1076 998 navem
1089 933 1173 997 finito
1186 933 1362 1000 trierarchie

259 1040 334 1093 mem
347 1035 478 1109 tempore
490 1025 622 1109 accipere
635 1025 774 1100 noluerit,
787 1025 982 1107 perspicietis.

676 1265 944 1329 TESTIMONIA.
976 1218 979 1223 ·

283 1411 329 1469 .4.
351 1406 403 1472 tte
422 1407 510 1490 igitur
522 1408 594 1469 nihil
606 1408 674 1471 falsi
687 1407 797 1471 dixisse
816 1408 896 1489 apud
910 1426 972 1482 ros,
989 1407 1120 1483 ludices,
1135 1429 1153 1471 e
1169 1408 1300 1477 recitatis
1319 1422 1360 1475 te·

259 1501 553 1563 stimoniissudistis:
576 1520 709 1581 eeporro
719 1521 787 1581 quse
796 1501 891 1563 dicem
901 1522 972 1564 uera
980 1522 1053 1575 esse,
1063 1520 1167 1566 omnes
1176 1502 1248 1567 mihi
1258 1523 1359 1569 esser-

257 1593 377 1655 tiemini.
393 1594 533 1655 Trinemis
545 1593 776 1660 destructionem
790 1612 857 1655 esse
870 1603 986 1655 constet
999 1595 1134 1674 primum,
1145 1594 1242 1674 siquis
1251 1596 1359 1677 stipen-

258 1686 340 1747 dium
353 1704 413 1747 non
428 1684 537 1747 solvet:
559 1686 677 1761 deinde,
691 1686 716 1749 si
726 1686 794 1767 quis
806 1686 921 1749 interes
932 1687 963 1751 iu
973 1686 1119 1751 Piraeeum
1128 1686 1259 1754 redierit.
1285 1690 1359 1753 Nam

258 1790 291 1843 et
302 1780 429 1841 maxims
441 1776 476 1841 fit
487 1779 626 1853 desertio,
639 1790 671 1842 et
683 1790 784 1841 nautes
800 1779 852 1860 qui
867 1791 1019 1848 remanent
1035 1781 1142 1845 nolunt
1159 1796 1278 1845 rursum
1291 1802 1359 1845 osu·

258 1872 411 1949 scendere,
424 1872 480 1933 nisi
493 1872 535 1933 eis
549 1873 607 1933 slis
620 1874 747 1954 pecunia
765 1872 853 1936 detur
864 1870 903 1933 sd
920 1892 983 1933 rem
996 1873 1167 1936 familiarem
1179 1874 1358 1939 constituen-
1388 1934 1396 1943 .

183 1968 187 1974 ’
258 1965 347 2027 dsui:
368 1984 436 2045 quse
462 1986 531 2027 curn
554 1976 679 2047 utreque
697 1966 770 2029 milri
791 1985 849 2027 usu
862 1965 1005 2040 venerint,
1028 1965 1163 2041 ludices,
1175 1966 1271 2046 pluris
1291 1968 1359 2029 uuili

256 2059 427 2119 trierarcbis
450 2058 593 2124 constitit.
621 2060 737 2121 Etenim
762 2057 846 2121 nulls
865 2059 1000 2121 mercede
1013 2078 1032 2121 s
1045 2059 1122 2121 duce
1145 2069 1272 2139 accepta
1293 2072 1358 2121 octo

256 2152 406 2213 mensibus
424 2150 483 2212 huc
507 2151 617 2233 appuli,
631 2150 746 2231 legates
766 2151 887 2225 vehens,
909 2160 1064 2232 propterea
1086 2151 1168 2231 quod
1188 2170 1256 2227 mea
1279 2153 1357 2216 ustis
1450 2235 1451 2240 ἵ

256 2245 365 2326 optime
379 2244 524 2305 instructu
537 2254 610 2307 erat.
652 2245 694 2305 Et
713 2244 784 2305 hinc
801 2264 871 2307 cum
884 2264 986 2307 rursus
1000 2245 1140 2326 apopulo
1152 2245 1224 2311 mihi
1237 2246 1358 2314 munds·

256 2350 320 2401 tum
334 2346 413 2401 esset
426 2349 461 2399 ut
474 2339 632 2399 Menouem
645 2338 752 2399 ducem
773 2338 804 2397 in
818 2337 1043 2418 Hellespontum
1060 2339 1198 2399 Autoclis
1213 2340 1263 2400 cui
1276 2341 1356 2400 ebro·

256 2442 358 2513 gotum
374 2441 447 2492 ‘erat
468 2432 619 2512 imperium
640 2430 706 2494 loco
728 2430 876 2504 seherum,
894 2431 1026 2494 celeriter
1048 2431 1132 2506 solvi,
1151 2432 1233 2518 etin
1256 2452 1356 2496 eornm

256 2536 412 2586 nautarum
426 2525 476 2606 qui
489 2545 537 2586 me
549 2519 727 2606 reliquerint
738 2525 837 2587 locum
847 2523 977 2586 conduxi
990 2523 1073 2599 alios,
1084 2525 1169 2586 donis
1182 2536 1215 2587 et
1224 2538 1355 2588 auctore·

256 2619 364 2693 mentis
383 2619 497 2698 magnis
519 2619 606 2691 datis,
621 2618 769 2680 veteribus
782 2627 881 2680 sutem
900 2619 998 2687 nautis
1016 2618 1067 2699 qui
1087 2630 1294 2683 remanserunt
1307 2620 1356 2682 ali-

256 2712 330 2794 quid
343 2712 468 2792 largitus
488 2731 553 2774 sum
570 2711 649 2792 quod
670 2711 751 2773 dorni
771 2711 969 2792 relinquerent
985 2711 1023 2774 sd
1044 2712 1283 2792 constituendam
1300 2732 1356 2774 rem

256 2804 441 2879 familiarem,
457 2814 566 2886 prester
583 2803 616 2866 id
636 2804 817 2885 quod'prius
838 2814 1024 2886 acceperuut,
1038 2823 1099 2868 nou
1120 2805 1274 2885 ignorans,
1290 2805 1356 2888 quid
1430 2796 1436 2817 '

255 2898 364 2980 cuique
377 2899 407 2960 in
421 2898 578 2980 praesentia
590 2906 670 2958 esset
689 2915 783 2978 opust
804 2917 872 2960 cum
885 2907 982 2961 sutem
995 2899 1059 2978 ipse
1071 2897 1114 2958 ita
1125 2917 1255 2978 egerem,
1269 2911 1304 2962 ut
1318 2899 1356 2958 its

202 3005 204 3008 ’
255 3009 305 3056 tue
317 3002 395 3056 amet
407 2991 524 3073 Jupiter
538 3002 569 3052 et
579 2989 687 3072 Apollo
699 3009 786 3052 nemo
799 3001 929 3052 restrum
942 2991 1054 3065 credat,
1068 2992 1119 3071 qui
1133 3010 1194 3052 non
1207 3012 1278 3055 rere
1291 3013 1356 3072 cog·

254 3086 351 3148 nitum
373 3095 483 3148 statum
499 3103 596 3146 rerum
613 3103 746 3146 mearum
756 3083 855 3155 hsbet,
869 3092 901 3144 et
911 3082 1037 3148 fundum
1050 3084 1078 3147 T
1079 3084 1258 3165 hrasylocho
1271 3095 1354 3166 etque
1447 3122 1448 3133 ι

255 3177 411 3241 Archeneo
422 3177 673 3258 oppignerassem,
686 3176 808 3256 triginta
819 3176 904 3240 minis
917 3178 956 3240 sb
968 3178 1012 3261 eis
1022 3187 1126 3239 mutuo
1136 3179 1263 3259 sumptis
1272 3188 1353 3258 utque

255 3271 333 3332 inter
353 3280 459 3332 nautas
472 3271 645 3342 distributis,
660 3269 959 3351 solviprofectusque
973 3289 1051 3344 sum,
1062 3280 1097 3334 ut
1116 3291 1154 3335 ne
1171 3270 1245 3350 quid
1257 3289 1353 3334 eorum

254 3383 323 3445 qum
335 3363 557 3437 mandaveratis,
569 3363 708 3444 populus,
721 3363 804 3443 quod
822 3363 855 3427 iu
871 3384 921 3426 me
934 3365 1053 3445 quidem
1066 3375 1156 3438 esset,
1168 3365 1354 3433 desideraret.
1446 3396 1447 3405 ι

255 3455 374 3526 Quibus
392 3457 481 3518 rebus
500 3456 626 3536 populus
638 3453 749 3518 ruditis
766 3475 816 3518 me
830 3466 860 3518 et
879 3457 1059 3520 collaudavit
1078 3468 1110 3518 et
1129 3457 1170 3518 sd
1190 3476 1306 3520 coenam
1324 3456 1351 3514 ln

254 3548 373 3612 curium·
382 3548 524 3610 inruerit.
549 3549 624 3612 Huc
635 3567 705 3612 rere
719 3568 738 3611 s
750 3569 799 3611 me
811 3549 879 3627 dici,
889 3550 966 3614 lecto
979 3548 1147 3617 testimonio
1155 3558 1190 3612 et
1200 3549 1352 3631 plebiscito

256 3640 457 3724 eognoscst'u.
917 3634 921 3643 ‘

449 3855 786 3922 ‚res'nttoNltJm
826 3847 1127 3940 Ptsssrsctrtrot.

138 4001 144 4012 '
250 4048 253 4054 ·
297 4005 329 4067 6.
349 4001 514 4084 Postquam
526 4013 625 4066 autem
637 4001 669 4064 in
683 4002 909 4080 Hellespontum
921 4001 1071 4075 venimus,
1079 3998 1171 4081 quum
1180 3998 1350 4062 trierarchie

257 4117 332 4160 mem
345 4105 461 4177 tempus
475 4095 594 4169 exisset,
609 4106 640 4158 et
653 4094 801 4176 stipendia
818 4114 879 4154 non
897 4093 956 4156 nisi
975 4094 1099 4155 duomm
1120 4093 1261 4156 meusium
1282 4090 1351 4152 mili·

256 4191 336 4269 tibus
361 4189 461 4252 solute
481 4196 592 4264 essent,
612 4199 701 4269 atque
725 4188 801 4252 alius
825 4188 982 4268 imperator
997 4187 1204 4248 Timomachus
1229 4186 1349 4256 edesset,

255 4284 340 4362 isque
353 4282 452 4348 nullos
473 4282 592 4348 nemum
611 4299 797 4346 successores
819 4280 990 4353 adduceret,
1005 4280 1090 4342 multi
1110 4300 1127 4342 e
1148 4281 1220 4342 meis
1234 4275 1348 4360 objectis

209 4371 224 4408 ⁸
257 4374 363 4438 nuituis
373 4389 447 4440 nese
460 4375 562 4439 relicta
577 4376 722 4447 abierunt,
738 4374 789 4437 alii
806 4373 837 4439 in
850 4373 953 4440 Asiam
965 4374 1131 4446 militatum,
1143 4373 1193 4435 alii
1209 4373 1240 4459 ip
1251 4369 1348 4432 Thasi·

258 4484 342 4530 orum
355 4478 388 4532 et
398 4469 610 4534 Maronitarum
635 4489 736 4546 meres,
749 4467 864 4550 magnis
879 4467 1002 4530 adducti
1023 4465 1174 4548 stipendiis
1192 4479 1347 4546 magnaque
