2967 4950
148 620 457 689 ARGUMENTUM
478 629 702 691 ORATIONIS
724 627 941 695 ADVERSUS
963 632 1223 699 PHAENIPPUM

400 726 421 777 t
472 724 528 783 DE
553 724 905 809 PERMUTATIONa

169 858 230 905 limo
243 858 320 906 oratio
330 875 376 907 non
388 862 488 910 relertur
506 879 520 911 a
538 866 651 913 nonnullis
667 867 697 913 ad
713 868 907 915 Demosthenem:
922 876 1081 931 uramentum
1092 876 1169 917 autem
1186 870 1232 918 tale

136 931 214 981 babet.
228 935 291 983 Erat·
298 936 381 986 elassis
395 940 455 1001 apud
466 940 620 991 Athenienses
630 948 785 991 trecentorum
794 944 904 1001 suorum,
912 946 936 993 in
947 961 1014 1007 quam
1025 946 1135 993 ditissimi
1145 945 1231 1009 quique

135 1008 186 1073 legi
208 1008 272 1058 soliti
286 1028 355 1062 onera
366 1016 473 1077 grauiore
484 1018 642 1067 sustinebant:
661 1020 701 1067 lex
716 1026 792 1068 eutem
811 1020 959 1082 permittebat
969 1023 991 1069 ei
1003 1023 1044 1084 qui
1055 1030 1162 1084 sumptus
1173 1021 1232 1070 tole·

136 1102 191 1135 rare
206 1104 250 1135 nou
260 1097 340 1149 posset
351 1107 379 1138 ea
389 1093 464 1141 olusse
475 1096 598 1153 exoedere,
611 1096 631 1143 si
642 1112 709 1159 quem
722 1114 747 1144 se
757 1098 932 1160 locupletiorem
946 1105 1063 1145 recentem
1073 1098 1233 1157 ostendissem

138 1163 201 1223 qnod
212 1164 231 1210 si
242 1164 264 1211 is
274 1165 315 1227 qui
325 1167 489 1229 designabatur
501 1186 526 1217 ss
538 1172 645 1219 ditiorem
657 1189 708 1221 esse
720 1174 842 1231 fatebatur,
852 1173 876 1221 iu
888 1180 1004 1222 treoentos
1021 1174 1116 1222 ulterius
1132 1174 1184 1222 loco
1194 1190 1232 1223 re-

134 1240 258 1298 ferebatur,
274 1242 312 1289 nin
329 1246 436 1307 negabat,
451 1249 611 1306 permutabaut
627 1250 687 1298 inter
703 1266 728 1297 ss
745 1251 879 1298 facultates:
907 1253 974 1299 Nono
987 1251 1062 1313 igitur
1077 1257 1230 1300 treoemorom

135 1316 201 1372 uuus,
211 1332 238 1364 se
249 1318 390 1368 exhaustum
407 1330 431 1370 st
445 1338 570 1385 pauperem
583 1342 636 1373 esse
646 1342 799 1389 oouquerens,
809 1329 961 1390 Pbenippum
977 1329 1074 1378 inuadit.
1106 1328 1187 1385 Quare
1199 1330 1230 1377 ad

135 1400 203 1453 opatu
216 1396 412 1457 permutationem
422 1401 525 1448 veniunt.
547 1407 649 1451 Accusat
659 1413 735 1453 antem
748 1406 911 1468 Pltaenippum,
920 1408 990 1469 utqui
999 1423 1043 1455 neo
1049 1406 1230 1467 descriptionem

135 1468 168 1515 rei
176 1471 298 1521 familiaris
308 1474 414 1535 legitimo
425 1485 531 1541 tempore
541 1480 640 1537 dederit,
651 1484 694 1530 sed
705 1484 780 1531 multo
790 1491 853 1546 post,
862 1492 886 1531 et
894 1486 961 1547 signa
969 1486 998 1533 ab
1006 1486 1095 1533 edium
1106 1485 1230 1532 abstulerit

134 1552 162 1668 ἃ
168 1548 273 1671 quedarp
285 1566 344 1673 2true
362 1552 425 1601 intus
441 1554 527 1607 't'ueriut
539 1556 684 1615 distraheret,
695 1566 719 1608 et
733 1574 758 1607 se
770 1560 862 1609 cuidem
872 1562 969 1610 multum
981 1562 1040 1609 laiso
1052 1562 1177 1625 postulanti
1188 1561 1229 1609 de·

162 1637 186 1670 re
197 1638 258 1672 sumu
270 1640 283 1673 e
295 1660 301 1675 .

457 1890 903 1915 m

401 2092 957 2229 numosuflnnrs

297 2319 642 2395 ADVERSUS¹
666 2258 1060 2400 PHAENIPPUM

326 2530 393 2595 DE
416 2529 814 2598 ΡΕΒΜΠΤΑΤΙΟΝΕ
836 2534 1032 2636 ORATIO.

172 2706 198 2764 l.
221 2704 283 2764 Dru
307 2697 503 2777 benefaciant,
526 2705 658 2777 ludices,
682 2705 815 2784 primum·
829 2708 912 2768 vobis
944 2709 1090 2781 omnibus,
1118 2705 1224 2774 deinde

127 2797 216 2857 etiam
241 2796 342 2856 Soluui
366 2797 415 2877 qui
438 2799 533 2875 legem
555 2797 623 2857 tulit
638 2793 676 2856 de
698 2800 970 2876 permutationibus.
1013 2802 1076 2861 Nisi
1098 2804 1224 2864 enimin

128 2895 229 2970 aperte
242 2891 327 2950 nobis
341 2891 527 2970 explicasset,
540 2891 611 2970 quid
624 2891 748 2970 primum
766 2911 816 2952 eos
830 2893 880 2972 qui
899 2904 1115 2973 permutassent
1126 2880 1224 2956 faeere

127 2992 285 3063 oporteret,
299 2983 374 3062 quid·
383 2985 512 3045 secundo
523 2984 599 3057 loeo,
610 2995 777 3062 caeteraque
790 2985 927 3066 deinceps
938 2966 1138 3060 oidinehuud
1152 2991 1222 3062 scio,

128 3096 191 3155 quo
204 3075 322 3135 taudem
338 3097 494 3156 progressa
512 3087 591 3138 esset
607 3077 761 3156 Phaenippi
774 3077 906 3139 audacia.
948 3079 1047 3147 Quum
1060 3099 1148 3149 nuno,
1167 3081 1222 3140 etsi

129 3169 180 3227 lex
200 3172 237 3227 'ea
254 3169 336 3229 uobis
358 3169 448 3230 edicit
469 3170 576 3242 omnia,
589 3179 687 3230 tamen
705 3171 820 3248 jamin
841 3189 877 3228 ea
897 3171 1058 3250 perscripta
1079 3170 1220 3250 negligat.
1332 3207 1336 3214 ·

128 3262 207 3321 Nam
220 3265 289 3324 eum
302 3261 379 3324 iutra
391 3263 518 3323 triduum
532 3283 567 3323 ex
580 3283 638 3340 quo
644 3287 646 3294 ·
647 3263 761 3342 jurarat
771 3263 997 3324 declarationem
1008 3263 1049 3324 rei
1063 3283 1125 3325 suos
1138 3264 1221 3324 lumi·

127 3353 289 3416 liarismihi
303 3356 419 3436 exlege
438 3355 507 3416 dare
524 3354 683 3423 debuisset,
697 3365 758 3427 aut,
779 3355 803 3413 si
822 3364 884 3414 tum
903 3354 1004 3430 nollet,
1019 3365 1103 3416 sexto
1116 3355 1219 3416 saltem
1262 3350 1265 3358 ⁴

126 3447 236 3508 mensis
250 3450 368 3509 Sextilis
387 3449 444 3520 die,
457 3468 545 3526 quem
563 3447 699 3526 precibus
716 3466 734 3506 a
754 3467 801 3506 me
822 3447 1001 3528 impetrarat,
1017 3457 1048 3509 et
1070 3449 1110 3508 od
1131 3467 1219 3527 quem

125 3541 298 3619 promiserat
318 3562 350 3602 se
371 3542 507 3603 daturum
529 3539 767 3613 declarationem,
781 3550 915 3601 neutrum
935 3541 1040 3601 horum
1060 3541 1139 3612 lecit,
1155 3543 1219 3617 sed,

125 3635 303 3713 contemptis
316 3635 445 3713 utrisque
460 3646 490 3694 et
504 3633 585 3707 uobis
599 3643 632 3693 et¹
643 3631 720 3712 lege,
736 3634 828 3695 altero
842 3654 941 3694 mense
961 3633 1053 3706 dedit,
1066 3634 1158 3694 biduo
1168 3644 1220 3694 aut

33 3733 34 3751 ¹
125 3721 306 3810 triduoante
314 3727 420 3808 judieii*
430 3727 610 3806 ingressum,
622 3725 734 3804 reliquo
745 3727 825 3786 omni
838 3736 969 3806 tempore
982 3726 1113 3787 delituit:
1128 3746 1219 3806 quum

123 3817 194 3879 item
205 3819 292 3898 signa
305 3819 422 3893 oedium,
436 3831 574 3900 quae'ego
584 3837 788 3898 apposueram,
797 3818 989 3898 relinquenda
1002 3828 1218 3898 essent,‘egres-

124 3929 184 3971 sus
196 3911 226 3970 in
241 3929 352 3991 'agrurn
375 3912 496 3993 aperuit,
525 3919 555 3970 et
578 3910 719 3970 hordeum
740 3921 771 3970 et
790 3910 901 3989 reliqua
922 3910 1036 3996 ontulit,
1056 3911 1139 3990 quasi
1163 3931 1216 3991 po·

122 4011 261 4064 testatem
275 4003 447 4065 eidedisset
458 4003 505 4063 lex
515 4002 640 4062 faciendi
653 4002 794 4082 quioquid
807 4002 929 4074 libitum,
943 4004 1096 4084 non‘quod
1104 4003 1217 4090 justum

123 4101 212 4156 esset.
355 4097 374 4114 ⁴

162 4193 199 4248 2.⁴
216 4190 282 4269 Ego
291 4203 376 4262 vero,
384 4191 402 4250 J
405 4191 518 4261 udices,
528 4189 653 4249 maxime
661 4189 789 4268 'optarim
802 4208 849 4249 me
862 4189 964 4249 florere
978 4191 1081 4269 opibus
1094 4198 1128 4248 ut
1137 4186 1216 4261 olim,

121 4289 154 4344 et
165 4301 287 4344 manere
302 4285 441 4363 possein
462 4281 656 4342 trecentorum
673 4301 813 4342 numero:
834 4282 973 4360 quoniam
993 4294 1091 4342 autem
1112 4281 1217 4359 partim
1263 4274 1266 4280 ’

122 4373 288 4437 communis
299 4376 471 4437 calamitatis
482 4395 548 4435 cum
559 4375 593 4435 iis
605 4376 655 4453 qui
668 4395 685 4434 e
698 4375 806 4434 fodinis
816 4386 962 4456 quaestum
972 4374 1084 4433 iaciunt
1095 4371 1138 4431 tui
1149 4391 1219 4451 par·

122 4467 226 4549 ticeps,
239 4469 344 4547 partim
364 4469 480 4548 magnis
495 4467 676 4528 detrimentis
697 4465 831 4542 affectus,
844 4467 989 4542 jnc'turam
1003 4465 1058 4524 feci
1074 4463 1114 4524 rei
1133 4464 1217 4524 iami-
