2967 4950
236 326 298 385 aar
432 319 493 386 ἰιι
518 326 718 386 avuncuii
744 320 800 386 ur
824 295 1112 387 nuusrauuurr.

240 490 318 541 cmm
328 480 447 560 recepit,
457 488 493 541 ut'
500 480 713 560 quinquaginta
725 500 805 541 meas
817 500 888 541 oves
897 481 1002 541 molles
1011 478 1082 538 dum
1091 488 1286 559 pascerentur,
1295 489 1323 539 et

240 571 396 649 opilionem
409 592 470 633 une
483 593 549 633 curn
564 573 616 645 eis,
630 583 659 633 et
671 573 811 651 quicquid
823 572 862 633 ad
876 592 994 651 gregem
1012 573 1146 651 pertinet,
1158 572 1322 650 abripuerit:

239 664 357 736 deinde,
366 685 484 744 puerum
493 664 1324 743 ministrumhydriamaerearnreportantemaccommodato

238 769 400 835 acceptam,
413 758 511 835 magni
524 758 617 837 pretii.
656 758 759 835 Neque
770 756 833 815 lreec
844 756 886 815 eis
901 756 1056 816 abstulisse
1069 758 1125 815 suit
1138 756 1221 829 satis,
1235 756 1325 815 sedet

240 849 269 907 in
279 850 416 929 praedium
427 850 676 929 ingressi-agros
685 858 782 909 autem
798 849 864 907 colo
877 849 916 907 ad
925 849 1035 909 circum
1047 858 1223 926 equestrem,
1233 848 1324 927 ibique

239 942 338 1002 habito
352 962 370 1001 u
387 942 478 1021 prima
492 942 739 1014 adolescentia—‚
752 943 876 1021 primum
896 942 927 1001 in
947 940 1069 1001 famulos
1089 941 1230 1020 impetum
1242 942 1325 1001 ¹fece·

239 1045 327 1095 runt:
349 1044 382 1093 ut
396 1053 463 1093 vero
476 1034 516 1093 illi
531 1035 719 1114 diffugerunt,
733 1046 821 1112 atque
835 1034 909 1093 alius
924 1034 982 1093 alio
997 1054 1030 1093 se
1043 1034 1192 1113 proripuit,
1206 1033 1326 1113 ingressi

239 1128 319 1187 sedes
333 1136 363 1186 et
376 1127 492 1206 dejecta'
498 1128 591 1208 janua
604 1128 709 1206 quaein
720 1128 837 1186 hortum
850 1128 917 1205 lert,
930 1126 1063 1207 Evergus
1076 1127 1165 1187 frater
1175 1128 1326 1206 Theopbe·
1437 1195 1438 1208 χ

239 1220 279 1281 mi
294 1231 324 1279 et
336 1220 519 1279 Mnesibulus
537 1220 630 1279 affinis
651 1220 725 1299 ejus,
738 1218 873 1295 aquibus
894 1219 976 1278 nullo
997 1239 1075 1279 erem
1092 1219 1204 1299 judicio
1226 1220 1328 1292 victus,
1437 1225 1438 1234 ’

241 1316 345 1394 quibus
358 1335 418 1373 non
432 1316 476 1374 sas
489 1314 544 1374 fuit
564 1315 719 1393 quicquam
740 1332 836 1371 meum
856 1314 1011 1390 attingere,
1023 1311 1145 1390 ingressi
1157 1312 1196 1370 ad
1210 1330 1328 1371 uxorem
1437 1375 1439 1394 ,

238 1428 334 1467 meam
348 1419 378 1468 et
392 1408 509 1477 liberoS,
525 1406 663 1485 quicquid
678 1405 858 1463 instrumenti
872 1404 942 1463 mibi
955 1403 1011 1463 suit
1024 1404 1165 1483 reliquum
1176 1404 1205 1461 in
1216 1403 1328 1462 aedibus
1437 1401 1438 1426 ³

239 1500 431 1561 abstulerunt.
472 1500 620 1558 Putabant
639 1498 715 1557 enim
730 1516 762 1555 se
776 1516 834 1555 non
849 1496 937 1555 modo
950 1495 1105 1567 tantillam,
1116 1495 1170 1554 sod
1184 1494 1274 1573 longe
1287 1495 1328 1553 in·
1437 1497 1438 1506 ’

239 1592 422 1653 structiorem
446 1590 654 1670 supellectilem
676 1589 756 1649 domi
777 1608 850 1648 meae
873 1599 1050 1667 reperturos.
1075 1587 1194 1660 Verum,
1210 1590 1330 1667 'propter

237 1685 320 1745 obita
332 1704 452 1744 munera
465 1694 495 1744 et
509 1684 617 1743 tributa
630 1693 660 1743 et
673 1683 762 1741 vestri
775 1681 915 1753 studium,
930 1680 988 1741 alia
1000 1679 1201 1759 oppignerata,
1217 1680 1274 1739 alia
1286 1679 1330 1739 di·
1437 1711 1438 1760 ι

240 1777 359 1837 vendita
372 1787 471 1837 erant:
491 1796 556 1857 quae
568 1796 638 1837 uero
650 1775 747 1835 adhuc
760 1776 918 1847 restabant,
931 1774 966 1833 iis
980 1774 1107 1853 abreptis
1120 1774 1256 1834 omuibus
1269 1774 1330 1833 abi·
1437 1791 1438 1864 p

241 1891 256 1930 e
273 1881 335 1930 unt.

259 1892 331 2022 r16.
352 1962 507 2032 Praeterea,
523 1960 541 2021 J
545 1961 655 2033 udices,
669 1978 741 2047 uxor
755 1980 821 2019 mea
833 1978 900 2019 curn
914 1959 1012 2018 liberis
1025 1960 1054 2019 iu
1070 1960 1140 2020 aula
1149 1959 1328 2039 prandebat;

240 2068 272 2117 et
287 2056 421 2137 quadam
438 2075 505 2114 cum
526 2054 590 2133 ipsa
610 2072 676 2131 quae
689 2054 786 2113 nutrix
800 2072 867 2111 mea
886 2052 978 2111 fuerat
991 2070 1100 2131 magno
1121 2064 1204 2122 natu,
1227 2054 1331 2113 mulier
1437 2079 1438 2122 2

238 2150 382 2209 benevola
396 2161 427 2207 et
441 2147 508 2216 fida,
522 2146 654 2205 libertate
672 2146 783 2206 donata
806 2166 831 2205 a.
844 2155 925 2223 patre
949 2164 1026 2204 meo.
1068 2144 1216 2225 Nupserat
1233 2158 1332 2207 autem
1437 2141 1439 2204 ἐ

241 2241 349 2320 adepta
361 2242 524 2299 libertatern
536 2261 544 2305 ;
566 2241 726 2319 maritoque
741 2251 864 2313 mortuo,
876 2239 956 2317 quod
969 2250 998 2298 et
1008 2240 1106 2300 vetula
1116 2250 1190 2310 erat,
1201 2252 1234 2302 et
1245 2261 1332 2319 aquo

240 2335 365 2395 aleretur
382 2334 523 2392 neminem
543 2331 678 2400 habebat,
693 2334 801 2411 ipsaed
817 2352 863 2391 me
876 2333 1009 2392 redierat.
1053 2332 1195 2411 Eaigitur
1206 2335 1245 2393 ad
1260 2356 1331 2413 cge-

240 2436 345 2487 statem
359 2426 488 2497 redacta,
502 2445 568 2504 quae
581 2435 611 2484 et
624 2425 719 2485 nutrix
734 2435 765 2485 et
778 2424 929 2486 educatrix
939 2444 1004 2484 rnea
1016 2424 1121 2498 luerat,
1141 2425 1222 2485 nullo
1243 2430 1331 2489 modo

240 2521 310 2579 milri
326 2519 501 2598 negligenda
520 2519 594 2578 fuit:
617 2519 701 2578 simul
723 2519 811 2577 etiam
825 2518 894 2597 quia
910 2517 1082 2576 trierarchus
1096 2538 1174 2577 eram
1188 2520 1331 2593 abiturus,

239 2623 270 2672 et
283 2631 356 2671 uxor
373 2631 439 2672 mea
457 2611 510 2670 sibi
530 2611 618 2670 talem
632 2631 650 2670 a
663 2629 709 2670 me
730 2611 880 2670 custodem
901 2610 1008 2669 aediuur
1030 2610 1150 2689 relinqui
1172 2613 1332 2696 gaudebat.

241 2706 317 2766 Cum
331 2715 428 2764 autern
442 2706 472 2763 in
486 2704 554 2764 aula
567 2703 755 2783 pranderent,
765 2716 851 2782 atque
864 2704 911 2762 isti
925 2703 981 2762 illis
995 2704 1090 2763 subito
1101 2705 1247 2783 oppressis
1257 2706 1332 2764 irru-

239 2810 332 2870 erent,
346 2807 376 2857 et
389 2817 459 2856 vasa
473 2797 638 2876 diriperent,
653 2797 717 2855 alia
731 2797 850 2876 quidem
863 2796 1047 2855 ancillae—in
1061 2798 1132 2855 turri
1146 2797 1223 2856 eninr
1236 2809 1332 2871 erant,

239 2891 289 2951 ubi
303 2891 535 2962 diversantur—,
544 2891 671 2950 clamore
684 2889 795 2960 audito,
804 2889 902 2947 turrim
914 2887 1084 2957 occludunt,
1099 2900 1187 2968 atque
1201 2890 1272 2949 illuc
1285 2891 1332 2950 in-

239 2983 332 3064 gressi
345 2999 405 3043 non
416 2993 494 3056 sunt,
505 2983 556 3042 sed
566 3004 583 3062 e
595 2980 706 3042 certeris
720 2980 909 3041 conclavibus
919 3000 990 3040 vasa
999 2991 1198 3061 exportarunt,
1212 2992 1333 3043 vetante

238 3097 329 3138 uxore
344 3097 379 3137 ne
393 3095 429 3134 ea
447 3085 600 3154 tangerent
619 3083 650 3133 et
663 3073 790 3145 dicente,
805 3074 842 3132 ob
857 3072 957 3132 dotem
972 3072 1027 3132 sibi
1044 3093 1110 3132 esse
1129 3073 1333 3153 oppignerata,

239 3181 278 3239 et,
292 3187 359 3229 oves
374 3188 425 3229 eos
445 3169 552 3238 habere
568 3165 780 3247 quinquaginta
793 3175 823 3224 et
835 3165 990 3244 opilionem
1012 3166 1129 3245 majoris
1144 3167 1228 3245 pretii
1241 3187 1333 3246 quarn

238 3261 339 3340 quanti
352 3280 448 3319 essem
462 3259 770 3320 damnatus—vicinus
785 3259 862 3316 enim
876 3257 995 3335 quidam
1007 3257 1049 3316 eis
1061 3257 1092 3318 id
1105 3260 1256 3320 nunciaret
1266 3260 1333 3340 pul-

240 3361 304 3418 sata
312 3351 453 3430 janua-,
469 3362 610 3429 praeterea
630 3360 784 3430 argentum
804 3351 845 3411 eis
867 3349 982 3410 dicebat
1000 3349 1029 3407 in
1052 3370 1155 3412 mensa
1173 3371 1238 3412 esse
1253 3354 1334 3434 posi·

238 3444 371 3504 tum-id
393 3446 469 3504 enirn
490 3465 528 3504 ex
545 3464 590 3504 me
611 3447 799 3506 audierat-2
818 3445 897 3525 quod
917 3445 942 3506 si
959 3446 1203 3525 exspectaveritis,
1226 3449 1333 3530 inquit,

229 3546 291 3596 ,aut
314 3546 442 3596 vestrum
468 3535 571 3615 aliquis
592 3537 724 3598 maritum
755 3558 851 3598 meum
878 3538 1053 3610 accersierit,
1077 3539 1179 3598 statim
1202 3543 1333 3623 acceptis

239 3629 365 3688 nummis
387 3628 518 3698 abibitis;
550 3649 620 3690 vasa
638 3641 733 3690 autern
758 3630 922 3709 relinquite,
944 3640 975 3690 et
996 3631 1067 3690 nibil
1091 3651 1190 3692 meum
1211 3635 1333 3708 auferte,

236 3722 397 3800 praesertim
420 3741 487 3781 eum
509 3721 640 3781 habeatis
658 3723 758 3800 quanti
778 3723 888 3783 mulcta
903 3734 960 3784 est.
1003 3723 1076 3784 Haec
1091 3723 1210 3787 dicente
1229 3748 1333 3807 uxore,

238 3820 350 3870 tantum
364 3813 465 3880 ,abfuit
484 3825 517 3873 ut
537 3815 721 3887 desisterent,
736 3824 768 3874 ut
791 3826 821 3874 et
845 3815 998 3887 nutricem,
1014 3820 1094 3895 (qu'ae
1109 3807 1262 3897 cymbium
1277 3822 1332 3882 sibi

239 3905 414 3986 appositum,
429 3926 515 3984 equo
530 3910 751 3987 potabat,intra
769 3910 863 3968 sinum
879 3908 1040 3982 abdiderat,
1054 3932 1091 3972 ne
1112 3913 1142 3971 id
1166 3914 1214 3977 isti
1235 3919 1334 3978 aufer-

237 4009 312 4069 rent,
321 4009 475 4076 postquam
490 4019 538 4060 eos
553 4001 629 4080 intus
646 4022 709 4062 esse
722 4002 828 4076 vidit),
838 4023 869 4062 re
887 4003 1099 4077 animadversa,
1123 4007 1166 4067 sic
1180 4013 1334 4072 tractarint

236 4089 312 4148 iuter
325 4090 504 4167 eripiendum
519 4093 666 4170 cymbium
678 4094 881 4172 Theophemus
900 4105 931 4154 et
953 4095 1084 4177 Evergus
1103 4100 1194 4160 frater
1207 4103 1281 4182 ejus,
1300 4116 1334 4164 ut

237 4191 268 4238 et
280 4181 400 4239 brachia
413 4191 443 4239 et
457 4201 560 4240 manus
580 4182 707 4244 mulieris
727 4187 870 4264 sanguine
891 4186 1138 4265 suffunderentur,
1152 4192 1225 4252 dum
1240 4208 1333 4256 retor-

237 4277 360 4348 quentur
374 4273 500 4351 durnqire
514 4285 633 4332 vexatur
648 4278 684 4335 ab
699 4277 760 4336 istis
775 4278 910 4357 poculum
924 4281 1122 4359 eripientibus,
1138 4295 1170 4344 et
1178 4296 1264 4346 notas
1277 4308 1342 4358 un-¹

239 4361 338 4438 guium
352 4363 382 4423 in
396 4365 474 4425 collo
489 4365 559 4424 dum
572 4365 597 4423 ei
607 4366 741 4446 jugulum
756 4372 949 4451 comprimunt
958 4384 988 4432 et
1001 4373 1120 4435 lividum
1128 4387 1232 4460 pectus
1242 4378 1334 4440 habe·

237 4461 297 4517 ret:
319 4469 411 4534 eoque
423 4458 615 4538 improbitatis
628 4474 780 4537 venerunt,
800 4475 834 4526 ut
845 4485 933 4526 anum
947 4475 978 4528 et
990 4470 1108 4531 obtorto
1125 4471 1206 4534 collo
1219 4472 1334 4534 trahere
