2967 4950
447 387 668 453 ADVERSUS
690 390 953 458 APATURIUM.
1177 392 1250 455 ‘⁵25

152 498 286 607 accidit
278 564 309 605 ιιι
330 544 530 617 Chersoneso,
551 545 690 625 collapsis
703 544 827 612 ιιιιιιιιιι.
841 554 871 605 et
883 564 959 605 uxor
970 544 1035 635 eju's
1049 528 1174 609 etliheri
1188 560 1253 631 pe'r·

131 638 258 714 1ιιιιιιιι
299 639 393 707 Qna'
384 658 457 719 ipse
462 638 639 700 calamitate
661 638 772 712 audita,
793 656 867 698 nave
892 640 1054 703 conscensa
1071 640 1140 702 hinc
1163 643 1253 703 abiit:

153 731 317 793 Aristocles
332 742 441 806 numm,
454 751 521 793 cnm
531 730 675 792 Parmeno
687 732 813 791 ustibus
828 730 965 791 adhibitis
978 734 1120 793 vetuisset
1132 754 1169 797 ne
1182 756 1253 797 con·
1320 794 1321 797 ,

152 833 197 885 tra
210 844 244 885 se
257 826 370 903 absque
383 824 537 885 coarhitris
550 824 768 904 pronunciaret,
783 824 898 883 bomine
919 835 1038 904 propter
1056 826 1253 891 calamitatem

152 916 220 977 hinc
234 918 379 996 prolecto,
391 918 544 979 absentem
557 910 774 979 condemnavit.
801 918 847 976 Ao
858 935 914 995 ego
924 916 1041 997 quidem
1055 929 1086 978 et
1098 920 1254 984 Phocritus

153 1008 182 1067 ιιι
198 1008 311 1070 'eader'ri
332 1010 470 1089 pactione
486 1009 596 1089 scripti,
611 1010 749 1089 quoniam
768 1008 822 1069 iste
840 1010 1033 1070 contenderat
1046 1029 1106 1071 non
1120 1033 1186 1075 esse
1199 1016 1255 1077 sibi

154 1119 210 1160 nos
222 1100 358 1174 arbitros,
371 1100 568 1163 abstinuimus
581 1096 716 1162 arbitrio:
736 1100 908 1171 illucentem,
926 1120 993 1161 cum
1013 1122 1072 1162 non
1086 1105 1175 1166 modo
1195 1128 1254 1169 non

154 1194 340 1263 concessum,
359 1192 413 1252 sed
429 1191 614 1252 interdictum
628 1193 717 1251 etiam
730 1193 758 1255 ei
772 1202 862 1263 esset,
875 1192 1063 1254 nihilominus
1079 1199 1255 1260 senentiam

154 1284 230 1344 ιιιιιι
274 1285 309 1343 ld
333 1284 415 1364 quod
435 1302 531 1363 nsque
551 1294 691 1355 vestrum,
712 1304 807 1363 neque
832 1283 1009 1363 reliquorum
1031 1287 1254 1353 Atheniensium

155 1376 252 1436 lacere
266 1376 423 1455 quisquam
440 1377 570 1438 auderet.
613 1378 689 1445 Qum
711 1376 800 1455 igitur
818 1376 848 1435 ιιι
869 1378 1028 1439 abolitione
1047 1381 1213 1444 tabularum
1227 1395 1258 1447 et

158 1467 187 1525 in
209 1468 357 1528 sententia
378 1469 488 1527 arbitrii
502 1467 659 1544 Apaturius
681 1480 712 1527 et
732 1468 843 1527 arbiter
866 1468 915 1527 ille
939 1469 1141 1549 designarunt,
1163 1476 1258 1549 iscui

155 1556 233 1617 lacta
246 1568 295 1618 est
305 1556 421 1633 injuria,
432 1557 587 1635 siquando
601 1554 718 1616 redierit
730 1555 897 1631 incolumis,
907 1559 1079 1622 ulciscetur:
1100 1574 1257 1645 postquam

158 1658 256 1712 autem
268 1668 306 1709 eo
326 1649 472 1728 processit
489 1648 680 1726 impudentia
694 1648 864 1727 Apaturius,
878 1658 911 1708 ut
931 1659 962 1710 et
980 1670 1026 1713 me
1047 1655 1141 1735 injus
1161 1670 1260 1734 vocet,

158 1762 193 1803 ac
214 1743 384 1829 criminetur
405 1760 463 1812 me,
477 1741 579 1819 quanti
603 1740 791 1802 damnaretur
815 1742 972 1815 Parmeno,
996 1747 1158 1809 soluturum
1178 1771 1259 1813 rece-

158 1836 246 1916 pisse,
259 1846 291 1896 et
303 1854 351 1896 me
366 1851 537 1913 sponsorem
548 1832 581 1891 ιιι
593 1833 705 1893 tabulis
715 1832 885 1913 inscriptum
901 1856 967 1895 esse
981 1838 1050 1911 aiat,
1063 1840 1106 1901 ita
1118 1843 1161 1901 uti
1174 1844 1262 1906 decet

159 1928 218 1990 tale
235 1928 364 1992 refutare
383 1926 505 1999 crimen,
525 1925 649 2004 primum
671 1926 756 1985 vobis
779 1926 925 1986 adducam
939 1938 1040 2003 testes,
1055 1952 1113 1993 non
1138 1954 1185 1995 me
1201 1956 1260 2015 ¹pro

160 2021 358 2083 Parmenonte
390 2019 596 2099 spopondisse,
616 2016 685 2079 sed
712 2019 892 2099 Archippum
920 2021 1161 2101 Myrrhinusium,
1195 2040 1280 2110 post¹

159 2117 246 2178 etiam
262 2113 443 2194 argumentis
456 2131 504 2171 me
518 2111 687 2185 delendam,
700 2111 833 2174 ludices.
999 2142 1002 2153 ·

199 2209 229 2268 7.
250 2208 319 2267 Jam
341 2204 470 2284 primam
486 2204 620 2265 omnium
642 2205 738 2284 ipsum
762 2204 832 2264 mihi
855 2214 973 2286 tempus
997 2210 1169 2269 ementitum
1193 2183 1259 2273 esse

161 2300 269 2359 crimen
292 2307 430 2358 testatur
471 2296 724 2375 compromissum
752 2297 831 2356 enirn
860 2298 897 2358 ab
932 2298 991 2360 isto
1014 2310 1045 2360 et
1066 2300 1260 2366 Parmenonte
1344 2350 1346 2355 -

161 2399 238 2455 nnnc
259 2388 468 2471 abbinctertio
488 2389 678 2459 factumest,
699 2397 729 2447 et
752 2388 884 2466 cognitio
904 2389 1076 2451 Aristoclis:
1098 2396 1261 2457 sortitiones

162 2496 259 2546 autem
274 2481 451 2564 judiciorum
471 2481 682 2543 mercatoribus
704 2490 859 2542 semestres
874 2491 943 2542 sunt
957 2501 975 2543 a
989 2485 1092 2544 Sextili
1113 2507 1207 2566 usque
1223 2489 1262 2550 ad

163 2577 313 2649 Martium,
325 2583 361 2638 ιιι
369 2574 420 2655 jus
432 2590 520 2636 suum
534 2572 633 2634 statim
647 2573 748 2653 adepti
761 2574 909 2652 navigent.
952 2575 1041 2644 Quod
1055 2577 1079 2636 si
1093 2598 1149 2658 ego
1162 2600 1263 2643 revera

163 2687 287 2748 sponsor
300 2667 344 2726 fai
361 2664 781 2771 Parmenontis,curpr1mum
794 2684 855 2726 non
869 2666 979 2740 atatim,
992 2667 1072 2729 facta
1085 2673 1263 2751 cognitione,

162 2769 302 2843 sponsam
325 2759 484 2839 exigebat?
523 2757 590 2818 Nec
609 2758 687 2818 enim
702 2757 817 2818 sedicet
834 2758 892 2820 boc
915 2760 1012 2822 dicere
1029 2772 1135 2841 potest,
1150 2785 1181 2826 se
1194 2786 1262 2848 pro·

162 2861 225 2936 pter
247 2851 405 2916 amicitiam
423 2853 559 2912 nostram
578 2847 736 2911 molestum
759 2869 826 2912 esse
851 2851 921 2912 mihi
932 2853 1090 2915 noluisse:
1112 2877 1168 2936 ego
1186 2862 1262 2920 enim

163 2948 252 3009 mille
255 2944 628 3007 drachmasParmenontis
639 2943 742 3004 odiose
756 2944 794 3004 ab
808 2963 844 3004 eo
858 2963 1023 3050 exegeram,
1037 2958 1068 3007 et
1080 2969 1262 3014 cumnavcm
1331 2943 1334 2949 ’
1365 3021 1368 3028 ,

162 3037 494 3122 nomentanum
490 3035 707 3096 subducturus
716 3045 748 3096 et
759 3035 859 3096 debito
871 3038 1019 3098 mensario
1032 3039 1230 3118 fraudaturus,
1244 3067 1263 3106 a

162 3151 210 3194 me
222 3130 385 3212 prohibitus
397 3129 505 3188 ιιιιιιι.
518 3129 522 3135 ’
537 3127 674 3201 Proinde,
683 3126 709 3187 si
719 3145 777 3208 ego
786 3149 841 3208 pro
854 3130 1052 3192 Parmenonte
1065 3131 1154 3192 tidem
1166 3155 1262 3198 meam
1370 3193 1375 3200 .

163 3223 469 3294 obstrinxissem,non
480 3221 567 3281 tertio
576 3218 799 3294 'annoderdum
809 3221 863 3282 sed
873 3231 934 3281 tum
949 3223 1046 3304 statim
1061 3243 1107 3285 me
1122 3224 1159 3285 de
1171 3247 1262 3308 spon-

164 3315 244 3378 sione
257 3311 445 3393 appellasset.
477 3313 521 3370 At
533 3311 821 3390 abundabat'opihus
835 3311 933 3384 credo,
947 3323 981 3372 ut
993 3314 1021 3374 ci
1034 3315 1122 3376 etiarn
1136 3330 1205 3398 post
1217 3341 1264 3385 me

163 3406 319 3469 contenire
332 3405 445 3477 liceret,
457 3413 521 3462 tum
535 3421 605 3462 vero
623 3399 794 3483 navigando
809 3415 873 3464 erat
893 3408 1080 3486 occupatus-l
1115 3410 1178 3471 lmo
1195 3433 1263 3492 pro·

164 3511 227 3580 pter
238 3497 368 3577 inopiam
385 3505 417 3556 et
433 3495 522 3555 bonis
536 3495 597 3556 suis
615 3506 757 3568 cesserat,
778 3505 809 3556 et
830 3515 935 3559 nauem
949 3499 1129 3564 vendiderat.
1171 3505 1218 3566 Aa
1232 3518 1265 3567 ιιι

164 3592 289 3653 maxime
300 3585 502 3668 impedimenti
516 3587 627 3666 aliquid
638 3588 667 3649 ei
679 3587 828 3668 objectum
846 3589 884 3648 sit
903 3603 962 3668 quo
980 3593 1074 3653 minus
1087 3599 1265 3662 tumststirn
1332 3617 1336 3621 ·

165 3686 195 3744 in
203 3684 254 3764 jus
265 3701 314 3742 me
325 3689 455 3754 vocaret,
468 3683 657 3761 quamobrem
671 3698 751 3741 anno
764 3681 911 3760 superiore
931 3682 980 3742 bic
996 3697 1140 3759 versatus,
1154 3689 1264 3752 nedum

165 3777 193 3839 in
203 3777 253 3856 jus
262 3791 379 3847 vocare,
393 3773 448 3834 sed
460 3791 518 3833 neo
530 3772 678 3852 appellare
692 3791 738 3834 me
752 3791 844 3834 ausus
858 3773 913 3836 fuit
922 3774 944 3832 l·
957 3776 1050 3855 Atqui
1063 3781 1266 3857 conveniebat,

165 3869 190 3928 si
202 3879 235 3929 et
247 3866 394 3928 Parmeno
407 3864 524 3945 judicio·
537 3867 634 3925 rictum
653 3861 680 3926 ei
699 3865 836 3938 debebat,
851 3875 881 3926 et
895 3885 954 3948 ego
964 3871 1186 3950 spoponderam,
1197 3895 1265 3936 eum

163 3961 204 4020 ad
223 3980 279 4019 me
284 3959 417 4018 tesubus
438 3955 578 4018 adhibitis
600 3958 741 4018 accedere
765 3977 963 4067 sponsumque
975 3965 1185 4042 ''postulaie,
1162 3989 1187 4028 ιι
1204 3989 1264 4031 non

166 4052 273 4113 abhinc
286 4049 384 4122 tertio,
398 4049 549 4129 superiore
568 4050 672 4111 saltem
686 4069 778 4110 anno.
802 4071 848 4124 ao,
872 4053 895 4111 si
914 4056 1136 4133 praestitissem,
1140 4061 1264 4142 auferre,

167 4146 212 4208 sin
224 4145 334 4214 minua,
345 4141 458 4248 judicio
467 4142 605 4222 experiri.
623 4141 662 4202 ln
675 4143 783 4203 talibus
798 4144 875 4204 enirn
890 4146 986 4207 causis
1001 4159 1102 4209 omnes
1114 4151 1264 4230 postulare

167 4239 361 4320 prinsquam
385 4236 415 4296 in
436 4237 501 4296 foro
522 4235 711 4313 contendere,
716 4248 951 4298 consueverunt.
994 4239 1089 4300 Nemo
1107 4255 1204 4304 autem
1218 4258 1265 4309 ast

169 4334 218 4414 qui
237 4332 398 4404 testatirruu¹
416 4329 455 4390 sit
467 4349 499 4391 se
512 4330 642 4402 affuisse,
656 4349 725 4389 cum
736 4330 793 4390 iste
808 4331 855 4392 vel
868 4333 1014 4411 superiore
1027 4354 1106 4395 anno
1117 4335 1171 4397 vel
1180 4343 1265 4402 tertio

168 4425 274 4488 abhinc
288 4434 341 4486 aut
353 4423 430 4484 diem
447 4423 517 4502 mibi
541 4421 655 4495 dixerit,
674 4432 725 4482 aut
743 4424 836 4485 ullum
852 4424 930 4508 apud
950 4443 996 4484 me
1012 4428 1132 4488 verbum
1153 4431 1264 4504 lecerit,
