2967 4950
243 305 302 364 762
552 303 721 366 CONTRA
741 303 1036 366 THROCRIN-EM.

242 470 341 522 autem
354 461 514 533 ooliudere,
529 463 689 544 partirique
702 463 872 544 largitiones
888 483 897 530 3
916 470 1004 540 atque
1017 455 1176 538 aliquando
1185 454 1339 515 conviciari

243 553 319 615 inter
333 573 376 624 se,
392 564 423 615 et
436 558 574 616 extremis
587 557 710 617 invicem
726 557 838 637 probris
851 553 975 625 afficere,
986 551 1075 633 paulo
1090 558 1169 630 post,
1177 549 1241 609 dies
1254 547 1342 608 festos

242 665 304 706 una
320 647 440 726 agitare,
455 656 486 707 et
509 667 593 709 sacra
615 649 723 709 habere
743 648 919 709 communia.
962 645 1068 725 Neque
1090 642 1196 702 horum
1217 640 1341 700 fortasse

244 739 401 818 quicquam
414 749 460 799 est
480 739 586 800 miratu
608 740 741 820 dignum.
784 741 862 800 Nam
885 750 917 799 ct
937 747 1043 798 natura
1067 745 1137 796 sunt
1158 732 1294 812 improbi,
1311 740 1342 792 ιι

243 831 318 891 tales
330 832 513 893 velitationes
527 831 660 894 vident‘a
672 833 755 894 robis
777 831 941 913 approbari.
983 830 1083 898 Quare
1097 826 1169 907 quid
1181 835 1273 898 vetat,
1284 845 1343 904 ‘1¹¹0

243 925 340 986 minus
353 926 401 985 his
416 926 526 986 artibus
538 927 672 1006 decipere
684 946 737 987 vos
747 923 922 987 instituenti
943 922 1080 1002 Denique
1090 921 1195 982 decere
1213 923 1268 988 ιοι
1282 918 1343 996 opi·

244 1037 308 1090 nor,
322 1017 452 1092 Judices,
464 1019 538 1079 iilud
553 1031 698 1100 spectare,
718 1020 742 1078 si
755 1039 841 1098 aequa
853 1018 950 1080 dicam
972 1026 1003 1077 et
1019 1007 1217 1076 consentanea
1230 1012 1344 1090 legibus
1405 1011 1409 1016 ’

245 1111 310 1189 ipsa
322 1110 360 1172 de
372 1131 414 1185 re,
427 1120 462 1171 ut
475 1111 665 1192 opitulemini,
679 1131 775 1192 neque
788 1109 970 1183 intueamini,
984 1128 1023 1169 an
1038 1109 1064 1168 is
1079 1107 1130 1187 qui
1143 1115 1273 1178 accuset,
1287 1123 1345 1163 non

149 1223 153 1230 ·
246 1203 286 1262 sit
307 1203 535 1277 Demosthenes,
559 1205 611 1266 sed
637 1205 893 1272 adolescentulus;
915 1221 1014 1281 neque
1037 1201 1103 1281 pins
1121 1198 1258 1259 tribuatis
1272 1196 1345 1276 legi·

245 1297 311 1368 bus,
325 1296 351 1356 si
364 1297 430 1376 quis
442 1317 493 1359 eas
511 1299 606 1359 verbis
619 1308 775 1358 exornatas
788 1298 873 1358 vobis
892 1296 1037 1366 exhibent,
1055 1313 1143 1372 qnam
1157 1293 1185 1352 si
1202 1292 1255 1370 qui
1272 1311 1346 1370 quo·

245 1389 453 1470 modoo'unque
466 1389 635 1472 ¹explicent,
666 1391 719 1452 sed
741 1409 850 1471 parem,
871 1399 961 1470 atque
983 1387 1108 1449 eandem
1132 1385 1344 1457 auctoritatem,

245 1491 388 1563 tantoque
411 1483 506 1562 magis
529 1484 654 1564 imperiti
675 1495 707 1544 et
731 1483 937 1545 adolescentes
958 1478 1119 1562 adjurandi
1137 1480 1217 1551 sunt,
1236 1477 1347 1557 quanto

246 1573 412 1636 minueres
426 1575 604 1654 deceperint.
634 1575 712 1636 Nam
725 1576 903 1640 contrarium
916 1593 983 1635 esse
996 1575 1119 1646 thctum,
1130 1572 1348 1643 eunonium

247 1666 314 1728 sed
311 1684 369 1726 me
387 1666 565 1728 factionibus
582 1687 726 1749 pressum,
742 1679 774 1732 et
795 1690 814 1730 a
833 1667 1009 1748 quibusdem
1022 1667 1074 1747 qui
1080 1666 1271 1746 receperant,
1282 1683 1325 1724 se
1329 1683 1349 1724 a

248 1777 296 1820 me
319 1767 459 1832 staturos,
480 1769 599 1841 propter
619 1761 753 1823 istorum
764 1761 996 1842 conspirationes
1019 1780 1087 1822 csse
1106 1758 1268 1840 proditum,
1288 1762 1349 1818 nod

248 1852 347 1925 istum,
366 1853 554 1933 perspicuum
578 1855 663 1916 ¹robis
685 1855 751 1916 erit.
792 1855 891 1916 Vocet
910 1873 1009 1936 prem
1029 1853 1079 1914 hic
1101 1851 1362 1925 Demosthenen,

249 1963 310 2005 non
317 1944 494 2007 adscendet
526 1946 600 2026 ιῇιιι
615 1957 713 2008 autern
725 1949 768 2008 rei
780 1966 872 2008 censa
884 1956 931 2008 est
943 1967 1003 2007 non
1013 1946 1091 2020 haec,
1103 1945 1217 2023 quodn
1228 1944 1350 2022 quibus·

250 2036 319 2098 dam
341 2036 500 2109 adductus,
522 2038 612 2099 istum
633 2039 736 2112 detuli,
758 2040 811 2100 sed
831 2039 933 2119 quod
925 2048 992 2111 rste,
1005 2047 1049 2098 ιι
1050 2038 1075 2098 ιι
1088 2057 1139 2116 qur
1130 2036 1243 2096 modo
1262 2055 1350 2096 voca·

249 2130 434 2203 botoniates
448 2150 481 2190 se
498 2139 714 2211 transegerunt.
746 2132 847 2200 Quod
858 2142 894 2190 ut
907 2149 1009 2193 verum
1029 2149 1097 2190 esse
1110 2139 1236 2202 constet,
1243 2127 1352 2204 'dicere'
1466 2156 1467 2163 ι

250 2223 451 2284 testimonium
464 2243 570 2302 cogam
585 2224 823 2305 Clinomachum,
845 2223 895 2305 qui
909 2243 960 2285 eos
974 2221 1181 2296 reconciliavit,
1195 2231 1227 2282 et
1247 2221 1351 2282 Eubu-

250 2315 350 2389 lidem,
365 2317 414 2396 qui
427 2316 458 2375 in
472 2316 645 2398 Cynosarge
657 2316 799 2378 interfuit.
839 2317 946 2396 Neque
965 2335 1036 2377 vero
1057 2316 1174 2396 signnm
1192 2315 1277 2375 vobis
1295 2314 1351 2376 hoc

250 2409 360 2484 minus,
379 2409 433 2470 scd
456 2410 551 2491 majus
576 2409 731 2491 proferam,
751 2410 831 2471 unde
852 2418 970 2470 constet
990 2409 1048 2470 hoc
1071 2429 1137 2470 csse
1160 2429 1272 2482 rerum,
1293 2429 1351 2491 quo
1466 2465 1467 2486 ,

253 2503 449 2578 sudit0,mihi
470 2522 572 2565 omnes
593 2504 800 2565 assentiemini.
842 2504 1030 2578 iheocrines,
1050 2505 1101 2585 qui
1114 2504 1289 2587 violatarum
1310 2504 1351 2564 le·

254 2607 458 2677 gumfaccusat
469 2598 615 2678 impurum
630 2597 732 2676 illum,
744 2606 777 2656 ut
798 2598 1014 2677 quamprimum
1037 2597 1127 2668 dicet,
1140 2606 1171 2655 ιι
1188 2596 1312 2656 istorum
1325 2597 1351 2656 ei

253 2689 394 2749 malorum
408 2700 567 2760 auctorem,
579 2690 677 2768 palam
690 2691 717 2749 ei
731 2690 842 2749 remisit
854 2689 886 2748 id
900 2689 1011 2748 crimen
1024 2688 1104 2769 quod
1114 2687 1220 2747 decem
1232 2688 1350 2748 talentis

153 2852 158 2860 ,
255 2782 427 2841 oeshmarat.
456 2781 536 2863 Quii
522 2782 639 2841 iNihii
659 2781 821 2860 idquidem
839 2781 918 2854 nori,
931 2779 984 2840 sed
1006 2781 1085 2841 idem
1103 2780 1183 2855 tacit,
1204 2781 1284 2859 quod
1305 2779 1351 2841 alii

255 2872 374 2955 quidum
389 2873 481 2933 istius
499 2871 608 2933 similes
627 2882 762 2954 egerunt
804 2872 881 2933 Nam
902 2868 1144 2945 Demosthenem,
1158 2872 1351 2958 pronunciata

139 2993 142 2997 ²
255 2966 500 3041 actione,jursrit
513 2965 632 3045 quidam
643 2976 797 3073 aegrotare,
813 2986 881 3027 cum
895 2965 921 3025 is
935 2964 1109 3038 ambularet,
1123 2965 1350 3053 atqueAEschini

256 3060 500 3122 conviciareturt
508 3079 576 3120 eum
588 3079 657 3121 vero
670 3060 820 3119 inimicum
832 3058 889 3120 iste
902 3058 1022 3119 missum
1035 3058 1114 3131 iecit,
1128 3068 1160 3118 ιι
1173 3078 1269 3137 neque
1281 3067 1350 3117 tunc

252 3156 458 3237 jusjurandum
478 3154 572 3226 dedit,
593 3168 698 3235 neque
717 3153 856 3234 deinceps
880 3154 907 3213 ei
929 3152 1125 3238 denunciavit.
1155 3152 1278 3213 Nonne
1296 3153 1350 3213 ιιι·

257 3248 360 3309 denter
382 3248 429 3308 isti
450 3247 649 3309 sucumvobis
670 3247 792 3323 iaciunt,
803 3248 854 3328 qui
867 3266 918 3310 eos
935 3255 972 3306 ut
983 3247 1058 3308 iuter
1078 3245 1258 3309 seinimicos
1272 3244 1349 3310 audi·

259 3340 336 3401 atisi
357 3341 464 3402 Recita
475 3339 652 3402 testimonia.
706 3380 708 3385 -
771 3354 777 3362 ⁴

672 3561 940 3624 TESTIMONIA.

260 3706 389 3769 Proinde
407 3710 523 3789 justum
546 3718 604 3780 est,¹
622 3706 757 3782 sudines,
771 3729 867 3791 neque
880 3729 934 3770 ros
956 3726 1008 3769 eos
1029 3705 1131 3767 audire
1154 3707 1243 3781 ιιιιι,
1258 3705 1309 3786 qui
1322 3724 1350 3764 se
1467 3733 1468 3736 ¹

252 3799 430 3863 'Theocriti
444 3822 482 3863 ex
503 3800 572 3862 odio
602 3800 810 3881 Demosthenis
836 3796 1013 3886 patrocinari
1032 3797 1240 3880 profitenturt·
1257 3799 1352 3879 jubete

259 3892 370 3973 potius,
385 3893 526 3973 siquidem
549 3910 651 3955 revera
670 3892 779 3956 inimici
803 3894 872 3971 sint,
884 3903 920 3955 ut
940 3912 1007 3954 eum
1031 3892 1074 3977 iili
1094 3890 1249 3965 accusent,
1262 3910 1353 3971 neque

259 3987 406 4047 contraria
432 3984 546 4065 legibus
571 3986 700 4047 scribere
725 3988 884 4067 patrantur
885 3994 996 4047 -sunt
1011 3970 1115 4045 autern
1133 3989 1189 4045 ιι
1208 3987 1266 4065 ipsi
1296 3983 1354 4043 elo·

259 4088 395 4159 quentes,
402 4089 451 4139 ιι
455 4078 523 4158 plus
545 4078 625 4158 apud
637 4098 691 4139 vos
711 4079 824 4143 hebent
840 4066 1084 4143 ιιιιοιιιιιιιὲ.
1085 4066 1161 4139 'sed
1174 4098 1235 4170 non
1250 4077 1357 4138 facient
1467 4087 1468 4100 ¹

259 4170 328 4233 hoc.
361 4169 578 4240 Quamobrem?
608 4170 686 4241 Quia
707 4186 740 4234 se
752 4173 864 4235 dicent
878 4173 1026 4234 initnicos
1022 4176 1113 4244 esse,
1133 4190 1217 4231 curn
1223 4191 1285 4231 non
1301 4169 1355 4231 sint

259 4261 379 4325 inimici.

304 4357 565 4419 intentatorum
585 4356 750 4421 inimicitias
769 4380 823 4422 ιοι
845 4360 917 4421 mibi
931 4360 1039 4422 certius
1060 4359 1252 4443 exposueritis
1272 4374 1354 4437 quam
1467 4403 1468 4424 ,

263 4464 319 4524 ego
340 4450 435 4511 vobis.
461 4452 684 4551 Libensautern
698 4473 798 4517 coram
815 4455 1103 4552 vnbisTheocrinenr
1123 4450 1355 4535 pernominati
