2967 4950
503 325 673 396 CONTRA
694 324 893 387 NEAERAM.
1183 319 1242 379 tas

149 484 280 568 erigens,
300 483 374 546 istos
399 484 429 544 in
447 484 589 568 judicium
608 484 720 556 rocavi,
743 491 908 561 vernaque
929 478 1096 545 auctoritni
1120 473 1244 555 subieci.

150 575 245 638 Decet
265 587 363 638 antem
382 597 434 640 vos
456 597 573 658 quoque
592 576 768 647 existimare,
789 594 850 641 nou
863 573 940 640 clam
953 572 1015 638 fore
1034 571 1119 641 deos,
1131 569 1245 647 inques

148 670 195 730 isti
207 669 289 748 impii
299 671 426 742 fuerunt,
447 671 519 750 quid
541 680 668 733 vestrum
689 668 892 748 unusquisque
905 666 1052 738 decernat,
1065 674 1096 724 et
1114 662 1157 725 ita
1174 681 1244 740 pro·

149 763 298 836 nunciare,
312 772 347 822 ut
361 762 478 843 justitia
501 763 623 842 flagitat,
639 781 674 822 ac
694 760 799 824 ulcisci
812 760 868 820 diis
880 759 1007 826 maxime
1018 756 1130 820 factam.
1141 761 1245 821 coutu-

149 857 279 932 meliam,
303 857 409 920 deinde
428 856 510 918 vobis
532 856 619 918 etiam
646 855 727 934 ipsis.
770 855 846 923 Quas
867 855 894 913 si
915 851 1053 922 feceritis,
1071 866 1174 912 omues
1192 863 1246 906 voi

150 949 446 1029 hanccausam,qua
464 968 520 1028 ego
543 948 677 1008 Neaeram
703 947 969 1026 peregrinam
993 942 1068 1004 ciri
1088 946 1246 1019 nuptant

153 1043 300 1118 accusavi,
310 1041 449 1123 praeclare
460 1052 493 1102 et
501 1043 582 1122 juste
596 1039 776 1119 dijudicasse
790 1038 1006 1104 existimabunt.
1242 1044 1245 1048 ’

519 1366 916 1386 ”W

519 1387 917 1408 m

330 1658 334 1665 ’
420 1661 996 1750 DEMOSTHENIS

475 1925 659 1992 ORATIO
682 1920 941 2003 FUNEBRIS.

650 2157 771 2172 ...ιι-

203 2295 231 2353 1.
253 2291 358 2362 Quun
373 2287 452 2364 viris,
465 2287 557 2368 quiin
571 2289 629 2349 hoc
643 2290 823 2350 monimento
835 2289 944 2352 conditi
954 2299 1032 2364 snut,
1045 2287 1126 2371 quod
1138 2288 1169 2347 in
1178 2287 1258 2349 bello

160 2397 281 2450 strenue
296 2405 328 2445 se
343 2390 508 2463 gesserunt,
522 2381 672 2461 publicum
686 2383 775 2443 funus
795 2403 815 2443 a
841 2392 945 2444 senatu
970 2382 1137 2463 populoque
1157 2381 1258 2442 decre·

159 2492 239 2553 tum‚·
249 2478 379 2557 mihique
389 2474 561 2551 mandatum
574 2484 653 2535 esset
665 2486 699 2535 ut
720 2495 773 2555 pro
790 2496 871 2536 more
885 2476 1046 2535 orationem
1060 2474 1152 2557 decis
1166 2474 1259 2535 habe-

159 2593 232 2646 rem,
256 2570 354 2631 statim
379 2568 516 2647 cogitavi,
537 2588 595 2647 qua
618 2570 728 2629 ratione
745 2570 916 2649 promerito
937 2568 1051 2628 laudari
1067 2580 1206 2649 possent:
1228 2590 1260 2644 re

161 2676 259 2729 autem
273 2673 413 2743 suscepta
425 2674 455 2721 et
467 2661 618 2737 meditata,
633 2684 685 2747 pro
705 2662 910 2725 defunctorum
931 2665 1072 2744 dignitate
1092 2666 1183 2725 verba
1199 2662 1262 2741 fieri

158 2779 249 2843 posse
264 2758 408 2819 anemine
421 2756 610 2836 deprehendi.
652 2759 712 2825 Qui
725 2759 802 2819 eninr
816 2781 835 2820 a
853 2771 958 2821 natura
978 2760 1179 2839 ingeneratum
1199 2780 1262 2820 om·

160 2853 249 2913 nibus
275 2850 393 2911 vivendi
416 2850 592 2911 desiderium
618 2852 764 2933 aspernati
791 2865 870 2925 sunt,
884 2863 915 2912 et
937 2855 1112 2914 occumbere
1136 2852 1263 2913 honeste

159 2962 250 3023 quam
264 2942 402 3003 afflictam
422 2939 545 3000 Graeciae
563 2942 710 3002 fortunam
730 2942 861 3004 viventes
885 2964 1004 3005 cernere
1026 2944 1201 3016 maluerunt,
1223 2964 1262 3004 au

160 3055 223 3095 non
245 3054 310 3095 eam
328 3054 390 3094 snae
413 3034 527 3096 virtutis
554 3036 724 3096 memoriam
749 3035 893 3115 reliquere
914 3056 1003 3115 quam
1023 3036 1105 3098 nulla
1126 3058 1279 3116 superare·

163 3126 260 3209 possit
272 3126 389 3187 oratio?
424 3126 512 3195 Quod
526 3146 594 3187 cnm
606 3128 648 3187 ita
668 3128 715 3200 sit,
730 3138 830 3187 tamen
848 3138 882 3187 ut
901 3128 949 3188 aiii
963 3129 1094 3188 iecerunt
1109 3128 1264 3206 hactenus,

162 3220 207 3281 ita
220 3218 331 3279 etmihi
347 3218 550 3281 disserendum
563 3219 612 3280 hic
627 3240 692 3279 esse
706 3240 782 3283 reor.
825 3221 976 3289 Quantum
990 3221 1079 3301 igitur
1092 3218 1194 3281 civitas
1213 3240 1264 3281 eo·

161 3332 228 3373 rum
242 3311 373 3372 studium
386 3314 495 3373 habeat
509 3311 602 3391 quiin
616 3312 701 3373 bellis
720 3314 912 3387 occumbunt,
935 3333 1003 3373 cum
1022 3314 1135 3373 caeteris
1148 3336 1164 3373 e
1177 3315 1265 3375 rebus

161 3404 346 3486 perspicitur,
360 3415 422 3465 tum
436 3425 506 3466 vero
521 3423 558 3465 ex
570 3405 627 3465 hac
648 3406 715 3485 lege
735 3406 921 3487 potissimum
940 3426 1000 3485 qua
1016 3406 1066 3491 qui
1079 3406 1266 3488 adpublicas

161 3498 330 3578 sepulturas
350 3498 508 3559 orationem
526 3496 635 3559 habeat
649 3498 739 3578 deligi
758 3498 843 3559 solet.
884 3498 954 3559 Non
978 3500 1081 3579 ignara
1099 3500 1177 3565 enim
1190 3521 1265 3581 prae-

164 3599 278 3650 stantes
290 3588 367 3650 viros
381 3611 437 3651 nec
452 3588 641 3670 deputandis
658 3592 766 3679 ppibus
781 3613 837 3653 nec
852 3593 1035 3673 perfruendis
1049 3594 1116 3652 vitae
1131 3594 1268 3675 volupta-

162 3682 244 3743 tibus
258 3702 438 3763 magnopere
459 3678 602 3757 laborare,
626 3684 679 3744 sed
702 3705 802 3744 eorum
816 3705 903 3744 omne
918 3684 1094 3744 desiderium
1109 3684 1140 3745 in
1159 3688 1268 3769 virtute

163 3784 195 3835 et
216 3775 351 3836 laudibus
377 3776 572 3854 acquiescere,
599 3777 776 3837 orationibus
797 3776 831 3835 iis
859 3795 926 3855 quae
951 3775 1008 3833 illis
1031 3796 1068 3835 eu
1093 3789 1270 3857 praestarent

163 3866 290 3927 maxime
310 3868 459 3928 ornandos
481 3867 607 3940 censuit,
627 3877 670 3940 ut,
695 3888 783 3947 quam
803 3868 859 3947 ipsi
883 3866 1005 3947 gloriam
1024 3868 1156 3931 viventes
1170 3871 1269 3953 adepti

164 3968 274 4033 esseut,
289 3979 325 4020 ea
338 3960 484 4021 defunctis
499 3959 586 4019 etiam
596 3960 777 4022 redderetur.

205 4055 236 4111 2.
260 4052 348 4120 Quod
362 4054 386 4113 si
397 4063 540 4131 quantum
553 4052 592 4113 ad
608 4053 746 4113 virtutem
771 4053 876 4113 attinet
895 4054 989 4114 solam
1002 4054 1033 4115 in
1047 4054 1088 4116 eis
1102 4056 1193 4115 fuisse
1210 4056 1270 4115 for-

162 4144 325 4205 titudinem
338 4146 479 4220 viderem,
493 4139 710 4207 ea'collaudata
719 4148 808 4207 finem
822 4146 941 4207 dicendi
954 4148 1100 4209 facerem:
1118 4167 1187 4209 cum
1199 4168 1269 4208 vero

163 4241 207 4301 eis
231 4241 389 4321 contigerit
410 4251 495 4303 utet
516 4243 655 4323 praeclare
678 4243 739 4303 nati
760 4252 790 4302 et
811 4242 934 4303 instituti
947 4243 1007 4303 sint
1018 4241 1174 4302 liberaliter
1187 4253 1218 4302 et
1239 4242 1270 4315 in

163 4336 227 4397 vita
240 4335 342 4415 gloriae
356 4336 531 4411 studuerint,
551 4338 656 4418 quibus
680 4338 768 4399 rebus
790 4325 960 4399 factumest
976 4348 1010 4398 ut
1021 4336 1123 4396 merito
1136 4336 1272 4400 virtutem

163 4428 304 4507 colerent,
317 4430 423 4493 horum
440 4428 551 4536 aliquid
566 4432 714 4511 praeterire
728 4432 791 4491 sine
804 4421 918 4511 pudore
931 4450 990 4492 non
1004 4449 1134 4509 possum.
1166 4421 1272 4494 Ordiar
