2967 4950
360 306 424 405 ⁸uu
445 308 563 370 uuus
586 304 725 370 ousta
750 305 1001 368 susurrone.
1052 341 1076 390 ·.
1191 309 1231 366 as

126 460 187 523 sed
200 460 318 534 laedunt
338 436 555 542 rempublicam,
576 464 659 544 pacis
673 425 861 544 interpretem
878 463 1072 536 mulctabant,
1092 482 1145 525 vos
1165 481 1235 524 vero

128 555 182 634 qui
197 555 325 690 fructqm
339 555 497 636 percipitis,
510 575 563 616 eos
581 557 630 636 qui
644 557 745 622 utilem
766 556 934 638 reipublicae
947 571 1065 640 operam
1080 565 1235 630 natarunt,

131 647 315 799 dediietiina
333 759 402 800 cum
415 738 551 820 Philippo
564 741 680 802 cantica
690 739 879 832 triumphalia
898 739 1003 813 cecini,
1026 740 1136 802 eversis
1157 739 1236 800 Pho·

128 832 266 894 censium
279 833 412 904 urbibus,
427 844 462 892 ut
480 833 520 894 ait
534 840 698 898 accusator.
734 836 802 904 Quo
818 845 916 902 autem
935 835 964 894 id
980 845 1153 914 argumento
1171 855 1238 915 per·

131 924 237 1004 spicue
257 927 365 1003 poterit
382 926 606 992 demonstraret
626 929 699 987 Sum
716 927 876 988 enimcum
891 927 1237 1007 ceterisnpstrislegatis
1334 982 1339 994 ,

129 1017 175 1077 ad
192 1013 350 1096 hospitium
373 1017 533 1101 invitatus:
554 1019 675 1080 suerunt
696 1031 793 1080 autem
812 1019 918 1092 vocati,
932 1028 964 1078 et
983 1015 1149 1080 concinnati
1170 1029 1240 1082 sunt

130 1129 203 1170 cum
217 1109 414 1188 legationibus
428 1111 612 1185 Grrecorum,
633 1131 693 1173 non
713 1111 867 1193 pauciores
887 1111 1034 1172 ducentis.
1065 1113 1145 1173 luter
1163 1133 1239 1192 quos

130 1220 192 1280 ago
210 1202 322 1262 scilicet
334 1204 512 1284 conspicuus
531 1205 585 1278 fui,
606 1225 667 1264 non
689 1205 851 1276 subticens,
873 1204 926 1264 sed
949 1191 1129 1277 concinens,
1144 1215 1176 1265 ut
1200 1207 1242 1266 ait

134 1294 373 1356 Demosthenes:
394 1297 444 1376 qui
456 1313 513 1358 nec
526 1298 590 1376 ipse
611 1297 651 1356 ibi
670 1297 776 1371 adluit,
789 1315 845 1356 nec
860 1315 964 1357 eorum
977 1297 1026 1374 qui
1044 1295 1242 1357 interfuerunt

134 1385 231 1445 ullum
244 1397 349 1446 testem
364 1387 511 1466 produxit.
557 1388 596 1448 Et
607 1389 673 1467 quis
693 1398 741 1448 me
755 1408 843 1448 nosse
859 1388 965 1468 potuit,
979 1388 1036 1448 nisi
1050 1388 1138 1460 forte,
1155 1396 1189 1448 ut
1209 1389 1241 1448 in

133 1477 275 1552 coetibus,
292 1479 465 1560 praecinuit·
476 1480 579 1560 ltaque
598 1480 624 1540 si
638 1481 728 1555 tacui,
746 1481 822 1540 falso
846 1499 893 1540 me
915 1499 1039 1540 accusas
1051 1477 1070 1540 ε’
1082 1479 1128 1540 sin
1146 1475 1242 1560 patria

134 1573 395 1645 nostraineolumi,
409 1583 441 1634 et
450 1574 563 1634 civibus
578 1573 660 1634 nulla
672 1574 838 1633 calamitate
858 1573 977 1653 publiea
991 1572 1240 1646 conflictantibus,

22 1742 23 1748 ἵ
135 1664 275 1726 Paeanem
286 1685 352 1726 cum
366 1668 471 1728 ceteris
486 1668 591 1747 legatis
604 1667 752 1741 concinui,
766 1672 834 1728 cum
848 1676 879 1727 et
892 1667 949 1726 deo
960 1667 1056 1728 honos
1074 1666 1242 1740 haberetur,
1291 1709 1293 1720 ·

133 1767 169 1818 et
180 1759 375 1831 Athenienses
389 1759 473 1819 nulls
482 1760 850 1840 ignominiaafficerentur,
863 1759 911 1838 pie
925 1759 993 1831 t’eci,
1006 1779 1066 1818 uon
1080 1759 1199 1840 injuste,
1213 1771 1244 1821 et

129 1851 201 1931 jure
211 1852 414 1912 conservabat.
441 1851 481 1911 Et
493 1872 550 1932 ego
562 1862 685 1932 propter
701 1851 767 1914 haec
780 1850 982 1912 immisericors
999 1849 1088 1910 homo
1104 1871 1190 1912 sum:
1211 1851 1256 1912 tu'

135 1963 207 2002 vero
220 1943 297 2023 pius,
310 1943 361 2022 qui
381 1944 421 2005 sis
436 1963 547 2018 eorum,
561 1945 611 2024 qui
624 1942 728 2004 iisdem
741 1955 841 2022 tecum
856 1953 888 2002 et
900 1941 1087 2002 libationibus
1101 1952 1132 2002 et
1147 1943 1244 2022 epulis

137 2036 186 2096 usi
197 2045 283 2105 sunt,
296 2047 462 2096 accusator.
550 2072 552 2076 ·
1018 2057 1021 2064 ’

181 2129 231 2186 52.
252 2128 350 2206 Atque
363 2129 452 2190 etiam
465 2128 693 2188 inconstantiam
715 2128 746 2187 ia
766 2126 897 2206 gerenda
912 2125 1064 2206 republica
1076 2124 1147 2186 mihi
1163 2125 1244 2205 obje-

135 2219 216 2290 cisti,
230 2219 391 2296 quodcum
407 2220 486 2298 prius
510 2219 632 2280 Graecos
655 2229 759 2280 contra
777 2217 947 2298 Philippum
970 2217 1177 2300 concitassent,
1200 2217 1243 2278 le·

139 2321 227 2390 gatus
249 2309 375 2370 adeum
402 2302 515 2370 iverim.
550 2311 706 2371 Enimvero
731 2312 810 2371 idem
833 2311 943 2371 crimen
965 2310 1084 2390 publice
1109 2310 1244 2370 omuibus

125 2396 375 2477 .Atheuiensibus
389 2401 520 2482 objicies.
546 2401 662 2461 Bellum
676 2399 811 2481 gessistis
826 2421 893 2461 cum
907 2401 1154 2468 Lacedaemoniis:
1176 2421 1243 2463 eos-

140 2497 209 2557 dem
221 2495 487 2575 postLeuctrloam
496 2496 694 2557 calamitatem
704 2494 888 2555 defendistis.
903 2495 1061 2555 Thebanos
1072 2495 1243 2567 exsulantes

138 2590 170 2648 in
181 2588 304 2668 patriam
313 2586 499 2659 restituistis:
520 2598 550 2646 et
558 2602 657 2647 rursus
669 2587 788 2647 eosdem
800 2587 839 2646 ad
849 2588 1032 2648 Mantineam
1043 2588 1247 2667 oppugnastis.

141 2680 349 2761 oppugnastis
376 2679 556 2739 Eretrienses
574 2690 606 2739 et
626 2680 853 2742 Themisonem:
875 2693 963 2761 atque
982 2680 1102 2740 e'osdem
1127 2700 1247 2743 conser-

107 2798 112 2803 ·
140 2772 243 2831 vastis.
271 2772 313 2831 Et
334 2764 457 2830 Girecos
478 2771 722 2832 infinitoseodem
737 2764 826 2833 modo
845 2772 1002 2833 tractastis.
1032 2772 1109 2833 Nam
1124 2773 1247 2852 tempori
1344 2776 1346 2783 “

142 2864 260 2937 servire,
274 2873 304 2923 et
323 2863 436 2943 optima
447 2880 572 2941 qumque
585 2864 722 2943 amplecti
739 2864 855 2943 publice
870 2874 900 2923 et
912 2864 1057 2947 priuatim,
1077 2884 1181 2925 omnes
1195 2884 1248 2923 ue·

142 2977 228 3019 cesse
238 2958 359 3017 habent.
380 2956 460 3023 Quid
476 2967 575 3015 autem
585 2958 665 3015 bono
678 2956 806 3017 muatori
820 2966 866 3015 est
879 2955 1050 3035 agendum?
1072 2956 1179 3015 Nonne
1191 2958 1247 3016 rei·

142 3049 273 3130 publica
291 3068 390 3131 prore
407 3059 488 3121 nata,
507 3068 544 3108 ea
557 3068 624 3128 quta
646 3048 799 3108 utilissima
819 3038 888 3119 siut,
911 3047 1088 3107 suadenda?
1110 3048 1247 3127 Improbe

142 3141 406 3223 porruaccusatori
427 3141 562 3220 quidest
580 3140 739 3216 dicendum
750 3141 774 3220 i
784 3140 891 3199 Nonne
905 3140 1084 3219 temporibus
1110 3138 1248 3199 dissimu-

142 3234 211 3294 latis
225 3254 276 3296 res,
284 3244 378 3313 gestae
387 3232 587 3293 accusaudoel
602 3232 689 3291 Unde
698 3253 784 3312 porro
793 3233 882 3292 homo
894 3232 931 3291 ad
942 3232 1138 3312 proditionem
1149 3241 1246 3306 uatus,

143 3337 191 3387 est
201 3324 405 3406 spectandus?
426 3325 497 3385 Nou
510 3325 561 3397 ita,
572 3334 607 3385 ut
616 3336 648 3384 tn
663 3325 697 3384 iis
712 3342 781 3385 usus
790 3342 822 3385 es
831 3324 881 3405 qui
891 3324 945 3384 tibi
951 3323 1112 3384 familiares
1121 3323 1250 3395 fuerunt,

142 3431 178 3481 et⁴
187 3420 279 3479 fidem
292 3419 475 3491 habuerunt:
497 3419 547 3498 qui
560 3420 599 3478 ob
613 3418 776 3478 mercedem
792 3419 938 3479 orationes
953 3418 992 3479 ad
1002 3416 1115 3504 jttdicia
1129 3418 1249 3489 scribat,

146 3531 256 3590 easque
271 3513 378 3592 prodat
399 3511 595 3572 adversariisl
617 3509 788 3571 Orationem
812 3512 955 3591 scripsisti
979 3507 1148 3577 Phormioni
1170 3532 1252 3571 men·

146 3606 235 3677 sario,
250 3606 378 3684 pecunia
398 3615 539 3684 accepta:
560 3606 693 3665 eandem
706 3604 888 3685 Apollodoro
910 3606 1069 3682 tradidisti,
1086 3604 1137 3684 qni
1157 3604 1251 3665 Phor-

146 3697 274 3757 mionem
297 3696 403 3777 capitis
426 3698 595 3757 accusabat.
625 3697 781 3776 Ingressus
804 3716 838 3757 es
860 3696 889 3755 i'u
913 3697 1066 3759 florentem
1093 3696 1254 3764 Aristarchi

146 3790 279 3863 domum,
294 3789 413 3851 Moschi
429 3809 469 3862 ι,
489 3808 554 3848 eam
574 3789 736 3867 perdidisti.
758 3788 927 3869 Praecepisti
943 3788 999 3847 tria
1011 3788 1123 3849 talenta
1137 3790 1174 3849 ab
1188 3791 1256 3849 Ari·-
1308 3788 1311 3795 '

146 3882 265 3942 starcho
277 3882 328 3961 qul
347 3881 480 3947 exsulat:
502 3900 571 3941 eum
585 3879 677 3939 exsilii
697 3881 805 3941 viatico
820 3879 964 3961 spoliasti,
978 3879 1086 3939 famam
1108 3881 1180 3939 nihil
1202 3900 1254 3940 ve·

129 3968 230 4043 ritus,
244 3994 312 4033 eum
333 3984 363 4033 te
381 3972 478 4050 mirari
497 3973 618 4033 formum
633 3970 829 4032 adolescentis
847 3970 1026 4032 simulasses.
1049 3967 1154 4050 Neque
1175 3972 1254 4031 enim
1347 4012 1350 4018 ·

146 4086 215 4127 vere
229 4068 349 4126 miratus
360 4086 403 4126 es.
430 4055 534 4144 Neque
544 4056 622 4124 enirn
634 4081 720 4123 verus
727 4084 809 4123 amor
818 4062 1034 4143 improbitatem
1045 4064 1190 4125 admittit.v
1206 4063 1253 4123 Ex
1289 4110 1296 4129 .

146 4156 205 4227 his,
217 4156 419 4235 similibusque
433 4154 530 4230 rebus,
545 4155 735 4215 aestimandus
749 4160 796 4215 est
807 4154 950 4235 proditor.
1021 4229 1024 4237 .
1075 4236 1080 4239 .
1330 4230 1333 4241 ι

152 4292 156 4301 .
186 4252 237 4308 53.
258 4248 395 4319 Quodam
416 4250 506 4310 etiam
520 4246 720 4309 locoamilitiae
738 4247 917 4307 mentionem
940 4247 1021 4321 fecit,
1041 4265 1148 4324 meque
1170 4266 1253 4326 egre·

145 4343 228 4421 mum
250 4341 333 4402 illum
355 4341 477 4401 militem
491 4339 668 4421 appellavit}
691 4360 747 4420 ego
767 4360 837 4403 vero
858 4346 917 4400 uon
939 4348 1059 4417 propter
1080 4337 1160 4398 illius·
1182 4360 1255 4402 con·

147 4432 265 4505 vicium,
284 4434 350 4505 sed·
362 4433 536 4494 discriminis
557 4432 645 4512 hujus
665 4424 769 4493 habita
788 4434 911 4501 ratione,
931 4429 1126 4489 sine-invidia
1146 4431 1185 4491 de
1209 4432 1265 4492 his.

484 4536 489 4541 .
672 4529 691 4568 4,
708 4543 730 4583 ι
