2967 4950
451 271 625 382 corsuna
647 316 939 380 ruaocarnau.
1182 306 1242 378 rar

136 477 242 560 rietur,
262 485 294 538 et
316 496 377 537 uon
400 474 534 550 solvisse,
548 475 751 557 septingentas
765 472 932 546 drachmas,
945 490 1020 551 quas
1038 473 1068 532 in
1081 470 1242 533 referendis

136 570 302 633 rationibus
324 588 362 631 ex
383 569 496 631 mulcta
517 568 620 630 debuit
640 586 703 629 sua)
723 567 818 628 tribus
837 566 929 627 heroi.
971 568 1035 646 Age
1054 564 1132 627 banc
1146 566 1240 646 ipsam

134 663 215 751 legia
228 673 342 745 partem
355 663 458 724 recita.

646 802 738 863 LEX.

138 936 267 999 Desine.
307 937 401 997 Audis
423 936 489 995 baec
511 935 584 1015 quid
606 932 707 995 dicat?
732 932 764 992 si
783 932 940 993 heroum
963 932 1101 995 alicui.
1137 924 1241 995 Recita

138 1031 235 1093 etiam
247 1030 394 1092 tribulium
407 1028 618 1090 testimonium.

538 1203 845 1264 TESTIMONIUM.

140 1350 270 1413 curabit
280 1352 335 1410 iste
344 1348 467 1418 scilicet,
476 1346 611 1417 ludices,
619 1365 731 1425 paucos
742 1346 886 1420 homines,
897 1358 949 1408 aut
961 1351 1071 1429 eosqui
1084 1354 1239 1417 maximam

139 1444 241 1505 aetatis
263 1453 378 1525 partem
396 1439 574 1519 navigando,
589 1449 622 1498 ut
640 1438 732 1510 Mico,
744 1449 928 1511 consumunt,
942 1460 1009 1501 cum
1030 1443 1151 1504 tribules
1171 1466 1240 1508 suos

139 1546 308 1619 praesentes
325 1554 382 1594 nec
402 1534 548 1620 metuerit,
561 1550 618 1591 nec
642 1532 783 1591 reveritus
802 1532 864 1591 sit?
886 1534 963 1593 Nam
983 1546 1014 1595 et
1032 1532 1240 1617 rempublicam

140 1651 246 1693 eorum
260 1631 301 1690 ita
313 1628 460 1698 tractavit,
473 1636 507 1685 ut
522 1624 675 1707 peculatus
690 1644 758 1685 eurn
772 1626 1011 1688 condemnarint:
1032 1640 1063 1688 et
1082 1640 1151 1710 post
1170 1651 1241 1693 con·

29 1724 34 1731 ’
140 1723 374 1793 demnationem,
395 1720 527 1799 quamvis
551 1718 621 1779 satis
642 1718 725 1791 sciat,
748 1718 845 1798 legum
864 1719 1018 1781 interdicto
1042 1743 1074 1783 se
1098 1724 1136 1783 ab
1154 1743 1241 1784 aceu-

139 1818 239 1880 aando
251 1814 406 1886 removeri,
419 1814 515 1873 donec
526 1812 665 1871 mulctam
678 1812 807 1884 solverit,
818 1812 874 1872 rim
885 1822 983 1874 tamen
994 1815 1078 1888 facit,
1091 1830 1179 1896 atque
1190 1838 1242 1879 cx·

139 1912 266 1983 istimat,
277 1922 391 1979 uteros
412 1907 532 1986 quidem
545 1906 663 1965 aerarios
677 1907 756 1965 omni
773 1926 892 1965 munere
907 1907 1023 1985 publico
1037 1908 1144 1989 depelli
1156 1930 1242 1991 opor·

139 2017 217 2079 tere,
227 2024 261 2065 se
272 2024 341 2065 uero
354 2001 532 2081 superiorem
556 2018 622 2059 essa
642 2000 765 2078 legibus.
809 1999 906 2071 Dicet,
927 2019 1024 2070 avum,
1038 2020 1099 2061 non
1118 2023 1160 2072 se,
1175 2024 1241 2065 esse

32 2126 37 2139 ·
139 2099 173 2157 iu
186 2096 319 2157 tabulam
339 2094 482 2155 relatum:
502 2091 582 2151 etde
596 2090 652 2150 hoc
666 2091 759 2149 multa
772 2092 860 2151 verba
875 2091 973 2164 saciet,
990 2093 1074 2153 illum
1087 2115 1152 2155 esse
1168 2116 1242 2157 aera·

139 2194 228 2254 rium.
269 2190 336 2269 Ego
349 2207 418 2248 vero
431 2196 497 2245 uter
509 2186 557 2257 sit,
570 2196 652 2245 certo
666 2185 837 2246 confirmare
850 2205 910 2244 non
920 2204 1060 2265 possum
1082 2189 1135 2249 sed
1155 2200 1189 2249 ut
1202 2190 1243 2251 ita

140 2282 193 2356 sit,
206 2290 241 2342 ut
252 2282 309 2341 iste
323 2280 403 2352 dicit,
416 2278 509 2337 multo
525 2278 666 2358 justinae
683 2272 772 2338 vobis'
782 2279 1035 2354 condemnabitur,
1050 2281 1075 2341 si
1090 2301 1136 2343 res
1155 2284 1196 2343 ita
1209 2303 1243 2344 se
1265 2338 1267 2343 .

141 2377 245 2437 babet.
277 2374 355 2434 Nam
369 2373 394 2432 si
407 2372 526 2431 aerarius
538 2371 601 2451 ejus
613 2390 686 2431 arus
699 2371 755 2430 fuir
768 2373 849 2442 olim,
862 2383 893 2433 et
905 2373 954 2437 lex
967 2373 1045 2435 illius
1057 2375 1145 2435 istum
1160 2378 1241 2439 here·

141 2466 266 2530 ditatem
286 2485 392 2547 capere
401 2465 497 2546 jubet,
511 2477 597 2544 atque
613 2463 674 2544 ipse
693 2483 760 2524 curn
774 2466 801 2524 ei
814 2485 869 2526 uec
889 2465 958 2526 olirn
975 2485 1113 2529 accusare
1128 2471 1241 2543 liceret,

142 2539 307 2632 adcusarit,
321 2569 534 2640 proptereaque
557 2578 590 2617 se
611 2558 824 2618 absolvendum
838 2569 930 2638 putat,
943 2562 1022 2639 quod
1036 2583 1055 2622 a
1067 2565 1154 2624 tertio
1172 2565 1243 2626 iuda

142 2654 261 2738 geneth
280 2653 374 2733 gradu
398 2652 436 2711 sit
453 2651 613 2732 improbus,
626 2651 698 2710 nibil
721 2651 798 2730 aequi
819 2651 908 2726 dicet,
928 2673 946 2714 ο
968 2655 1101 2716 Judices.
1143 2659 1240 2738 lpsunr

142 2759 244 2816 autem
256 2745 448 2806 'l'beocrinem
461 2744 602 2816 confiteri,
615 2763 681 2803 eam
695 2744 801 2805 durare
815 2747 965 2818 mulctam,
983 2749 1034 2826 qui
1054 2763 1115 2808 turn
1129 2771 1182 2830 pro
1196 2771 1240 2820 se,
1287 2779 1291 2788 ·

141 2856 205 2906 tum
219 2862 273 2924 pro
286 2842 376 2901 fratre
389 2836 595 2918 sposponderit
614 2836 779 2910 tribulibus,
792 2859 846 2898 nec
866 2850 981 2898 servata
994 2840 1182 2920 jurisjurandi
1197 2862 1242 2903 re·

142 2938 267 3018 ligione,
277 2955 312 2996 ac
326 2934 389 2994 sine
401 2930 521 2991 infamia
534 2930 710 2990 delationem
724 2930 801 2992 hanc
821 2951 909 3011 posse
924 2933 1046 3004 absolvi,
1060 2935 1104 2994 uti
1118 2945 1242 3008 constet,

141 3031 299 3092 decretum
320 3025 418 3107 profer
440 3023 520 3103 quod
544 3022 575 3081 in
600 3022 759 3082 Scironides
781 3024 955 3084 senteutiam
976 3024 1146 3086 factumest
1165 3027 1244 3105 apud

142 3120 281 3184 tribules.

529 3276 531 3279 ·
574 3260 826 3321 DECRETUM.

145 3395 289 3458 Accessit
313 3404 412 3454 autem
424 3391 612 3465 lbeocriues,
625 3402 656 3451 et
676 3411 709 3451 se
725 3390 833 3450 debere
851 3390 946 3452 lassus
964 3403 1020 3464 est,
1034 3375 1064 3452 et
1078 3393 1241 3456 soluturum

142 3509 247 3551 coram
271 3486 425 3547 tribulibus
435 3483 564 3564 precepit,
578 3492 736 3563 postquam
755 3502 811 3543 nos
831 3482 937 3544 adesse
951 3485 1166 3560 animadvertit,
1189 3506 1242 3547 ex·

143 3581 243 3662 empla
255 3598 368 3648 eorum,
382 3596 451 3657 quoe
465 3575 494 3635 in
508 3576 637 3636 tabulam
651 3575 743 3636 relata
756 3584 849 3649 eraut,
862 3575 1014 3656 petituros.

577 3781 817 3856 oeoaeruu.

143 3930 244 3992 Multo
257 3929 353 4008 magis
365 3927 463 4007 igitur,
482 3924 688 3994 Athenienses,
702 3925 860 3986 leontidas
873 3925 1070 3998 laudaveritis,
1081 3929 1132 4007 qui
1144 3927 1241 3990 Theo·

140 4021 254 4084 crinem
267 4019 335 4081 illas
349 4029 460 4099 septem
473 4018 568 4094 minas
581 4017 706 4078 reddere
724 4029 894 4097 coegerunt,
909 4037 997 4097 quam
1011 4019 1109 4081 istum.

181 4119 213 4178 5.
233 4115 304 4175 Jam
327 4123 431 4192 quarta
453 4110 541 4172 etiam
555 4111 603 4170 lea
620 4110 811 4181 est,-lateor
830 4110 906 4170 enim
928 4131 975 4172 me
996 4111 1135 4192 pleraque
1157 4114 1242 4174 istius

139 4209 275 4272 facinora
287 4206 551 4288 pervestigasse-,
565 4225 626 4284 qua
638 4203 816 4265 Theocrines
830 4204 1003 4282 quingentas
1018 4205 1173 4267 drachmas
1188 4205 1240 4266 de·

140 4305 203 4377 bet,
217 4321 236 4362 a
249 4313 333 4382 patre
354 4320 410 4360 suo
430 4319 490 4360 non
509 4298 650 4370 redditas,
669 4299 776 4377 quibus
796 4297 952 4358 damnatus
972 4308 1029 4370 est,
1049 4297 1243 4378 Cephisodoti

138 4394 256 4458 famula
267 4392 299 4453 in
311 4393 474 4453 libertatem
497 4401 621 4460 asserta,
634 4391 686 4452 sed
705 4390 912 4452 intercessione
929 4402 960 4452 et
978 4392 1154 4452 tractatione
1173 4412 1242 4453 cnm

140 4487 274 4550 ctesicle
295 4486 456 4546 orationum
472 4486 622 4564 scriptore,
636 4484 686 4562 qui
702 4487 739 4543 ab
754 4483 877 4544 adversa
890 4495 971 4562 parte
986 4485 1092 4558 stabat,
1107 4495 1241 4545 curetum
