2967 4950
16 51 32 417 ι

409 322 630 393 snvnasus
652 287 1229 396 annuntiaverit

132 450 201 548 natu
214 497 288 549 erat.
325 477 401 551 Cum
414 478 511 551 autern
526 510 561 573 eq
576 501 645 551 voto
658 492 815 551 frustratus
828 510 924 551 mares
937 490 1044 550 liberos
1058 483 1155 547 nullos
1167 506 1230 547 orn·

132 580 199 641 nino
219 572 412 687 suscepisset,
421 583 483 663 jam
503 584 635 644 secundo
653 584 720 643 looo
741 582 888 663 cupiebat,
908 603 925 643 e
945 582 1006 642 lilia
1023 573 1078 640 sibi
1098 573 1231 659 adoptari

132 672 252 734 lilium
244 694 275 733 ιιι
296 694 381 743 suam
395 684 425 735 et
440 676 566 753 Hagniae
579 668 730 747 familiam,
744 686 774 735 et
792 668 831 735 ad
850 694 919 735 suos
938 674 1060 735 curiales
1075 670 1231 743 introduci,

131 756 209 843 qnod
226 766 426 853 existimabat,
445 769 611 855 indicens
634 769 752 849 reliquis
773 768 854 829 huuc
872 769 928 829 sibi
945 788 1011 829 esse
1029 758 1231 845 conjunctissi-

131 879 220 934 nrum,
235 858 322 922 etsie
337 881 421 921 suarn
423 849 571 923 familiam
585 864 748 923 rectissime
760 863 934 935 conservari,
948 872 979 923 et
991 852 1050 922 ab
1042 860 1163 921 interitu
1169 858 1231 919 ιιιι-

131 952 235 1013 dicati.
276 952 310 1013 ln
322 972 383 1033 quo
396 974 454 1035 ego
468 976 494 1015 er
487 956 676 1029 obsecutus,
691 968 724 1016 ut
735 976 785 1036 qur
776 956 956 1015 Eubulidas
974 946 1062 1015 filiani
1082 955 1231 1025 haberem,

126 1043 244 1123 judicio
256 1044 390 1131 adeptus,
404 1057 543 1125 tanquam
553 1068 661 1127 genere
675 1048 843 1129 proximus:
857 1047 1007 1114 introduxi
1019 1066 1142 1127 puerum
1151 1046 1232 1111 bunc

130 1136 171 1196 ad
187 1137 311 1217 Hagnioe
325 1147 356 1198 et
370 1139 523 1199 Eubulidis
536 1142 678 1229 cumules:
700 1142 731 1201 in
726 1160 869 1229 quorum
882 1149 913 1199 et
926 1139 1145 1218 Theopompus,
1158 1139 1230 1197 dum

130 1226 210 1301 vixit,
224 1230 385 1291 Macartati
398 1241 491 1311 pater
506 1224 587 1293 curia
600 1233 676 1293 fuit
668 1243 723 1295 rste
736 1233 800 1313 ipse
814 1253 911 1313 porro,
921 1234 938 1293 J
942 1231 1051 1303 udrces
1065 1243 1096 1291 et
1108 1231 1232 1292 curiales

130 1319 289 1381 Macartati
292 1324 418 1403 ‚optime
430 1325 512 1403 gnari
523 1326 649 1403 generis,
659 1345 748 1406 quum
763 1324 914 1385 viderent
905 1334 994 1385 istum
1004 1323 1143 1402 quidem'
1137 1344 1231 1404 rpsnm

129 1406 258 1493 fugitare
267 1404 440 1496 periculum,
453 1436 550 1495 usque
563 1417 709 1478 victimam
724 1420 763 1478 ab
777 1432 832 1478 ara
840 1407 996 1507 abducere,
1006 1416 1091 1496 quasi
1103 1416 1232 1496 puerhic

130 1527 189 1566 nou
200 1507 330 1587 legitime
343 1509 580 1569 introduceretur
581 1510 748 1589 ,postulare
762 1522 860 1570 antem
870 1520 904 1570 ut
916 1510 972 1589 ipsi
984 1510 1158 1599 pejerarent,
1170 1508 1232 1568 cal·

129 1600 204 1661 culis
215 1601 257 1661 de
267 1620 320 1661 ara
329 1601 454 1663 Cunalrs
466 1603 560 1676 Jovis,
570 1604 641 1664 dum
655 1622 738 1664 saera
745 1604 882 1665 arderent
884 1594 1076 1683 ,desumptis
1088 1595 1233 1683 praesente

130 1691 310 1767 Macartato,
322 1693 353 1754 ιιι
365 1696 446 1773 quod
454 1700 568 1771 justum
581 1706 652 1767 erat,
667 1696 868 1767 decreverunt,
878 1695 1010 1767 ludices,
1023 1706 1104 1755 recte
1118 1704 1149 1755 et
1160 1714 1232 1754 con-

129 1786 284 1847 venienter
297 1806 421 1867 puerum
431 1788 510 1849 hunc
525 1779 682 1848 Eubulidas
694 1788 807 1848 filium
798 1809 830 1847 ιιι
844 1789 971 1867 Hagnioe
985 1788 1148 1849 familiam
1140 1799 1231 1849 rnt'ro·

130 1878 209 1939 duci.
254 1879 370 1949 Quibus
386 1899 438 1958 per
462 1882 584 1941 curiales
605 1880 763 1942 Macartati
784 1881 917 1954 decretis,
940 1880 988 1941 hic
1010 1902 1083 1961 puer
1100 1892 1133 1942 ut
1153 1882 1231 1943 filius

129 1972 287 2033 Eubulidis
301 1974 401 2033 citavit
415 1972 612 2035 Macartatum
627 1975 664 2034 de
678 1974 804 2053 Hagniae
816 1972 1009 2034 hereditate'
1001 1996 1031 2034 ιιι
1040 1974 1193 2084 judicium,
1202 1988 1233 2035 et

129 2064 207 2125 diem
221 2065 299 2125 dunt
309 2066 388 2147 apud
394 2083 565 2157 pretorem,
581 2076 700 2127 auctore
714 2068 862 2148 adscripto
875 2068 962 2127 fratre
975 2088 1038 2127 suo.
1060 2068 1134 2126 Μιιιι
1144 2087 1231 2142 emm

129 2158 267 2232 Judices,
281 2178 367 2238 porro
381 2179 440 2219 nou
453 2152 560 2221 licebat
574 2170 721 2220 auctorem
738 2160 811 2235 fieri,
824 2160 873 2238 qui
891 2179 1012 2239 puerum
1030 2161 1059 2220 in
1075 2160 1231 2221 Eubulida

128 2251 272 2311 familiam
289 2252 486 2331 adoptassem.
529 2252 626 2332 Atque
648 2273 684 2313 ea
707 2253 808 2313 citatio
825 2254 906 2313 facta
923 2263 968 2314 est
982 2274 1001 2313 a
1014 2273 1105 2332 puero
1122 2254 1179 2314 hoc
1193 2276 1252 2316 ex.
1314 2249 1317 2256 ¹

129 2346 234 2405 eadem
248 2342 394 2424 legeque
406 2346 472 2405 freti
485 2355 514 2406 et
527 2345 576 2405 isti
589 2357 711 2407 matrem
722 2347 821 2426 liujus,
833 2367 901 2425 que
911 2348 991 2427 prius
999 2346 1110 2426 judicio
1122 2348 1232 2409 vicerat

129 2448 160 2500 et
172 2438 376 2498 hereditatem
388 2437 514 2520 Haguiae
528 2440 657 2512 tenebat,
671 2440 878 2501 accessiersnt.
921 2438 1026 2500 Recita
1039 2438 1110 2501 mihi
1122 2439 1232 2521 legem,

128 2551 191 2612 qua
204 2531 281 2592 actio
294 2531 324 2590 in
338 2551 403 2592 eum
417 2533 504 2592 datur
516 2532 567 2612 qui
580 2531 782 2593 hereditatem
795 2524 886 2594 tenet.
1006 2543 1009 2548 '

546 2715 551 2726 =
636 2678 726 2738 LEX.

164 2795 207 2844 sin
218 2797 250 2844 ds
261 2795 324 2844 aditu
335 2798 460 2846 contendat
474 2797 610 2846 hereditate
624 2807 665 2846 sut
678 2797 778 2860 pupilis,
792 2797 851 2844 citet
867 2813 921 2865 eoru
937 2798 976 2859 qui
991 2797 1150 2846 ιιιειοιιιιιοιιι
1166 2806 1231 2847 tsuot

131 2874 164 2922 ad
172 2881 307 2936 pretorem,
314 2875 507 2936 quemadmodum
520 2875 546 2922 lit
556 2875 580 2922 ιιι
589 2874 642 2922 ιιιίι
651 2875 743 2922 causis:
762 2884 905 2922 sternuente
915 2883 991 2922 auteur
1004 2877 1128 2924 contendat
1138 2876 1234 2937 petitor.

128 2951 173 2999 Sin
183 2943 236 2998 ’sine
247 2951 356 2999 citatione
366 2952 471 3014 petierit,
482 2953 618 3016 imperfecta
631 2954 676 3000 erit
687 2951 771 3014 petitio
783 2952 932 3000 hereditatis.
965 2953 1006 2999 Sin
1022 2953 1044 3000 is
1058 2953 1098 3014 qui
1109 2954 1232 3002 hoeroditu·

130 3037 182 3076 tem
194 3028 253 3093 adiit
264 3035 381 3090 superstes
393 3044 438 3075 uon
449 3029 528 3086 luerit,
541 3035 643 3076 arcessat
658 3028 728 3076 simili
749 3028 840 3076 ratione
855 3045 916 3084 enm,
928 3029 966 3075 cui
982 3030 1119 3091 praefinitum
1136 3036 1228 3090 tempos

129 3105 238 3153 noudum
251 3111 287 3152 ιιι
295 3104 458 3153 ιιιιιιιιιιιιιιιι
475 3105 616 3167 disceptatio
628 3112 705 3154 sutem
717 3105 780 3167 opud
795 3112 919 3167 praetorem
933 3113 984 3152 esto
996 3121 1024 3152 ea
1040 3105 1140 3161 ratione,
1150 3121 1196 3166 qus
1207 3107 1228 3153 is

129 3181 194 3243 egit,
206 3180 247 3242 qui
254 3181 407 3230 hereditatem
419 3188 493 3229 tenet.

173 3299 204 3358 5.
216 3296 324 3375 Legem
335 3294 453 3377 quidem
463 3296 614 3358 audivistis
624 3317 632 3356 ι
640 3297 751 3378 justam
761 3307 860 3358 autem
869 3315 929 3355 rem
940 3294 1048 3356 avobis
1061 3296 1231 3376 petantu-

129 3389 224 3450 dices.
259 3389 291 3449 Si
304 3389 461 3450 ostendero
473 3388 674 3470 Theopompo,
688 3399 771 3468 patre
786 3389 955 3459 Macartati,
970 3409 1076 3469 genere
1088 3409 1154 3450 esse
1168 3390 1231 3450 Ha·

129 3482 211 3562 gnioe
223 3483 388 3562 propiorem
399 3481 574 3542 Eubulidam
588 3501 712 3561 puerum
726 3481 805 3543 huno
815 3492 845 3542 et
854 3481 1094 3562 Phylomaeham,
1107 3503 1173 3562 qnae
1187 3492 1232 3542 est

129 3585 228 3634 mater
247 3574 340 3655 pueri,
353 3574 511 3634 Eubulide
528 3573 603 3642 filia:
626 3594 723 3654 neque
744 3584 858 3635 tautum
874 3593 941 3634 esse
955 3593 1061 3656 genere
1075 3573 1229 3654 proximos,

130 3667 187 3727 sed
200 3665 231 3725 in
241 3667 407 3727 universum
419 3685 456 3725 ne
466 3665 558 3725 ullum
571 3665 688 3746 quidem
703 3685 768 3727 esse
781 3666 928 3726 hominem
942 3666 973 3725 iu
985 3665 1095 3725 familia
1104 3667 1230 3745 Haguiae

129 3761 234 3835 elium,
248 3781 336 3841 quarn
359 3769 481 3820 matrem
494 3761 576 3840 pueri
594 3760 681 3836 hujus
701 3771 731 3820 et
752 3760 844 3840 ipsum
865 3759 945 3820 hunc
962 3777 1102 3838 puerum:
1122 3759 1189 3820 haec
1207 3761 1232 3820 si

129 3857 301 3926 ostendero,
314 3875 425 3936 quaeso,
439 3856 572 3925 Judices,
585 3865 619 3915 ut
632 3853 716 3914 uobis
729 3874 814 3935 opem
827 3854 938 3914 ferens.
973 3853 1018 3913 Ac
1032 3853 1155 3932 primum
1166 3855 1230 3933 qui·

127 3949 203 4010 dem
216 3950 413 4021 decreveram,
426 3947 559 4019 ludices,
579 3947 610 4006 in
630 3946 734 4007 tabula
756 3946 917 4025 descriptos
938 3963 1040 4006 omnes
1062 3956 1187 4025 agnatos
1201 3957 1233 4007 et

128 4042 259 4124 gentiles
267 4040 406 4120 Hagniae,
418 4040 461 4101 sic
473 4039 557 4099 vobis
571 4038 723 4099 ostendere
737 4037 886 4117 singulos:
901 4037 955 4097 sed
965 4038 1035 4116 quia
1048 4057 1113 4098 eam
1125 4059 1185 4099 non
1194 4058 1231 4097 ex

128 4154 219 4216 aequo
233 4143 369 4213 spectare
385 4152 473 4213 posse
487 4151 589 4193 omnes
598 4131 726 4211 judices,
741 4131 881 4191 remotius
901 4129 1062 4210 praesertim
1082 4131 1230 4202 sedentes,
1297 4132 1302 4140 '

126 4229 318 4304 videbantur,
331 4225 527 4286 necessarium
542 4223 673 4286 fortassis
691 4234 737 4284 est
753 4223 885 4284 oratione
899 4224 1006 4284 docere
1024 4240 1087 4295 ros,
1100 4240 1166 4301 quae
1183 4241 1230 4283 res

126 4319 295 4383 communis
315 4329 362 4380 est
386 4313 531 4379 omuibus
573 4317 752 4378 conabimur
771 4327 868 4376 autem
892 4327 923 4376 et
942 4334 1008 4389 nos,
1026 4333 1114 4394 quam
1133 4313 1231 4376 facere

127 4411 302 4476 brevissime
315 4409 486 4492 poterimus,
499 4407 645 4490 explicare
661 4428 754 4489 genus
769 4407 906 4514 Haguioe

139 4508 204 4566 6
225 4505 352 4568 Buselus
365 4504 422 4564 fuit
436 4524 473 4566 ex
487 4503 555 4578 OEo,
575 4501 764 4572 Judices31s
783 4501 912 4581 quinque
926 4500 1002 4561 filros
1012 4498 1156 4577 suscepit
1168 4497 1231 4558 Ha
