2967 4950
509 330 677 393 courel
699 332 899 414 usmarus.
1187 331 1248 389 rm

147 481 334 560 percussisse
347 489 507 562 mulierem,
518 507 580 570 quo
588 489 650 550 ictu
663 488 715 549 illa
727 489 861 570 perieritr
873 487 1164 565 etadsocatisatque
1178 486 1247 545 anb-

150 581 264 637 ornatis
287 579 453 644 hominibus
477 586 577 657 servis,
592 587 641 665 qui
665 599 696 644 s'e
711 585 871 664 Cyrenaeus
883 579 1105 652 esrelutsersu,
1115 582 1207 644 omme
1219 585 1249 642 ei

82 677 84 684 '
150 667 231 728 diem
245 672 317 733 dixit
332 675 412 753 apud
424 676 601 750 Palladium,
611 695 789 754 causamque
802 677 861 755 egit
876 675 1051 754 Stephanus,
1057 675 1249 754 jurejurando

147 759 233 836 dato,
247 764 392 826 occidisse
413 769 474 828 suis
487 769 622 850 manibus
641 767 854 850 Apollodorum
874 786 940 828 eam
954 765 1113 837 mulierem,
1129 767 1249 826 exitium

146 855 329 934 imprecatus
342 859 443 933 sibi,et
455 862 567 941 generi,
578 872 609 922 et
621 861 749 934 familiae,
760 871 847 940 atque
855 861 894 918 oh
903 878 969 918 eam
982 877 1044 918 rem
1057 858 1126 917 diris
1140 870 1248 922 semet·
1315 929 1317 933 .

146 949 249 1027 ipsum
262 948 387 1025 devovit,
400 973 467 1032 quae
482 973 578 1035 neque
591 957 672 1017 iacta
689 955 755 1028 fuit,
768 938 865 1034 heque
883 949 945 1010 visa
968 951 1006 1009 ab
1027 971 1074 1022 eo,
1093 944 1190 1030 neque
1212 972 1248 1012 ex

147 1039 216 1099 ullo
227 1044 391 1102 mortalium
405 1045 507 1128 audita
519 1067 659 1128 unquam.
694 1047 904 1127 Deprehensus
914 1053 1011 1103 autem
1025 1043 1097 1104 etin
1109 1046 1247 1124 perjurio,

149 1141 185 1192 et
199 1133 272 1194 falso
283 1137 404 1197 crimine
414 1137 567 1212 intentato,
582 1160 649 1201 cum
660 1139 748 1200 etiam
755 1140 888 1219 liqueret,
902 1154 970 1195 eum
981 1155 999 1194 a
1010 1136 1249 1216 chlrisophonte

149 1234 184 1284 et
203 1228 407 1309 Apollophane
430 1233 566 1292 mercede
583 1253 647 1293 esse
670 1233 860 1302 conductum,
874 1240 908 1289 ut
924 1238 975 1286 aut
995 1228 1249 1309 ejiceretdpolle·

148 1315 265 1391 dorum,
279 1329 331 1380 aut
343 1313 653 1404 hononbus'priraret,
667 1332 792 1405 accepto
804 1314 936 1403 argento,
950 1337 1047 1399 pauca
1060 1319 1199 1402 suffragia
1210 1323 1249 1383 de

147 1411 318 1491 quingentis
330 1424 517 1488 consecutus,
532 1417 603 1478 abiit
615 1417 759 1500 perjurus,
773 1428 862 1498 atque
876 1414 1068 1492 improbitatis
1082 1414 1248 1494 opinionem

145 1503 307 1565 lucrifecit.
1218 1577 1224 1584 .

190 1599 221 1656 4.
244 1596 382 1676 Cogitate
397 1599 484 1679 igitur
497 1603 563 1682 ipsi,
575 1603 708 1674 ludices,
719 1613 750 1664 et
764 1603 843 1684 apud
853 1611 966 1663 vestros
979 1601 1091 1662 animos
1105 1611 1247 1681 reputate,
1314 1660 1318 1678 ,

147 1709 211 1770 quo
227 1688 259 1748 in
279 1691 405 1750 locares
420 1713 501 1753 meas
515 1696 629 1756 futuras
643 1697 733 1758 fuisse
747 1695 928 1758 credendum
941 1692 990 1766 sit,
1004 1694 1114 1773 siquid
1127 1695 1249 1775 Apollo·

144 1784 224 1844 doro
246 1796 345 1844 eorum
368 1779 448 1846 luere
472 1787 640 1860 accidisset,
654 1809 722 1869 quae
742 1789 909 1869 Stephanus
928 1786 960 1846 irr
979 1807 1045 1846 eum
1064 1789 1249 1862 instruxerat,

144 1875 212 1936 'sive
223 1877 254 1936 in
267 1878 372 1958 priore,
386 1877 486 1937 sivein
501 1881 660 1958 posteriore
669 1880 792 1958 judicio.
824 1881 912 1948 Quod
924 1881 954 1938 in
969 1881 1109 1950 dedecus
1123 1898 1248 1960 quamve

146 1971 179 2028 in
195 1969 466 2030 calamitatem'non
481 1969 671 2032 incidissem?
693 1973 769 2033 Cum
782 1993 830 2032 me
846 1973 934 2051 igitur
946 1971 1134 2030 hortarentur
1147 1991 1249 2032 omnes

146 2065 281 2135 seorsim,
289 2083 396 2143 meque
408 2064 606 2134 conuenirent,
618 2076 652 2123 ut
665 2066 703 2126 ad
721 2066 860 2126 ultionem
870 2064 1040 2144 injuriarum
1053 2064 1118 2140 ejus
1127 2084 1249 2125 conser-

146 2167 286 2230 ueremur,
296 2167 372 2217 etut
385 2157 531 2216 bominem
552 2159 682 2218 omnium
702 2158 922 2238 ignavissimum
938 2158 1249 2228 trecentenarium

145 2257 231 2308 arcta
249 2267 314 2308 cum
337 2249 383 2309 his
401 2249 616 2310 necessitudine
638 2251 823 2330 conjunctus,
836 2270 939 2331 poenus
951 2269 1013 2310 uon
1027 2247 1176 2328 exigerem
1185 2269 1249 2329 spru
1308 2250 1311 2258 '

146 2337 259 2410 sorore,
270 2339 461 2411 et'affiuibus,
474 2350 505 2400 et
517 2341 662 2419 neptibus,
676 2354 707 2402 et
723 2363 814 2404 uxore
828 2363 904 2412 mee,
914 2343 1122 2422 nequepalum
1135 2343 1248 2404 iudeus

145 2433 278 2513 impiam,
301 2431 332 2493 et
358 2434 389 2495 iu
413 2433 559 2495 civitatem
583 2435 833 2509 contumeliosam,
847 2446 878 2498 et
890 2436 990 2515 legum
1007 2435 1248 2516 eunmmptriuenr

145 2524 321 2598 vestrarum,
343 2525 382 2585 ad
405 2545 458 2586 vos
494 2526 663 2601 adductam,
684 2528 759 2609 ejus·
773 2528 931 2590 sceleribus
951 2528 1119 2609 patefactis,
1143 2538 1248 2591 naues

144 2620 287 2701 potestati
302 2619 483 2698 subjicerem,
494 2629 527 2679 ut
540 2631 638 2683 vestro
652 2621 792 2682 arbitratu
802 2623 841 2681 de
851 2640 887 2681 ea
897 2620 1084 2680 atatueoetr'sr
1103 2630 1135 2680 et
1145 2640 1248 2700 quem·

146 2712 308 2773 admodum
322 2730 370 2771 me
383 2710 552 2791 Stephanus
561 2712 645 2773 'meis
658 2710 834 2775 necessariis
847 2726 950 2775 contra
971 2714 1053 2793 leges
1079 2722 1111 2772 et
1129 2713 1262 2774 decreta

146 2805 294 2886 spoliarit,
309 2804 401 2865 sicet
413 2823 470 2884 ego
483 2804 563 2885 apud
576 2826 629 2866 vos
641 2808 840 2880 ostenderem,
853 2808 944 2868 istum
954 2807 985 2866 in
998 2806 1183 2865 matrimonio
1195 2806 1248 2869 ha·
1326 2801 1330 2813 '

145 2902 218 2958 bere
243 2896 426 2977 peregrinam
450 2898 611 2971 mulierem,
627 2911 731 2961 contra
754 2900 870 2981 legem}
891 2908 923 2959 et
941 2898 1119 2977 alienigenas
1142 2898 1248 2958 liberos

143 3002 213 3051 tum
226 2988 264 3049 ad
275 2990 406 3063 tribules,
419 3000 482 3049 tum
494 2990 534 3051 ad
547 2992 702 3071 populares
722 2992 885 3053 adducere:
908 3001 939 3051 et
950 2990 1132 3071 despondere
1152 3008 1247 3050 meres

144 3082 255 3143 trinum
280 3082 354 3143 hbes
382 3101 436 3162 pro
464 3084 542 3143 ruis:
571 3094 601 3142 et
628 3084 719 3145 sacris
745 3085 868 3147 deorum
883 3082 1094 3142 immortalium
1113 3081 1246 3165 pollutis,

144 3172 252 3256 populi
265 3176 467 3235 auctoritatem
480 3174 596 3245 tollere,
611 3176 635 3235 si
650 3196 736 3255 quem
750 3176 847 3237 facere
859 3174 931 3238 velit
948 3173 1052 3234 civem.
1081 3174 1155 3242 Qus·
1167 3175 1246 3235 enim

144 3264 273 3350 posthac
299 3268 423 3329 civitatis
442 3268 641 3348 adipiscendae
663 3268 801 3349 cupidus,
823 3288 842 3327 a
863 3266 973 3347 populo
994 3266 1169 3328 beneficium
1188 3264 1247 3328 huc

146 3361 265 3441 magnis
288 3358 452 3441 sumptibus
473 3380 643 3440 magnoque
663 3362 781 3441 negotio
802 3358 1165 3439 impetrandum-censeat,
1178 3376 1247 3421 cum
1276 3383 1277 3390 ¹

144 3456 258 3515 idema
276 3454 427 3533 Stephano
442 3464 472 3514 et
484 3453 604 3514 minoris
617 3473 723 3528 emere,
737 3463 769 3514 et
785 3453 953 3518 conditione
970 3452 1058 3518 liceat
1073 3450 1164 3512 nihilo
1179 3469 1247 3513 ease

113 3569 116 3572 ·
146 3542 312 3608 deteriore?
1163 3572 1173 3601 ·.

190 3644 220 3699 5.
239 3642 356 3707 Quibus
378 3660 434 3721 ego
457 3642 546 3721 igitur
563 3642 675 3721 injuriis
694 3643 773 3721 prior
787 3662 806 3702 a
819 3642 971 3722 Stephano
991 3637 1158 3711 lacessitus,
1173 3637 1247 3697 acti·

145 3752 235 3794 onem
258 3734 399 3794 adsersus
414 3752 482 3794 eum
503 3734 581 3795 hanc
603 3734 789 3807 instituerim,
802 3736 885 3796 vobis
899 3732 1039 3813 exposui:
1061 3729 1246 3811 peregrinam

145 3822 247 3891 auteur
262 3846 328 3886 esse
355 3826 500 3901 Neaeram,
522 3838 553 3887 et
572 3827 712 3907 Stephani
736 3845 803 3887 esse
827 3836 947 3887 matrem
967 3823 1103 3900 familias,
1116 3832 1246 3901 stampe

144 3922 231 3998 leges
255 3929 285 3979 et
302 3919 435 3979 instituite
454 3919 579 3980 ciuitatis
599 3920 735 3989 uiolasse,
761 3920 826 3979 hese
848 3919 932 3979 vobis
950 3923 1014 3995 jaus
1037 3913 1248 3997 cognoscenda

147 4022 229 4073 sunt.
256 4012 345 4071 'Petu
359 4011 447 4091 igitur
460 4032 478 4073 a
491 4014 583 4085 robis,
598 4012 730 4084 ludices,
744 4032 811 4090 quse
823 4012 884 4093 peti
897 4031 1017 4091 equum
1027 4019 1084 4080 est,
1100 4019 1135 4069 ut
1146 4026 1205 4076 me,
1217 4016 1248 4065 et

148 4105 379 4177 adolescentem,
392 4103 424 4165 et
434 4102 555 4165 dicendi
565 4106 739 4184 imperitum,
753 4116 908 4185 patronum
921 4104 991 4166 huic
998 4106 1100 4163 causae
1108 4098 1247 4161 adbibere

140 4198 278 4275 jubeatis
287 4196 510 4277 Apollodorum.
542 4198 620 4257 Nam
634 4207 665 4257 et
676 4209 748 4259 natu
762 4200 855 4279 major
867 4209 912 4259 eet
924 4216 1012 4277 quam
1025 4190 1247 4273 rigmatham

145 4291 277 4373 peritior,
289 4302 321 4351 et
343 4312 363 4351 a
383 4291 535 4371 Stephano
554 4292 653 4365 lesus,
675 4302 705 4350 et
718 4311 855 4370 magnum
869 4287 915 4351 his
934 4292 1021 4350 rebus
1038 4282 1248 4344 omnibusstu·

147 4384 232 4443 dium
247 4382 399 4463 lmpendit.
442 4385 541 4453 Quare
566 4404 622 4443 uec
646 4384 821 4443 invidiosum
843 4384 870 4443 ei
888 4394 944 4454 est,
959 4399 1026 4439 eum
1039 4375 1143 4435 ulcisci
1157 4394 1175 4433 a
1187 4393 1248 4453 quo

146 4476 189 4539 stt
214 4475 367 4544 lacessitis
383 4497 391 4537 t
411 4496 463 4538 uos
485 4486 583 4537 autem
597 4476 683 4537 decet
694 4477 760 4555 ipsa
772 4476 893 4537 ventare
902 4495 940 4533 ex
954 4468 1141 4533 accusatione
1153 4475 1185 4531 st
1196 4466 1249 4531 de·

685 4574 733 4633 5s
