2967 4950
227 242 287 297 no
505 229 1055 307 oournamoursononun.

225 395 285 473 pha
303 398 497 460 continentur.
538 403 616 462 Nam
630 412 696 462 o'um
715 401 771 481 ipsi
784 399 901 480 duplam
919 401 975 460 sibi
987 399 1125 460 mulctum
1138 399 1275 468 dixerint,
1290 397 1316 460 si

226 489 296 564 quid
311 491 338 548 in
352 494 517 574 syngrapha
531 495 721 574 perscriptum
741 493 885 566 violarint,
899 493 1027 572 iniquum
1041 491 1128 552 luerit
1145 512 1198 553 ros
1221 492 1250 551 in
1264 495 1328 552 eos'

226 601 291 642 esse
300 583 435 658 leniores,
448 588 608 666 praesertim
623 587 705 648 robis
720 607 779 646 non
792 585 899 647 leviore
911 605 998 664 quam
1011 585 1096 646 nobis
1110 584 1188 644 facta
1201 583 1317 661 injuria.

272 679 316 738 14.
337 682 354 740 J
359 701 410 740 ura
423 683 510 761 igitur
524 703 620 744 causae
632 682 731 742 brevia
745 693 814 741 sunt
827 693 858 740 et
870 681 955 740 facile
965 680 1105 739 memoria
1117 686 1228 756 queunt
1237 697 1318 743 come

227 770 376 846 prehendi.
420 776 619 836 Mutuavimus
645 775 849 852 Dionysodoro
872 783 901 832 et
915 772 995 833 socio
1009 776 1071 846 ejus
1094 782 1138 830 ter
1157 769 1235 834 mille
1248 769 1318 828 dra-

228 858 340 932 chmas,
368 865 546 925 Athenis
574 867 610 925 in
636 865 852 943 AEgyptum
877 873 975 922 etex
1000 863 1169 942 AEgypto
1198 860 1320 921 Athe:

228 972 309 1012 nas,
351 957 418 1015 Non
433 957 592 1036 recepimus
606 976 702 1035 neque
717 967 823 1014 sortem
844 974 937 1033 neque
956 973 1071 1024 usuras,
1085 953 1137 1013 sed
1157 953 1198 1012 illi
1217 962 1319 1013 nostra

196 1037 199 1044 ’
229 1054 329 1103 tenent
344 1046 434 1125 iisque
446 1059 566 1108 utuntur
577 1048 697 1109 alterum
708 1048 771 1127 jam
782 1066 900 1105 annum.
928 1045 995 1103 Non
1006 1045 1202 1123 perduxerunt
1216 1065 1319 1123 navem

228 1134 257 1193 in
273 1129 399 1197 restrum
414 1151 583 1215 mercatum,
598 1141 728 1201 nondum
753 1159 789 1198 nc
810 1158 888 1197 nuno
903 1138 1031 1216 quidem,
1044 1134 1140 1216 neque
1159 1139 1319 1199 nobiseam

229 1229 383 1290 manifesto
403 1233 612 1293 exhibuerunt:
632 1253 698 1292 curn
715 1230 880 1311 syngrapha
895 1231 1007 1305 jubeat,
1027 1230 1082 1288 nisi
1096 1231 1250 1291 manifesto
1265 1251 1319 1292 na·

228 1339 293 1380 vem
317 1323 509 1396 exhibuerint,
523 1325 641 1404 duplam
665 1325 778 1384 solvere
799 1324 967 1403 pecuniam,
982 1343 1104 1401 eamque
1125 1325 1172 1383 vel
1195 1321 1327 1402 singulis

230 1414 314 1474 nobis
325 1417 371 1476 vel
387 1418 500 1496 utrique
515 1419 645 1496 redigere
660 1418 756 1477 licere.
797 1415 852 1474 His
863 1416 1050 1474 firmamentis
1064 1413 1139 1487 freti,
1152 1416 1190 1475 ad
1208 1436 1261 1476 vos
1275 1417 1321 1475 iu-

231 1509 321 1585 gressi
336 1530 446 1578 sumus,
465 1530 498 1571 ac
513 1522 613 1571 nostra
626 1531 677 1590 per
696 1529 749 1568 vos
768 1528 941 1588 recuperare
954 1497 1114 1580 studemus,
1132 1509 1269 1586 quoniam
1283 1511 1322 1569 ab

230 1600 292 1661 istis
314 1603 344 1662 id
364 1603 516 1682 impetrare
531 1624 590 1664 non
609 1623 775 1684 possumus.
818 1603 857 1660 Et
867 1601 932 1660 haec
945 1614 1046 1661 nostra
1067 1613 1111 1661 est
1124 1602 1225 1661 oratio.
1256 1601 1323 1676 ,Isti

231 1703 329 1754 autem
344 1716 376 1755 se
389 1697 504 1775 quidem
519 1717 584 1758 esse
598 1706 745 1756 mutuatos
767 1696 940 1755 confitentur
958 1704 988 1753 et
1002 1713 1061 1754 ooo
1083 1694 1261 1754 reddidisse:
1285 1697 1323 1756 de

231 1803 267 1844 co
290 1797 386 1846 autem
409 1788 534 1868 litigant,
554 1808 612 1849 non
634 1799 768 1867 oportere
788 1808 820 1847 se
842 1787 970 1866 pendere
990 1806 1092 1845 usuras
1112 1786 1142 1844 in
1155 1789 1324 1867 syngrapha

231 1880 415 1958 perscriptas,
431 1882 484 1940 sed
504 1881 697 1952 Rhodiensem,
715 1900 782 1959 quoe
803 1899 860 1940 nec
882 1879 910 1937 in
935 1879 1102 1959 syngrapha
1115 1878 1214 1938 insunt
1236 1901 1292 1942 nec
1305 1901 1325 1940 a

233 1971 315 2031 uobis
330 1984 400 2035 suut
418 1995 576 2036 concessae.
619 1973 708 2042 Quod
728 1974 765 2045 si,
785 1971 988 2041 Athenienses,
1003 1971 1033 2030 in
1055 1971 1237 2030 Rhodiorum
1258 1973 1323 2044 foro

230 2064 419 2143 litigaremus,
428 2069 528 2129 melior
542 2079 621 2128 esset
632 2068 753 2126 istorum
767 2066 889 2124 sortasse
904 2064 1041 2136 conditio,
1051 2065 1130 2143 quod
1144 2066 1182 2125 ad
1196 2085 1248 2126 eos
1263 2068 1323 2138 sru-

232 2170 363 2219 mentum
375 2162 523 2221 rexissent
545 2171 575 2219 et
596 2161 625 2218 iu
645 2178 742 2219 eorum
762 2166 921 2217 mercatum
936 2157 1133 2237 appulissent:
1155 2177 1324 2230 uuuc‚cum

233 2253 271 2312 ad
286 2253 478 2314 Athenienses
492 2251 614 2332 ingressi
629 2253 718 2312 simus
732 2260 763 2309 et
777 2249 944 2329 syngrapha
957 2259 1116 2308 mercatum
1129 2249 1258 2308 vestrum
1271 2251 1323 2310 de-

234 2345 364 2424 signarit,
377 2346 560 2425 postulamus
583 2363 620 2404 ne
639 2345 724 2404 nobis
746 2343 842 2402 miuus
856 2341 998 2401 tribuatur
1011 2362 1099 2421 quam
1113 2341 1147 2402 iis
1161 2343 1210 2422 qui
1229 2353 1261 2403 et
1273 2363 1326 2403 vos

235 2448 267 2498 et·
278 2459 332 2499 nos
346 2438 456 2519 injuriis
470 2436 638 2500 affecerunt.

277 2535 325 2590 1·5.
346 2530 493 2591 Praeterea
513 2552 567 2591 nec
589 2532 661 2592 illud
673 2551 726 2592 vos
745 2530 847 2600 lateat,
861 2528 1065 2601 Athenienses,
1077 2529 1107 2589 in
1126 2529 1183 2590 hoc
1203 2553 1262 2592 uno
1276 2535 1326 2614 ju-

235 2624 312 2685 dicio
325 2626 362 2684 de
375 2637 437 2685 toto
452 2636 581 2685 mercatu
601 2626 695 2705 legem
718 2623 832 2683 sancire
846 2642 915 2690 vos;
935 2622 1102 2703 multosque
1119 2624 1256 2685 assistere
1277 2626 1325 2705 qui

236 2716 265 2775 in
278 2716 348 2775 mari
361 2717 502 2795 negotiari
517 2717 681 2787 decrevere,
694 2727 804 2794 vosque
825 2714 928 2773 intueri
944 2714 1015 2795 quid
1029 2716 1067 2775 de
1087 2716 1144 2776 hac
1158 2735 1250 2777 causa
1261 2737 1327 2797 pro·

236 2808 400 2867 nunciaturi
424 2808 494 2867 sitis.
545 2808 622 2867 Nam
647 2806 670 2865 si
695 2827 748 2867 vos
772 2806 954 2887 syngraphas
980 2817 1010 2867 et
1033 2808 1183 2885 pactiones
1212 2821 1325 2870 mutuas

202 2966 209 2977 q
235 2902 333 2960 firmas
347 2920 410 2960 esse
425 2910 558 2979 oportere
573 2900 718 2969 statuetis,
733 2920 827 2977 neque
846 2921 944 2961 earum
966 2900 1152 2959 violatoribus
1170 2890 1333 2982 quicquam

235 2993 329 3053 reniae
343 2991 459 3063 dabitis,
473 2993 596 3052 alacrius
613 2993 663 3072 qui
680 2993 709 3050 in
726 3005 856 3052 mercatu
872 3002 1008 3052 mutuant
1026 2994 1123 3053 officio
1134 3014 1189 3053 suo
1201 2996 1326 3074 fungen-

235 3096 297 3153 turc
320 3094 409 3165 alque
429 3106 466 3144 ex
486 3091 571 3145 ea're
589 3084 743 3164 augebitur
762 3095 906 3145 mercatus
927 3095 1033 3145 vester.
1073 3086 1125 3145 Sin
1146 3088 1326 3149 naviculariis

236 3177 344 3250 licebit,
358 3178 523 3257 conscripta
538 3177 705 3259 syngrapha
719 3178 756 3236 de
770 3177 935 3257 navigando
949 3179 1090 3249 Athenas,
1106 3180 1214 3240 deinde
1225 3201 1326 3241 narem

236 3270 268 3329 in
291 3271 361 3329 alios
389 3282 535 3330 mercatus
559 3270 714 3349 appellere,
742 3269 821 3347 quod
844 3280 956 3349 ruptam
980 3290 1044 3329 esse
1075 3272 1184 3344 dicent,
1206 3286 1238 3333 et
1254 3273 1326 3334 tales

237 3379 342 3421 causas
363 3362 618 3421 comminiscentur
641 3362 777 3439 qualibus
801 3355 1021 3441 Dionysodorus
1048 3364 1147 3433 utitur,
1170 3375 1206 3436 et
1227 3386 1338 3442 usuras,

239 3450 368 3511 diuidere
382 3472 434 3530 pro
447 3472 483 3511 eo
498 3448 584 3513 cursu
608 3473 693 3531 quem
710 3473 741 3513 se
759 3452 914 3531 navigasse
929 3454 1038 3523 dicent,
1047 3458 1112 3513 'nou
1129 3475 1183 3534 pro
1208 3476 1327 3537 syngra-

202 3578 213 3599 ,
238 3543 309 3625 pha,
318 3544 393 3603 nihil
406 3545 533 3604 obstabit
546 3565 605 3624 quo
624 3544 717 3604 minus
730 3565 832 3605 omnes
845 3556 1010 3605 contractus
1025 3546 1230 3626 dissipentun'
1256 3549 1327 3619 Quis

238 3636 316 3697 enim
334 3656 419 3695 suum
444 3637 568 3718 abjicere
581 3637 671 3709 volet,
684 3638 708 3696 si
723 3637 826 3697 viderit
845 3640 1028 3718 syngraphas
1049 3660 1115 3700 esse
1137 3642 1244 3713 irritas,
1257 3644 1327 3713 tales

239 3739 337 3789 autem
350 3731 494 3789 orationes
508 3739 539 3789 et
551 3748 655 3790 causas
669 3729 997 3809 injuriorum‘hominum
1008 3732 1137 3811 aequitati
1151 3735 1327 3814 praevaleret

218 3822 325 3881 ‘Absit
341 3822 408 3893 hoc,
421 3822 553 3883 Judices.
594 3823 631 3883 Id
652 3822 731 3888 enirn¹
749 3842 844 3901 neque
865 3824 1043 3883 multitudini
1056 3837 1161 3886 vestrm
1183 3828 1328 3898 conducit,

237 3932 332 3991 neque
356 3913 391 3973 iis
414 3914 463 3991 qui
480 3925 623 3992 quoestum
645 3916 740 3975 facere
763 3916 956 3987 instituerunt,
970 3919 1077 3997 quique
1100 3922 1246 3981 utilissimi
1258 3925 1330 3983 ¹sunt

237 4015 300 4066 tum
311 4006 443 4071 universe
458 4006 538 4065 robis
553 4008 774 4079 omnibus‚.tum
788 4009 905 4069 seorsim
918 4011 1037 4072 cuilibet
1045 4012 1094 4090 qui
1102 4033 1204 4075 eorum
1216 4036 1329 4097 operam

237 4097 375 4178 requirit:
398 4109 574 4177 quapropter
589 4119 688 4160 eorum
701 4101 783 4161 vobis
797 4102 934 4164 habenda
947 4106 1018 4164 ratio
1032 4118 1086 4167 est
1104 4107 1107 4112 ’

281 4193 329 4250 16.
351 4193 395 4251 Ac
409 4186 465 4271 egb
476 4192 594 4270 quidem
608 4213 674 4272 quoe
687 4195 781 4273 potui,
795 4194 871 4255 diri:
893 4208 961 4275 peto
976 4208 1073 4259 autem
1089 4211 1123 4260 ut
1134 4215 1165 4263 et
1175 4205 1330 4266 amicorum

239 4282 342 4361 aliquis
355 4284 424 4345 mihi
439 4286 645 4364 patrocinetur.
682 4287 853 4362 adscende,
864 4288 1091 4362 Demosthenes.
