2967 4950
251 170 263 203 l

441 246 997 369 inversusnsnrnnnruu,
1212 291 1271 353 eso

169 451 252 499 mour
273 444 448 523 acceperim,
468 466 528 507 non
548 447 616 527 ipse.
635 446 730 508 solum
755 447 801 507 isti
824 458 959 509 mutuum
981 446 1122 521 dederim,
1143 466 1181 507 ns
1204 438 1268 527 ipse

168 532 287 609 quidem
309 536 383 595 istos
396 536 501 617 ignoro
522 548 575 599 aut
591 558 678 599 amo:
699 558 757 600 neo
778 550 886 614 tamen,
908 541 950 599 ite
970 532 1016 597 me
1036 530 1203 611 diiament,
1217 540 1268 598 de·-

168 625 271 685 fraudo
285 638 336 687 aut
349 630 521 691 calumnior.
560 633 621 701 Qui
639 645 708 693 vero
722 643 868 710 questum
888 632 970 705 facit,
984 642 1016 693 ut
1031 651 1088 711 ego
1102 632 1268 711 navigando
1286 637 1290 646 '

166 726 198 776 et
208 716 342 796 pericula
362 724 524 797 subeundo,
538 744 685 805 parvaque
697 722 925 808 pecunia'perta
938 742 1002 785 eam
1017 734 1140 796 mutuat,
1153 744 1219 783 cunr
1234 734 1268 783 ut

165 808 228 869 aliis
241 812 423 889 gratificetur
443 824 506 875 tutu
526 835 564 876 ne
583 836 637 897 per
654 814 796 876 incuriam
818 834 953 875 nummos
967 814 1117 895 dilapidet,
1133 834 1200 875 eum
1214 836 1267 876 cur
1376 858 1382 867 -

165 901 198 961 in
214 902 333 963 illoram
357 926 478 968 numero
497 908 652 988 quisquam
670 907 812 987 reponetf
840 908 904 968 Nisi
925 906 998 969 illud
1019 907 1094 969 forte
1109 908 1201 981 dicas,
1216 908 1266 987 qui

165 994 217 1053 tibi
234 997 390 1088 munierit,
402 1018 469 1057 eum
483 1000 553 1060 odio
570 999 689 1081 publico
708 1018 782 1059 esse·
797 1000 928 1079 dignum.
968 999 1074 1060 Recita
1093 1000 1163 1059 mihi
1185 1002 1266 1061 testi-

166 1088 273 1237 pppqia,
287 1090 383 1239 qqalis
402 1092 431 1149 in
453 1110 504 1151 eos
524 1093 578 1152 sim
601 1092 652 1172 qui
671 1110 785 1151 mecum
808 1091 987 1161 contrahunt
1006 1110 1154 1187 opemque
1171 1092 1265 1161 meam

204 1198 336 1258 poran.
1191 1200 1193 1209 ’

580 1395 847 1459 TESTIMONIA.

165 1534 259 1607 Talis,
276 1536 459 1611 Pantoenete,
474 1558 539 1599 sum
561 1558 617 1618 ego
633 1539 682 1599 ille
696 1539 829 1600 celeriter
843 1540 1004 1613 ambulans,
1018 1550 1049 1601 et
1066 1540 1135 1601 telis
1158 1550 1191 1601 tu
1213 1542 1263 1621 qui

163 1629 344 1707 pedetentim
359 1630 490 1705 incedis,

206 1722 255 1780 ll.
278 1722 339 1781 Sed
352 1720 391 1781 de
405 1741 471 1781 meo
490 1732 590 1783 tamen
616 1725 734 1783 incessu
753 1724 948 1803 loquendique
969 1725 1182 1785 consuetudine
1202 1744 1264 1784 orn-

162 1833 231 1873 nem
246 1813 328 1893 apud
341 1832 395 1874 vos
409 1813 499 1875 libere
511 1816 661 1882 veritatem
670 1816 780 1889 dicam,
793 1816 988 1877 Athenienses
1002 1838 1009 1877 :
1037 1817 1118 1878 haud
1131 1839 1177 1878 me
1192 1826 1264 1877 sane

163 1906 304 1983 praeterit,
317 1924 413 1985 neque
432 1906 544 1985 ignoro,
559 1928 606 1969 me
620 1917 754 1968 naturam
774 1907 912 1967 habuisse
931 1928 1034 1988 parum
1057 1912 1211 1990 propitiam
1234 1910 1264 1971 iu

110 1991 112 1996 ’
161 1997 208 2056 his
221 2000 322 2070 rebus,
333 2018 431 2078 neque
441 2018 491 2059 eas
502 2000 641 2079 expedire
651 2001 731 2060 mihi.
763 2001 840 2061 Nem
855 2001 879 2059 si
892 2020 929 2061 ea
938 2002 1014 2060 mihi
1027 2003 1126 2061 odium
1138 2004 1264 2081 pariunt,

162 2090 270 2169 quibus
284 2089 409 2169 agendis
422 2090 536 2150 nullum
549 2090 678 2151 fructum
691 2092 786 2171 capio,
800 2111 898 2151 nonne
919 2091 1021 2161 infelix
1039 2094 1070 2152 iu
1089 2112 1125 2152 ea
1146 2094 1263 2172 quidem

162 2182 350 2261 pertesum?
385 2184 445 2242 Sed
458 2184 528 2261 quid
541 2204 638 2261 agam,
651 2186 677 2244 si
694 2184 735 2242 illi
753 2183 910 2243 mutuaroi
942 2196 1134 2266 proptereane
1155 2185 1264 2245 mulcta

163 2274 255 2349 etiam
275 2274 418 2336 solvenda
436 2275 512 2334 erit?
543 2277 737 2355 Nequiquam
759 2295 837 2336 aero.
880 2276 1023 2336 Malitiam
1038 2277 1115 2336 enim
1130 2278 1159 2336 in
1175 2298 1221 2337 me
1234 2290 1265 2337 et

162 2366 380 2446 improbitatem
401 2388 467 2428 esse
491 2388 529 2427 ne
552 2368 605 2428 iste
629 2368 749 2447 quidem
770 2370 832 2447 ipse
856 2370 1003 2441 ostendet,
1029 2390 1123 2449 neque
1136 2392 1161 2429 ,e
1181 2380 1264 2437 tento

162 2470 295 2521 vestrum
320 2481 441 2522 numero
459 2460 613 2541 quisquam
631 2472 679 2522 est
693 2461 783 2522 ullius
807 2461 946 2523 facinoris
971 2461 1039 2522 mihi
1063 2462 1212 2523 conscius:
1235 2462 1263 2523 in

163 2554 227 2614 aliis
254 2564 352 2615 autem
380 2556 469 2614 rebus
491 2555 690 2634 unusquisque
709 2566 841 2615 nostrum
863 2555 930 2615 talis
953 2567 1009 2628 est,
1032 2565 1064 2616 ut
1087 2557 1212 2617 fortunae
1234 2567 1264 2615 et

163 2655 277 2706 naturae
297 2648 392 2707 risum
416 2647 482 2707 fuit.
523 2646 568 2707 Ac
592 2662 754 2727 repugnare
777 2647 895 2726 ingenio
919 2649 998 2708 factu
1025 2648 1157 2728 profecto
1181 2648 1263 2708 haud

132 2752 135 2760 ’
163 2738 252 2798 facile
266 2748 322 2812 est,
336 2738 445 2818 alioqui
459 2739 537 2799 enim
551 2739 623 2798 inter
641 2759 696 2800 uos
710 2738 782 2797 nihil
796 2739 968 2800 interesset:
991 2740 1079 2800 elium
1091 2760 1160 2800 vero
1175 2760 1263 2820 quem

163 2831 273 2892 videris
287 2849 406 2891 censere
423 2841 454 2891 et
471 2831 695 2911 reprehendere,
708 2829 837 2910 proclive
857 2843 912 2918 est.
956 2832 1021 2891 Sed·
1035 2833 1107 2911 quid
1125 2832 1177 2892 tibi
1195 2853 1264 2912 pro-

163 2934 230 3004 pter
243 2924 308 2985 hoec
322 2923 365 2983 rei
377 2943 494 2983 mecum
511 2933 568 2998 est,
578 2922 771 2984 Pantoenetef
800 2923 890 2982 Nihil.
923 2923 1020 2984 Multa
1034 2926 1140 2984 acerbe
1153 2943 1186 2984 es
1200 2945 1265 3003 per-

163 3035 281 3096 pessus·
322 3015 451 3076 Proinde
473 3015 622 3095 sumpsisti
645 3035 758 3095 poenas,
784 3035 843 3076 non
868 3015 905 3074 de
929 3036 977 3076 me
1003 3005 1147 3094 quidem¹
1167 3011 1265 3092 neque

164 3109 244 3169 enim
265 3109 328 3168 ulla
345 3109 397 3168 tibi
415 3129 434 3169 a
453 3129 500 3168 me
519 3119 585 3168 orta
604 3118 650 3168 est
668 3107 784 3188 injuria.
827 3107 944 3185 Alioqui
963 3127 1110 3184 nunquam
1130 3127 1176 3165 me
1190 3127 1265 3186 prae·
1360 3105 1364 3113 “

164 3202 295 3274 terisses,
308 3221 403 3280 neque
416 3201 536 3260 missurn
554 3219 602 3260 me
616 3200 749 3271 fecisses,
762 3203 829 3258 c'um
842 3199 988 3277 Evergunr
1003 3218 1140 3258 accusare
1147 3199 1263 3261 institu-

164 3293 250 3363 isses,
263 3312 356 3372 neque
375 3292 498 3374 petisses
519 3302 554 3352 ut
573 3311 629 3370 ego
647 3290 782 3351 venditor
803 3309 870 3349 esse
890 3289 1026 3367 dignarer
1039 3289 1088 3368 qui
1109 3291 1219 3350 atrocia
1234 3302 1264 3349 et

164 3403 276 3463 magua
288 3383 317 3442 in
330 3393 361 3443 te
375 3383 606 3443 commisissem.'
636 3381 753 3442 Deinde
767 3401 826 3461 quo
841 3400 897 3462 ego
910 3394 1008 3462 pacto,
1022 3401 1090 3441 cum
1109 3403 1164 3443 nec
1177 3383 1264 3442 ades·
1325 3445 1327 3454 ,

165 3496 239 3550 sem,
254 3485 285 3536 et
297 3495 416 3555 peregre
429 3476 575 3546 abessem,
590 3475 651 3534 ulla
663 3475 769 3555 injurie
782 3479 812 3534 te
826 3473 927 3533 affecit
1188 3479 1190 3484 ⁴

210 3566 259 3628 12.
270 3568 359 3635 Quod
369 3568 467 3647 siquis
477 3568 504 3629 ei
513 3567 651 3647 largiatur
662 3567 781 3638 summis
790 3585 857 3626 eum
869 3567 1005 3628 affectum
1014 3566 1137 3645 injuriis,
1146 3577 1175 3627 et
1185 3588 1264 3628 nunc

164 3662 204 3721 de
216 3661 253 3722 iis
266 3662 415 3722 verissima
427 3661 573 3733 dicturum
584 3679 650 3720 esse
663 3659 773 3729 omnia,
789 3658 861 3724 illud
873 3670 974 3717 tamen
988 3658 1090 3737 opinor
1103 3678 1204 3719 omues
1219 3662 1265 3720 fa-

165 3752 296 3825 teamini,
311 3769 366 3812 usu
379 3753 493 3813 venisse
508 3753 572 3833 jam
588 3750 763 3830 quibusdam
784 3760 816 3810 ut
836 3751 943 3813 multas
963 3750 1129 3830 acciperent
1147 3750 1266 3826 injurias

166 3845 344 3926 pecuniariis
356 3845 471 3906 damnis
490 3843 649 3924 graviores.
681 3837 759 3903 Nam
779 3852 811 3902 et
831 3843 957 3901 fortuitae
977 3842 1075 3902 credes
1089 3842 1174 3916 fiunt,
1188 3854 1217 3902 et
1230 3863 1266 3904 ea

166 3937 312 3998 violantur
332 3950 399 4016 quae
417 3936 534 3996 minime
555 3935 758 4006 conveniebat,
772 3944 804 3994 et
816 3934 966 4012 complure
989 3935 1051 4015 ejus
1072 3935 1187 4014 generis
1209 3935 1267 3996 alia
1314 3978 1317 3984 -
1342 3935 1346 3942 ’

165 4029 399 4090 committuntur.
442 4029 503 4088 Sed
522 4038 619 4088 tamen
638 4029 742 4086 horum
757 4027 885 4087 omnium
907 4026 1048 4088 terminus
1062 4037 1093 4087 et
1106 4028 1267 4088 satisfactio

168 4132 282 4183 statuta
293 4131 340 4182 est
353 4121 430 4180 loesis
450 4120 527 4189 hsec,
542 4130 577 4179 ut
594 4140 626 4179 re
644 4127 794 4178 transacta
807 4129 838 4178 et
851 4119 1014 4199 composita
1028 4119 1197 4197 quiescant;
1220 4119 1265 4192 id-

168 4235 234 4294 quc¹
244 4217 297 4296 jus
315 4223 429 4273 tantum
446 4211 475 4269 in
492 4211 626 4272 omnibus
640 4211 729 4282 valet,
742 4220 786 4281 ut,
803 4211 827 4270 si
848 4211 913 4291 quis
929 4210 1058 4270 fortuitae
1075 4209 1165 4270 caedis
1185 4231 1266 4273 reum

167 4306 316 4388 peregerit
329 4316 359 4364 et
375 4305 472 4384 pelam
486 4304 647 4364 ostenderit
661 4303 786 4382 aliquem
807 4323 865 4362 non
881 4322 945 4362 esse
959 4323 1074 4382 purum,
1089 4313 1156 4380 post
1168 4313 1267 4364 tamen

690 4400 709 4454 4
725 4415 755 4460 n,
