2967 4950
227 368 288 448 ιιι
542 362 766 431 anteusus
788 367 1013 463 incurrunt.

158 588 167 598 ,
207 534 326 587 arestro
336 493 798 605 mercatupeehniamnautieam
812 524 973 619 mutuarint
986 540 1078 603 eaque
1090 518 1351 615 defraudenturs,
1439 502 1445 527 ⁸

227 612 409 682 debitonhus
432 627 464 679 et
485 612 744 692 fraudatoribus,
735 639 766 679 ιιι
790 626 937 679 carcerem
962 616 1052 677 ducii
1083 615 1228 675 Haeccine
1249 598 1328 681 sunt,

167 777 170 782 ,
218 704 354 782 Μαίη,
372 712 440 790 quoe
453 711 517 771 istis
531 704 746 803 persuadebis?
767 712 827 771 Sed
839 705 950 786 ¹ubijus
964 710 1186 789 adipiscendum
1199 716 1258 776 est,
1273 706 1336 766 ιιι,
1392 709 1397 713 ’

228 796 327 875 dices,
330 802 369 863 de
380 803 562 869 mercatoriis
575 792 795 865 contractibus?
824 802 912 883 Apud
924 820 1011 882 quem
1024 796 1249 880 magistratum?
1277 804 1330 857 aut

226 908 285 973 quo
299 894 452 974 tempore?
471 896 561 977 Apud
575 897 711 958 undecim
725 894 827 957 virosi
854 896 896 955 At
908 895 938 954 hi
952 904 1135 975 grassatores
1155 902 1185 953 et
1194 892 1282 951 'iures
1297 898 1328 948 et

208 982 502 1049 'aiios'iac'inorosos
524 983 630 1083 capitis
652 1008 719 1049 reos
739 987 943 1049 introducunt.
984 982 1036 1047 An
1055 986 1135 1067 apud
1149 979 1342 1068 prestarent
1444 946 1460 1034 ἰ

227 1076 277 1139 At
287 1077 404 1158 praetori
426 1082 563 1142 orbarum
583 1094 614 1144 et
626 1080 805 1162 pupiilorum
818 1092 849 1141 et
866 1090 1022 1171 parentum
1035 1100 1107 1145 cura
1119 1076 1256 1140 mandata
1270 1086 1327 1136 est.

227 1169 320 1243 An,'
310 1169 354 1232 ιιιι
379 1192 428 1234 me
454 1169 533 1236 amet
534 1170 675 1255 Jupiter,
688 1174 773 1267 apud
796 1190 894 1255 regem
920 1164 1136 1235 ιιιιιιιιιιιιιιιιι
1166 1166 1207 1231 At
1232 1178 1328 1247 neque
1360 1216 1366 1222 .

4 1243 5 1272 ἦ
89 1262 96 1271 ’
155 1284 162 1299 “
227 1260 459 1344 gymnasiarchi
467 1286 579 1340 sumus,
593 1286 691 1346 neque
716 1285 800 1327 reum
820 1280 987 1347 quenquam
1002 1260 1135 1327 facimus
1156 1262 1327 1368 impietatis.

227 1351 277 1416 Ah
298 1357 369 1417 helii
388 1353 457 1419 dux
464 1378 522 1419 nos
543 1358 730 1421 introducet?
762 1353 914 1438 Siquidem
935 1368 1040 1439 agatur
1053 1353 1092 1421 de
1108 1352 1327 1449 patrociniovel

226 1448 344 1511 deserto
356 1452 403 1512 rei
421 1471 482 1512 non
502 1461 643 1548 recepto.
671 1446 801 1513 Proinde
813 1461 929 1513 restant
940 1452 1026 1513 nobis
1046 1442 1164 1512 ιιιιοιιι
1191 1450 1230 1509 At
1244 1448 1326 1508 trire-

227 1537 318 1600 mium
316 1537 484 1623 prefectos
493 1539 535 1609 hi
554 1540 670 1621 curant,
693 1555 724 1606 et
740 1540 958 1612 introducunt
950 1564 980 1604 ιιι
982 1541 1163 1621 judicium:
1168 1536 1327 1631 mercato·
1349 1548 1351 1551 ’

184 1664 189 1671 -
226 1631 299 1693 riam
311 1654 382 1696 vero
394 1656 515 1699 causam
528 1639 639 1699 nullam
657 1632 882 1705 introduxerint.
925 1638 1073 1716 Egovero
1091 1629 1236 1695 mereator
1250 1624 1326 1723 ιιιιιι,
1346 1636 1350 1641 ’

226 1732 257 1784 et
279 1734 312 1785 tu
330 1728 467 1797 irritares
488 1742 519 1791 et
536 1726 642 1792 hoeres
651 1725 741 1792 unius
756 1730 1014 1825 mercatorisque
1031 1729 1082 1805 qui
1099 1726 1286 1787 mercatorias
1308 1746 1327 1785 a

225 1791 312 1877 nobis
338 1819 478 1899 pecunias
501 1824 626 1902 accepit
649 1825 703 1883 ln
725 1839 794 1899 quo
791 1819 895 1895 igitur
914 1835 1005 1877 causa
1021 1818 1088 1875 hmo
1102 1815 1216 1895 J'udicio
1229 1818 1327 1878 disce-

225 1908 341 1987 ptanda
357 1912 427 1971 esti
455 1910 550 1982 Doce,
564 1914 690 1979 Lacrite,
704 1912 794 1967 modo
807 1908 884 1985 aequi
906 1903 1034 1988 aliquid
1034 1906 1126 1979 dicas,
1145 1919 1175 1967 et
1189 1908 1294 2013 quod
1288 1910 1328 1970 sit
1347 1912 1349 1919 ’

208 1998 340 2079 iegibus
353 2014 595 2061 consentaneum
636 2000 697 2059 Sed
710 1998 820 2057 nullius
833 1998 960 2059 hominis
972 2007 1087 2059 tantum
1105 2010 1152 2059 est
1163 1992 1325 2117 ingenium,

226 2092 373 2171 quihisce
392 2089 532 2153 derebus
546 2090 749 2170 requialiquid
762 2090 974 2168 possitdioere.
1382 2159 1386 2161 ,

270 2188 318 2246 14.
339 2186 448 2264 Neque
463 2201 534 2245 vero
551 2183 599 2243 his
620 2184 727 2254 solum,
741 2181 884 2256 Judiees,
889 2202 947 2261 ego
968 2182 1079 2270 injuriis
1095 2203 1113 2243 a
1127 2184 1241 2245 Lacrito
1261 2188 1325 2247 sffi-
1402 2262 1408 2273 ἱ

226 2276 299 2350 cior,
319 2277 374 2337 sed
394 2285 501 2356 praeter
521 2276 736 2335 fraudationem
749 2274 894 2355 pecunie,
907 2274 1040 2347 etiamin
1053 2287 1183 2337 extrema
1195 2279 1327 2357 pericula

226 2369 371 2430 venissem
380 2365 527 2448 ‘quantum'
540 2368 571 2427 in
583 2368 641 2428 isto
655 2367 773 2446 quidem
787 2364 854 2445 fuit,
867 2366 924 2427 nisi
937 2366 1007 2426 'mihi
1020 2369 1189 2447 syngrapha
1205 2385 1325 2431 succur·
1426 2378 1433 2385 “

227 2462 321 2535 risset,
335 2470 503 2541 testataque
515 2470 606 2533 esset,
622 2481 668 2521 me
687 2462 717 2521 in
733 2458 863 2520 Pontum
881 2458 1001 2520 dedisse
1010 2458 1214 2541 'pecuniamet'
1223 2454 1336 2524 rursu'

227 2555 370 2617 Athenas.
412 2552 517 2616 Nostis
531 2552 766 2634 enimproiecto,
780 2552 916 2626 Judices,
936 2552 1032 2632 legem
1054 2551 1142 2634 quam
1164 2554 1201 2616 ea
1223 2552 1324 2618 severa

226 2647 275 2721 sit,
289 2648 314 2708 si
328 2646 630 2727 quis'Atheniensium
648 2647 707 2708 alio
722 2647 859 2726 quopiam
881 2665 969 2724 quam
989 2645 1122 2708 Athenas
1145 2645 1323 2710 frumentum

226 2740 347 2814 vexerit,
360 2745 413 2801 aut
431 2742 586 2821 pecuniam
608 2737 800 2801 mutuarit'in
818 2739 907 2799 alium
923 2750 1083 2801 mercatum
1097 2761 1185 2820 quam
1199 2743 1324 2803 Atheni·-

169 2827 177 2874 Ῐ
226 2835 350 2906 ensium,
362 2854 430 2913 quta
442 2842 539 2913 poenae'
553 2834 591 2894 de
607 2831 671 2892 his
674 2832 841 2892 constitutae
855 2831 914 2892 sint
916 2849 1022 2911 ,quam
1036 2831 1151 2911 magum
1164 2843 1195 2894 et
1208 2853 1324 2913 graves.
1385 2895 1386 2898 ,

226 2928 325 3007 Atque
347 2922 451 2988 adeo
442 2931 541 3008 r‘psam
558 2927 656 3006 potius
670 2923 828 3007 legemem
848 2925 949 2998 recita,
962 2944 1021 3050 quo
1042 2945 1106 2986 rent
1125 2927 1232 3046 certius
1253 2947 1324 3042 cog·

226 3031 363 3082 noscant.
442 3061 446 3067 -
561 3035 565 3042 ’

731 3207 825 3268 LEX.

261 3351 390 3412 Argentum
408 3354 487 3395 autern
506 3362 552 3394 non
567 3346 638 3394 liceat
655 3347 696 3394 ιιΙΙι
707 3313 881 3396 Atheniensium
898 3356 938 3396 sut
948 3347 1114 3410 inquilinorum
1125 3349 1226 3397 Athenis
1238 3351 1327 3413 degen-

208 3439 210 3442 ’
228 3429 295 3482 tium,
302 3432 400 3488 quornm
409 3424 435 3472 hi
447 3429 501 3472 sunt
511 3429 624 3480 suctores,
631 3425 654 3470 in
665 3440 756 3480 narem,
764 3441 816 3487 qum
824 3427 963 3474 frumentum
970 3427 1074 3474 Athenas
1082 3433 1178 3474 rectura
1187 3444 1233 3475 norr
1245 3429 1307 3476 sit-⁵
1315 3454 1327 3467 ·

143 3531 146 3541 ’
228 3549 259 3601 et
272 3550 380 3600 caetera
392 3558 458 3618 quse
472 3538 509 3598 de
523 3537 647 3616 singulis
662 3511 873 3598 earumlrerum
888 3540 996 3619 scripta
1010 3550 1089 3600 sunt.
1140 3561 1145 3568 ·
1255 3543 1257 3556 '

259 3671 301 3721 sin
311 3669 396 3731 aliquis
406 3668 519 3717 mutuarit
526 3685 555 3717 eo
564 3661 665 3723 nomine,
676 3668 701 3716 σι’
709 3668 809 3716 ιοιιιοιιι
821 3677 846 3718 et
854 3669 957 3718 describi
966 3671 1039 3720 licere
1048 3677 1168 3732 argeutum
1182 3670 1244 3733 opud
1260 3684 1325 3721 cura·

226 3755 300 3803 tores,
311 3745 505 3809 quenadmodum
517 3745 547 3792 de
558 3751 651 3792 osre‘et
665 3746 781 3792 frumento
791 3745 879 3794 dictum
891 3755 938 3804 est,
946 3747 996 3809 p'ari
1008 3749 1107 3796 ratione.
1127 3749 1170 3795 *nt
1181 3749 1244 3796 trotio
1259 3750 1282 3796 ei
1294 3754 1335 3796 ns'

226 3824 296 3871 detur
312 3823 342 3869 de
356 3828 461 3882 urgento,
476 3821 539 3882 qnod
557 3821 604 3868 aiio
620 3821 729 3884 quopiam
746 3822 843 3870 eiecerit
862 3839 930 3885 qnam
945 3824 1065 3884 Athenon
1082 3839 1157 3895 neque
1175 3826 1324 3890 magistratus

226 3899 289 3947 nilus
300 3900 330 3948 de
340 3914 369 3946 eo
377 3900 471 3946 retent.

225 4015 271 4074 Ac
284 4014 333 4074 lex
345 4013 474 4092 quidem,
487 4013 637 4086 iudices,
641 4024 702 4073 tam
722 4032 825 4074 severa
838 4022 903 4072 est:
925 4021 956 4072 at
969 4014 1016 4073 isti
1030 4015 1157 4074 omnium
1172 4014 1323 4076 hominum

223 4106 421 4187 impurissimi,
435 4126 503 4166 curn
514 4106 543 4165 iu
557 4106 725 4186 syngrapha
738 4116 838 4186 aperte
851 4105 991 4186 scripturn
1006 4107 1044 4166 sit
1046 4107 1221 4186 ,pecuniam
1231 4108 1324 4168 Athe-

187 4188 191 4203 ’
224 4219 278 4259 uas
301 4199 520 4279 reportandam,
538 4199 732 4278 permiserunt
754 4199 919 4283 pecuniam
929 4200 1050 4259 anobis
1073 4200 1197 4260 Athenis
1221 4211 1324 4261 mutuo

196 4326 200 4332 ·
226 4301 374 4371 sumptam
396 4291 427 4350 in
452 4291 558 4351 Chium
583 4290 660 4350 vehi.
709 4291 787 4350 Nam
813 4311 881 4351 eum
904 4277 1055 4351 Phaselita
1077 4289 1301 4352 navicularius
1293 4311 1323 4352 m

223 4384 322 4444 Ponto
342 4383 450 4444 aChio
462 4384 590 4462 quodam
604 4383 723 4448 homine
736 4384 893 4462 pecuniam
907 4393 1100 4455 mutuaretur,
1120 4379 1237 4444 Chius
1224 4393 1324 4446 autem
1349 4389 1355 4402 ¹

223 4497 257 4538 ss
264 4475 405 4547 daturum
419 4487 551 4554 negaret,
565 4476 620 4537 nisi
633 4475 732 4564 omnia
746 4475 799 4536 sihi
814 4477 878 4554 qum
898 4474 1092 4540 navicularius
1108 4477 1226 4540 veheret
1240 4478 1323 4556 oppi-
