2967 4950
20 342 21 355 ¹
88 360 89 363 =
172 374 175 391 ³
262 323 321 381 624
550 321 767 417 Anysasus
789 319 1058 379 LEOCHAREM.

261 494 361 536 causae
374 474 542 535 defensores
561 486 591 536 et
608 476 698 537 falsos
713 487 804 536 testes
817 475 926 535 multos
940 481 1164 554 compararunt:
1186 481 1269 553 pater
1281 492 1350 533 rem

248 556 496 627 ‚meus-dicetur
505 568 682 629 enim-una
695 588 762 629 cunr
780 576 960 648 paupertate,
976 576 1009 626 ut
1022 586 1074 625 vos
1089 572 1193 625 omnes
1203 558 1308 638 nostis,
1321 575 1351 626 et

262 658 405 738 imperitia
434 678 528 719 rerum
554 653 713 719 manifestis
736 660 909 719 testimoniis
929 670 1051 739 pugnat.
1105 658 1183 717 Nam
1206 656 1238 715 in
1254 656 1350 738 'Pirae-

262 771 297 811 eo
310 752 636 835 praeconiumylactitat:
658 752 688 811 id
702 754 794 832 'quod
809 773 868 813 non
890 751 978 814 modo
1000 752 1177 832 paupertatis
1196 771 1349 829 argumen-

261 852 333 917 tum,
348 844 399 903 sed
413 853 444 903 et
454 844 652 924 occupationis
667 854 713 923 est
724 865 791 924 quae
804 846 870 905 lites
884 846 988 905 sectari
1000 844 1188 924 prohibebat;
1210 842 1260 921 qui
1273 844 1350 902 enirn
1463 915 1464 922 ἵ

262 935 348 997 talem
364 946 506 1015 quaestum
520 936 600 1010 facit,
615 957 681 998 enm
695 958 815 998 necesse
828 946 875 998 est
887 946 965 997 totos
982 938 1044 997 dies
1056 938 1087 995 in
1099 936 1162 995 soro
1175 954 1251 995 esse.
1275 935 1350 1003 Quae
1386 924 1392 934 ¹
1463 931 1464 940 ’

218 1028 221 1034 ’
260 1047 314 1087 vos
328 1038 496 1107 reputantes
509 1030 684 1107 cogitabitis,
699 1049 763 1103 nos,
776 1030 832 1088 nisi
846 1029 961 1103 justitia
973 1028 1039 1088 freti
1051 1042 1190 1099 essemus,
1201 1046 1349 1105 nunquam

241 1130 244 1136 '
259 1120 291 1177 in
304 1130 492 1199 conspectum
503 1131 631 1184 uestrum
645 1122 742 1182 fuisse·
754 1120 930 1200 prodituros.
971 1121 1032 1181 Sed
1046 1141 1113 1201 quoe
1131 1120 1219 1200 hujus
1238 1121 1350 1199 generis

262 1222 341 1285 sunt,
354 1232 510 1291 progressu
527 1214 675 1283 orationis,
690 1200 797 1274 clarius
819 1214 960 1273 audietis:
985 1214 1023 1273 de
1043 1214 1109 1293 ipsa
1128 1223 1226 1273 autem
1249 1224 1351 1273 conte-

260 1308 385 1367 statione
396 1316 427 1366 et
439 1306 538 1380 causa,
548 1328 627 1367 nunc
641 1308 753 1368 videtur
767 1327 831 1366 esse
842 1307 1052 1376 disserendum.
1120 1315 1123 1319 ’

302 1404 330 1461 3.
352 1401 440 1469 Quod
455 1400 489 1473 si,
507 1400 637 1474 ludices,
653 1420 690 1459 ex
706 1400 772 1479 ipsa
791 1401 1004 1459 contestatione
1023 1399 1185 1464 Leochares
1206 1399 1349 1478 petiturus

212 1522 215 1531 ·
261 1491 460 1553 defensionem
482 1502 569 1571 atque
589 1503 761 1553 ostensurus
775 1502 863 1566 esset,
882 1513 913 1552 se
927 1513 1097 1571 germanum
1110 1513 1175 1552 csse
1195 1492 1350 1552 Archiadae

259 1587 359 1658 filium,
370 1586 440 1645 nihil
452 1606 526 1665 opus
541 1596 618 1645 esset
637 1588 736 1647 multis
750 1586 854 1659 verbis,
869 1606 964 1666 neque
977 1586 1175 1647 necessarium
1192 1604 1248 1645 uos
1261 1604 1281 1643 a
1293 1583 1350 1664 pri-

194 1744 200 1757 :
260 1678 381 1737 mordio.
397 1677 465 1736 inde
488 1687 619 1736 nostrum
643 1697 735 1759 genus
749 1696 940 1756 percensere:
961 1677 1014 1736 sed
1033 1677 1103 1756 quia
1125 1697 1156 1736 se
1175 1676 1350 1759 contestatio

260 1768 342 1829 aliter
353 1770 451 1839 habet,
466 1780 552 1849 atque
566 1770 612 1830 isti
626 1770 781 1830 maximam
795 1769 932 1829 orationis
946 1780 1058 1848 partam
1071 1770 1102 1828 in
1115 1788 1150 1828 eo
1163 1777 1347 1837 consument,

248 1848 291 1919 'se
306 1862 460 1941 adoptatos
473 1882 547 1935 esse,
562 1872 591 1922 ct
613 1882 679 1922 cum
694 1863 823 1941 germani
843 1861 892 1920 filii
913 1862 982 1934 sint,
998 1862 1108 1922 ratione
1124 1861 1349 1941 propinquitatis

254 1953 321 2031 jure
341 1963 528 2033 percepturos
548 1954 756 2025 haereditatem,
777 1972 899 2013 necesse
913 1954 996 2013 nobis
1010 1954 1071 2028 sest,
1085 1953 1218 2025 ludices,
1228 1955 1349 2032 'propter

259 2044 312 2103 has
326 2064 428 2105 causas
442 2045 531 2125 paulo
542 2047 628 2105 altius
639 2054 732 2125 genus
743 2055 875 2106 nostrum
888 2047 971 2106 vobis
985 2064 1142 2125 exponere.
1182 2046 1349 2107 Hoc'enim

258 2140 409 2219 perspicue
422 2140 552 2219 cognito,
566 2139 660 2199 verbis
675 2158 777 2199 eorum
795 2158 854 2198 non
869 2138 1061 2218 decipiemini.
1102 2137 1263 2197 Nam-haec
1278 2157 1349 2199 con·
1380 2153 1384 2160 ’
1463 2181 1465 2195 .

260 2233 397 2293 troversia
418 2232 592 2313 disceptatio
614 2242 660 2291 est
680 2232 718 2289 de
739 2230 927 2291 haereditate:
948 2230 978 2289 in
996 2249 1142 2291 eamvero
1165 2229 1279 2307 agimus
1296 2249 1348 2289 nos
1382 2280 1386 2289 .

259 2325 370 2383 ratione
394 2325 507 2402 generis
532 2336 563 2384 et
583 2322 812 2404 propinquitatis,
832 2323 881 2383 isti
901 2324 1013 2383 ratione
1033 2322 1218 2403 adoptionis,
1250 2323 1349 2383 Conli-

259 2427 354 2477 temur
365 2428 462 2478 autem
475 2436 573 2478 coram
586 2417 668 2478 vobis
682 2428 761 2476 ratas
775 2436 840 2477 csse
850 2426 984 2497 oportere
998 2416 1183 2496 adoptiones,
1193 2436 1261 2495 qnae
1274 2415 1348 2496 legi-

258 2510 314 2569 bus
339 2509 393 2569 rite
418 2509 504 2570 lactae
528 2510 645 2571 fuerint.
670 2512 789 2576 'Quare
809 2521 872 2583 vos,
883 2510 988 2570 horum
1011 2510 1265 2569 fundamentorum
1287 2527 1347 2568 rne-

219 2604 221 2608 '
260 2618 364 2672 mores,
378 2600 402 2658 si
413 2600 593 2662 ostenderint
612 2601 694 2662 vobis
708 2601 790 2679 leges
799 2620 839 2681 lca
851 2601 1017 2681 permittere
1030 2620 1096 2679 qnoe
1114 2601 1170 2680 ipsi
1193 2601 1348 2660 contestati

260 2702 338 2764 sunt,
353 2692 530 2753 decernitetc
543 2693 585 2771 eis
603 2692 820 2767 haereditatem:
848 2693 892 2754 sin
906 2694 1021 2772 legibus
1038 2693 1069 2752 id
1088 2693 1207 2771 quidem
1227 2693 1348 2752 demon-

259 2787 349 2844 strare
362 2804 423 2845 non
436 2795 581 2864 poterunt,
597 2786 648 2845 sed
667 2805 753 2864 aequa
766 2795 865 2845 tamen
877 2795 908 2845 et
919 2785 1045 2845 humana
1054 2785 1151 2845 dicere
1163 2784 1348 2858 videbuntur,

258 2875 345 2936 etiam
358 2877 400 2938 sic
410 2877 608 2938 concedimus.
651 2877 692 2936 Ut
705 2887 803 2936 autem
813 2877 911 2938 sciatis
925 2889 978 2938 nos
990 2897 1102 2957 genere.
1111 2897 1177 2937 esse
1191 2877 1349 2964 proximos,

225 2971 226 2974 ’
258 2991 354 3052 neque
367 2991 403 3031 eo
416 2971 470 3031 niti
490 2969 594 3045 solum,
609 2971 705 3031 sedet
725 2971 839 3031 coe'teris
855 2972 1000 3046 omnibus,
1012 2971 1141 3052 primum,
1155 2988 1205 3029 sos
1224 2970 1262 3030 de
1284 2970 1348 3048 ipso

259 3082 367 3144 genere
386 3064 567 3137 docebimus,
590 3063 669 3123 unde
692 3063 849 3122 haereditas
874 3073 939 3122 est:
964 3063 1099 3122 existimo
1123 3061 1252 3136 enim‚si
1272 3062 1362 3126 hanc.

202 3160 203 3164 ’
258 3178 354 3220 causae
377 3169 490 3240 partem
512 3157 623 3237 liquido
642 3153 848 3234 cognoveritis,
860 3153 923 3214 sore
943 3165 976 3215 ut
997 3174 1053 3215 nec
1074 3158 1248 3214 caeterorum
1269 3155 1348 3234 quic·

258 3269 410 3327 quamvos
429 3260 590 3332 praetereat.
665 3309 668 3314 ,
798 3257 800 3260 ’
973 3324 975 3330 A

242 3363 264 3426 ¹1
297 3349 326 3402 4.
348 3343 506 3423 Principio,
521 3343 651 3417 ludices,
665 3343 727 3417 nati
742 3351 812 3403 suut
826 3341 1029 3423 Euthymacho
1043 3342 1203 3422 Otrynensi
1215 3342 1269 3402 lilii
1281 3352 1346 3415 tres,

259 3428 428 3516 Midylides,
440 3436 615 3516 Archippus,
630 3435 800 3507 Archisdes,
815 3447 847 3495 et
854 3435 915 3495 lilia
927 3436 976 3496 cui
990 3455 1097 3495 nomen
1111 3434 1167 3493 fuit
1181 3435 1347 3495 Archidice.

260 3529 299 3586 Hi
309 3539 392 3609 patre
407 3529 555 3605 defuncto,
570 3525 744 3588 Archidicen
761 3528 912 3588 Leostrato
935 3527 1085 3587 Eleusinio
1104 3527 1261 3587 collocant.
1303 3529 1347 3588 lix

257 3621 327 3701 ipsis
340 3641 408 3682 vero
422 3623 513 3681 tribus
526 3620 691 3700 Archippus
704 3621 810 3680 triremi
818 3621 975 3702 preelectus
984 3619 1165 3699 Methymna}
1175 3619 1254 3679 diem
1267 3620 1346 3680 obiit

258 3713 418 3794 Midylides
440 3735 501 3775 uon
520 3713 611 3773 multo
634 3725 701 3793 post
720 3723 851 3793 tempore
869 3713 951 3772 ducit
974 3711 1212 3783 Mnesimacham,
1229 3712 1347 3796 Lysippi

259 3807 404 3868 Crioeusis
417 3809 515 3880 liliam,
531 3808 617 3888 eique
630 3806 692 3867 filia
705 3807 833 3867 nascitur
847 3806 965 3866 nomine
987 3803 1180 3877 Clitomacho,
1193 3824 1283 3883 quam
1299 3804 1346 3863 ille

200 3919 201 3924 ¹
257 3900 349 3960 voluit
360 3901 441 3961 fratri
460 3921 513 3961 suo
527 3901 576 3980 qui
590 3901 699 3961 coelebs
714 3910 778 3961 erat
791 3901 870 3960 dare.
912 3899 987 3958 Cum
1000 3900 1097 3971 'autem
1112 3896 1274 3957 Archihdes
1292 3897 1346 3956 sibi

256 4014 317 4054 non
332 3994 438 4054 esseio
452 3993 548 4054 animo
562 4013 681 4055 uxorem
695 3994 803 4053 ducere
817 3993 937 4063 diceret,
953 3990 1006 4050 sed
1025 4000 1056 4050 et
1067 3987 1272 4070 patrimonium
1282 4009 1345 4068 pro·

256 4096 357 4166 pterea
369 4086 524 4146 indivisum
535 4107 598 4146 esse
610 4083 729 4167 passus,
744 4085 865 4146 seorsim
874 4083 1019 4145 Salamine
1039 4083 1201 4142 habitaret:
1223 4081 1268 4141 sio
1284 4091 1346 4165 tan-

257 4178 325 4239 dem
340 4172 505 4258 Midylides
530 4173 611 4238 suam
635 4178 722 4237 liliam
744 4174 892 4237 Aristoteli
913 4176 1079 4235 Pallenensi
1102 4172 1272 4255 despondet,
1291 4174 1344 4233 avo

257 4267 332 4346 m'eo,
345 4293 362 4332 e
376 4291 435 4352 qno
446 4267 670 4332 nascunturfilii
689 4269 760 4344 tres,
779 4267 1085 4354 Aristodemus'pster
1105 4267 1155 4326 hic
1175 4263 1268 4340 meus,
1285 4265 1345 4325 Hs·

210 4361 213 4366 ’
256 4361 412 4438 hroni'chus
425 4375 558 4445 patruus,
572 4373 602 4424 ct
615 4363 837 4444 Midylidesqui
856 4383 935 4423 nunc
948 4362 1029 4422 obiit.
1088 4432 1090 4435 ¹
1124 4369 1128 4374 ’
1313 4357 1316 4362 ’

208 4459 212 4466 “
296 4457 327 4516 5.
348 4459 392 4518 Ac
406 4453 521 4539 generis
540 4458 661 4538 quidem
676 4459 769 4518 nostri
781 4454 1034 4540 propinq'uitas,in
1051 4475 1108 4538 quo
1120 4448 1344 4520 hsthcercditaa
