2967 4950
238 302 298 362 8³6
670 297 894 362 EPISTOLAE.

237 451 335 513 omnia
357 453 585 533 consequamini.
626 453 702 523 Quae
720 454 810 534 igitur
829 451 882 512 illa
901 449 991 512 suut?
1011 451 1117 529 Neque
1136 446 1248 510 civitati
1269 445 1330 519 uui,

237 564 334 625 neque
352 546 419 606 ullis
433 547 501 608 viris
524 547 575 625 qui
596 547 738 627 cujusque
756 545 837 606 urbis
861 553 960 605 vetera
972 543 1108 604 instituta
1127 541 1331 616 defendemnt,

179 637 181 642 ’
236 639 422 700 irascendum
442 650 497 713 ert,
511 641 563 700 sed
578 640 705 699 delenda
722 640 819 720 potius
834 658 872 698 ex
885 636 987 698 animis
1001 636 1140 696 memorio
1151 636 1328 716 injuriarum.

236 731 314 798 Nam
327 732 490 792 istiusmodi
506 741 600 792 metus
611 731 715 803 ‘efficiti
729 745 763 791 ut
776 731 871 811 quise
888 729 1052 800 foederatis,
1064 729 1094 788 in
1113 729 1269 788 manifesto
1282 751 1330 809 pe-

235 823 326 884 riculo
339 824 533 896 versantibus,
547 824 729 884 necessarios
744 844 811 883 esse
824 823 930 896 sciunt,
944 841 1031 902 opem
1051 821 1154 880 iisdem
1177 823 1329 901 promptis-

190 989 192 994 Α
235 915 307 975 sime
321 917 432 975 ferant:
454 917 503 994 qui
516 926 597 976 metu
617 917 673 988 isto
693 915 806 975 liberati
824 934 925 974 omnes
946 915 1018 973 fient
1032 913 1172 973 mitiores.
1212 914 1251 972 In
1271 935 1327 994 qno

233 1027 293 1066 non
317 1025 407 1085 parva
430 1018 476 1067 est
502 1007 621 1066 utilitas.
663 1007 708 1066 Ac
733 1005 894 1086 oppidatim
918 1001 1098 1084 proclamare
1118 1005 1189 1064 talla
1207 1005 1329 1065 stultum

232 1097 401 1172 lu'erit5irno
425 1118 462 1157 ne
483 1099 546 1158 fieri
568 1099 685 1177 quidem
703 1098 734 1156 id
757 1109 868 1178 potestz
891 1097 944 1157 sed
957 1108 1044 1176 prout
1063 1116 1115 1156 vos
1129 1115 1196 1156 cum
1221 1098 1331 1157 civibus

233 1191 335 1251 restris
352 1191 448 1270 egisse
461 1191 594 1262 viderint,
608 1191 650 1250 ita
673 1191 805 1250 efficietis
822 1201 856 1249 ut
878 1189 1000 1268 quisque
1020 1209 1088 1249 cum
1108 1189 1223 1249 caeteris
1244 1191 1331 1250 etiam

234 1294 330 1344 actum
351 1285 383 1343 iri
397 1294 557 1365 exspectet.
599 1282 727 1343 Proinde
750 1303 856 1343 censeo
879 1302 973 1360 neque
994 1278 1151 1353 civitatem,
1165 1279 1262 1361 neque
1277 1283 1330 1342 du-

169 1397 171 1403 ’
232 1395 307 1441 cem,
321 1397 416 1455 neque
430 1386 583 1450 oratorem,
593 1395 689 1454 neque
706 1376 852 1454 plebeium
867 1374 1043 1453 quemqnam
1058 1393 1167 1446 eorum,
1181 1377 1234 1452 qui
1247 1386 1329 1434 ante·

232 1472 288 1532 hac
301 1493 368 1534 eum
382 1472 547 1532 defendisse
568 1480 676 1530 statum
691 1470 741 1549 qui
756 1481 817 1528 turn
832 1470 887 1528 fuit
900 1467 955 1527 risi
977 1477 1054 1539 sunt,
1070 1487 1088 1527 a
1102 1485 1251 1547 quoquam
1270 1469 1329 1528 ullo

232 1565 320 1624 modo
343 1565 391 1624 vel
414 1555 577 1624 taxandum
602 1561 908 1642 velobjurgandum:
935 1560 990 1620 sed
1014 1559 1239 1625 concedendum
1267 1581 1331 1621 esse

231 1656 297 1731 hoc,
312 1676 413 1716 omues
436 1655 513 1716 cives
536 1676 571 1716 ea
593 1655 694 1734 egisse
708 1675 774 1736 quae
793 1653 965 1734 oportuerit,
979 1663 1135 1732 postquam
1148 1654 1330 1733 benignitate

233 1747 321 1808 deum
336 1757 506 1808 conservata
519 1747 669 1826 republica
683 1747 766 1807 robis
779 1747 891 1807 licitum
904 1756 951 1805 est
971 1745 1009 1805 de
1024 1745 1149 1826 integro,
1163 1755 1264 1806 restro
1284 1767 1328 1806 ar-

231 1841 350 1910 bitratu,
365 1840 539 1914 deliberare,³
548 1850 579 1900 et
591 1839 792 1918 cogitandum,
805 1838 1053 1917 quemadmodum
1073 1837 1103 1896 in
1116 1838 1204 1911 nari,
1217 1839 1328 1899 cumbi

231 1933 432 2006 velificatione,
460 1932 501 1992 illi
526 1932 717 2011 remigatione
744 1931 886 1991 utendum
905 1939 1040 2008 censent,
1061 1930 1119 1990 dici
1139 1934 1177 1991 ab
1200 1933 1328 2011 utrisque

232 2025 330 2086 omnia
350 2035 468 2106 propter
483 2017 609 2085 salutem
630 2015 779 2095 tuendam,
792 2024 823 2082 id
835 2023 1068 2103 vero'praelatum
1087 2042 1155 2084 esse
1168 2025 1327 2086 =consilium

232 2118 313 2196 quod
326 2137 393 2178 cum
407 2118 529 2178 deorum
542 2117 692 2177 voluntate
705 2116 881 2194 congruerit.
924 2115 1013 2184 Quod
1028 2114 1052 2175 si
1065 2116 1103 2175 de
1123 2117 1280 2194 preteritis
1293 2119 1328 2178 ad

231 2211 311 2271 bunc
326 2210 453 2272 modum
467 2211 638 2280 statueritis,
655 2219 685 2270 et
697 2209 787 2268 fidem
799 2207 951 2268 invenietis
963 2209 1040 2288 apud
1056 2221 1216 2281 omnes‚‘et
1233 2213 1325 2270 officio

230 2304 374 2364 bonomm
394 2303 520 2365 virorum
540 2297 761 2380 fungamini,'et
772 2319 819 2362 res
834 2296 946 2361 restrae
960 2321 1019 2360 non
1033 2321 1138 2380 parurn
1154 2301 1283 2381 erigetis,
1297 2313 1326 2362 et

231 2415 281 2457 eos
295 2397 387 2478 quiin
400 2396 522 2457 urbibus
536 2395 681 2456 adversati
695 2394 779 2456 robis
792 2394 912 2454 fuerunt
924 2413 961 2454 eo
974 2394 1126 2474 redigeris,
1147 2405 1180 2456 ut
1195 2404 1248 2455 aut
1260 2415 1327 2456 con·

232 2490 295 2551 eilia
307 2501 422 2551 mutent
435 2482 546 2562 omnes,
566 2500 617 2549 aut
632 2488 751 2549 omnino
764 2488 855 2565 aliqui
868 2507 935 2548 esse
948 2488 978 2546 in
998 2487 1085 2567 culpa
1096 2488 1153 2568 ipsi
1165 2489 1325 2549 videantum

232 2583 308 2651 Ques
326 2583 415 2661 igitur
428 2602 444 2641 e
460 2581 624 2662 Republica
637 2590 714 2652 sunt,
729 2600 765 2641 ea
781 2580 896 2658 maguis
909 2579 1013 2641 animis
1026 2589 1058 2640 et
1069 2577 1326 2641 civiliter'admini·

232 2685 334 2747 strate,
348 2684 378 2733 et
390 2674 567 2753 privatarum
588 2692 686 2732 rernm
706 2672 909 2733 recordamini.
950 2676 1048 2751 Atque
1060 2672 1126 2733 hoee
1138 2692 1196 2753 ego
1213 2679 1324 2745 moneo,

128 2839 130 2846 Ι
231 2786 291 2825 non
305 2784 308 2795 ·
320 2767 444 2826 eandem
468 2764 679 2825 humanitatem
699 2763 939 2844 expertusapnd
963 2765 1131 2837 nonnullos,
1149 2764 1202 2825 sed
1222 2767 1326 2845 perin-

226 2858 334 2940 jurism
348 2867 379 2918 et
393 2856 564 2918 seditionem
577 2858 607 2917 in
621 2858 741 2916 aliorum
757 2859 880 2937 gratiam
894 2858 979 2937 quasi
998 2857 1191 2937 propinatus.v
1221 2857 1325 2918 Verum

230 2972 285 3013 nec
299 2952 419 3033 private
431 2942 586 3036 explendae
599 2950 757 3011 iracundiae
768 2950 1036 3030 gratiareipublicoe
1045 2951 1208 3011 commodis
1221 2970 1326 3011 noceu·

231 3044 302 3104 dum
318 3054 404 3125 puto,
426 3064 523 3124 neque
548 3043 637 3103 ullam
661 3043 767 3122 privati
788 3043 848 3104 odii
869 3053 984 3123 partem
1005 3044 1130 3123 publicis
1154 3046 1326 3105 utilitatibus

231 3138 396 3199 admisceo:
412 3136 472 3197 -sed
486 3137 603 3215 adquae
617 3136 689 3195 alios
704 3134 904 3206 adhortor,·ea
916 3136 986 3195 mihi
998 3137 1101 3215 primo¹
1113 3155 1179 3197 esse
1193 3136 1328 3197 facienda

231 3238 350 3291 censeo.
392 3230 467 3299 Quae
478 3230 565 3309 igitur
579 3229 783 3307 preponenda,
798 3224 923 3308 qureqoe'
936 3229 1167 3304 carenda'sunt
1181 3228 1328 3309 etquibirs

231 3321 522 3400 agendis(quantum
544 3321 664 3399 quidem
685 3322 816 3381 humano
836 3321 957 3381 consilio
976 3322 1122 3401 provideri
1137 3326 1328 3403 potest)pro-

231 3412 371 3493 sperrimo
387 3414 430 3473 uti
455 3432 595 3473 successu
617 3432 702 3491 posse
716 3412 884 3485 videamini,
899 3414 961 3473 fere
976 3434 1053 3474 ame
1073 3416 1328 3495 est-explicatum:

231 3504 408 3583 quotidianis
422 3515 520 3565 antem
533 3504 660 3584 negotiis
674 3524 813 3585 praeesse,
827 3515 859 3565 et
868 3506 995 3570 'casibus
1013 3507 1116 3570 subitis
1136 3518 1216 3568 recte
1232 3510 1284 3580 uti,
1298 3521 1331 3569 et

230 3590 373 3677 cujusque
388 3596 432 3657 rei
446 3590 842 3676 intelligere'ocoasionenet
849 3591 1076 3678 judicareque
1087 3620 1133 3660 res
1148 3586 1332 3680 benignitate

230 3691 383 3749 verborum
401 3689 525 3749 obtineri
547 3688 673 3769 possint,
687 3710 755 3768 quse
778 3691 848 3748 item
858 3690 897 3749 ‘ri
910 3692 1118 3770 extorquendas
1135 3691 1334 3764 rint'dueurn

231 3783 360 3852 officium
375 3792 420 3843 est
440 3784 491 3863 qui
508 3783 596 3843 rebus
618 3782 859 3843 administrandis
875 3792 951 3843 ‘sunt
964 3784 1112 3862 'preelecti
1154 3786 1334 3853 Qua‘etiarn

230 3876 269 3935 de
283 3892 373 3935 eausa
390 3875 546 3936 durissima
563 3884 614 3936 est
635 3874 769 3935 dicendoe
791 3876 822 3934 in
840 3875 965 3936 concilio
988 3878 1140 3938 sententiae
1162 3881 1333 3957 provincia:

229 3988 298 4029 nam
308 3978 392 4029 reote
406 3967 541 4028 consulta
553 3977 584 4028 et
597 3986 706 4047 magno
719 3967 819 4027 studio
843 3967 1002 4047 laboreque
1023 3971 1147 4048 probata
1166 3990 1246 4051 saepe
1256 3974 1337 4052 pin-

230 4074 331 4144 pterea
344 4056 579 4141 corrumpuntur,
594 4061 674 4140 quod
688 4060 708 4119 ii
722 4061 823 4139 quiea
842 4062 872 4121 in
891 4062 1038 4124 mandatis
1050 4064 1162 4123 babent
1179 4064 1265 4125 aliter
1278 4086 1336 4127 ex·

231 4166 404 4237 sequuntur.
428 4200 430 4208 r
446 4154 535 4213 Nunc
545 4163 643 4214 tamen
654 4154 729 4213 bene
744 4174 922 4215 successura
932 4175 1003 4215 esse*
1011 4156 1108 4215 omnia
1120 4176 1219 4236 spero.
1250 4158 1337 4219 Nam

230 4247 255 4306 si
271 4249 337 4326 quis
351 4246 549 4308 Alexandrum
563 4265 599 4305 eo
613 4244 793 4306 fortunatum
806 4258 900 4325 putat,
914 4248 994 4326 quod
1007 4248 1034 4307 ei
1052 4249 1337 4329 prosperesucces-

230 4350 332 4399 serunt
344 4341 450 4413 omnia,
463 4339 488 4399 is
503 4338 575 4397 illud
589 4348 713 4418 reputet,
722 4357 794 4399 eum
805 4340 923 4419 agendo
934 4350 965 4400 et
972 4341 1173 4401 laborandoet
1180 4341 1340 4419 audendo,

230 4431 487 4509 non'desidendo,
501 4432 594 4511 fuisse
607 4432 799 4493 fortunatum.
841 4430 1040 4513 Posteaquam
1052 4432 1140 4515 igitur
1154 4452 1232 4494 nune
1251 4456 1341 4500 rnor-
