2967 4950
465 289 633 356 CONTRA
653 289 945 354 reuocatum
1187 287 1244 352 ret

567 536 850 607 TESTIMONIA.

150 699 257 764 Recita
271 697 360 762 etiam
373 707 536 762 ceterorum
550 698 683 779 ejusdem
703 699 817 785 generis
830 697 933 760 ordine
946 696 1124 772 testimonia,
1137 680 1249 761 etcum

151 795 320 878 Hyperidis,
331 804 395 879 tum
406 793 624 858 Demosthenis.
660 792 789 871 Insignis
802 791 878 855 enim
892 802 939 857 est
951 791 1090 866 avarities,
1104 791 1124 856 a
1141 789 1249 871 quibus

22 927 24 934 -
149 905 237 952 nemo
260 885 391 966 postulet
412 903 559 957 nummos,
580 882 668 946 istum
694 881 887 950 libentissime
904 884 1047 968 accipere,
1072 881 1247 966 uendentem

148 977 365 1046 accusationes.

289 1067 301 1101 Ι

567 1129 836 1192 TESTIMONIA.

194 1291 242 1348 10.
264 1287 323 1357 Iste
336 1305 424 1366 pono
437 1286 538 1350 stetim
551 1285 640 1358 dicet,
659 1296 818 1367 prepterea
833 1308 866 1348 se
879 1307 946 1348 esse
960 1287 1102 1357 deletam,
1115 1293 1149 1343 nt
1161 1285 1201 1344 ab
1213 1301 1250 1342 es

146 1381 275 1450 doeistet
287 1380 413 1452 mona,
427 1397 515 1458 quam
532 1387 634 1446 ooutn
647 1379 881 1446 Demosthenem
899 1391 931 1441 et
942 1378 1144 1460 Thucydidem
1164 1374 1249 1434 insti·-

148 1473 258 1551 (πατὴρ
279 1472 407 1541 callidm
417 1471 495 1534 enirn
508 1481 554 1534 est
564 1471 735 1545 mentiendi,
747 1483 779 1534 et
788 1493 933 1554 nugarum
947 1473 1060 1542 artilex.
1093 1470 1157 1533 uon
1168 1487 1249 1536 sero,

148 1567 286 1646 Judioss,
306 1575 338 1627 et
358 1565 415 1634 hae
434 1564 692 1639 consideramus,
712 1566 856 1647 vobisque
878 1564 1155 1637 demonstrabimus,
1173 1559 1249 1620 nibil

147 1679 256 1742 empore
279 1659 447 1722 detrimenti
466 1658 689 1739 rempublicam,
707 1661 835 1733 sisaim
853 1671 998 1722 meamet
1010 1659 1137 1740 Jupiter,
1151 1669 1247 1716 natum

148 1753 457 1823 habeaturdeeretum
466 1751 659 1832 Thucydidis,
671 1752 734 1813 sive
744 1753 855 1813 irritum
867 1755 929 1814 liat.
960 1755 1138 1830 Quanquam
1149 1757 1247 1809 antem

147 1846 320 1928 hujusmodi
345 1844 532 1908 defensiones
555 1845 635 1925 apud
655 1865 707 1906 eos
729 1848 780 1925 qni
801 1866 835 1906 se
854 1847 1097 1926 pronunciatores
1112 1844 1250 1923 jurarunt

148 1937 314 2002 secundum
327 1937 420 2016 leges,
431 1937 554 2018 moloni
566 1937 705 2013 injustum
720 1949 783 2000 est:
803 1949 903 1999 mmen
918 1957 958 2006 cx
967 1938 1034 2018 ipse
1049 1935 1147 1998 statim
1158 1952 1248 1994 soon-

146 2031 263 2094 setioae
276 2029 472 2110 cognoscetis,
488 2029 526 2093 ud
538 2028 718 2092 eludendam
736 2031 814 2096 banc
831 2030 1019 2104 delationem,
1032 2027 1249 2090 decusationem

146 2126 228 2188 illam
241 2121 398 2205 pertinem-
437 2121 544 2182 Ilaoitn
556 2123 759 2188 accusationes
771 2123 838 2183 has.

410 2333 618 2400 uacuam.
658 2291 984 2406 accusnrrouas.

148 2486 225 2549 Haeo
239 2483 370 2557 deoreta,
390 2480 524 2551 Iudices,
541 2499 596 2541 seu
616 2489 680 2542 reta
691 2478 865 2548 habeantur.
877 2500 931 2547 seu
951 2480 1260 2553 damnentur,··-nasn'

148 2596 218 2644 mea
230 2574 348 2656 quidem
361 2572 393 2633 id
406 2571 477 2635 nibil
494 2572 664 2645 interest-u,
678 2572 750 2653 quid
768 2572 872 2640 civitas
885 2572 1261 2646 aestumatissimus·

147 2666 230 2730 annii
252 2663 398 2745 Equidem
420 2661 492 2729 nihil
516 2662 648 2724 arbitron·
689 2662 835 2726 Tenedios
859 2666 936 2730 enim
958 2664 1129 2732 suntnihil
1145 2684 1248 2729 curere

147 2770 279 2824 nostram
292 2756 450 2831 civitatem,
469 2753 558 2833 idque
570 2776 624 2834 per
636 2756 830 2820 Theocsiuem
842 2776 910 2825 esse
921 2759 1044 2824 tactum.
1085 2757 1248 2821 Celumuiis

146 2854 227 2921 enim
241 2858 303 2931 'per
325 2848 412 2911 istum
436 2846 558 2929 appetiti
579 2848 637 2911 illis
656 2850 848 2930 temporibus,
860 2852 968 2929 quibus
986 2870 1089 2915 eorum
1109 2849 1248 2937 alitent.

144 2948 240 3027 lippo,
253 2943 304 3006 alii
316 2940 545 3009 Atheniensibus
555 2942 723 3015 studebant,
735 2963 804 3009 oum
817 2944 954 3009 audirent
966 2944 1074 3023 iniquos
1085 2946 1247 3023 rogationis

145 3036 292 3123 postulari
303 3036 455 3103 decretum
465 3034 553 3108 illud,
566 3036 646 3115 quod
661 3036 808 3103 Charinus
821 3048 890 3103 ante
903 3038 1056 3101 deorsum
1067 3038 1105 3099 de
1125 3039 1245 3115 tributo,

145 3129 322 3211 Thucydide
347 3138 466 3196 austere
484 3129 608 3219 iactum,
627 3138 792 3201 accusaret,
805 3149 861 3192 osc
874 3130 968 3196 ulium
980 3149 1046 3193 osse
1066 3150 1162 3194 remum
1181 3132 1246 3199 ssi-

144 3238 223 3299 tum,
237 3222 290 3285 sed
303 3222 465 3285 concedere
475 3221 628 3301 populum,
641 3230 675 3287 ut
687 3219 810 3289 Tenedii
823 3231 937 3289 tantum
955 3221 1056 3287 taibuti
1072 3222 1245 3303 penderent,

145 3326 293 3399 quantum
307 3312 426 3375 chereti
440 3312 506 3373 duci
519 3306 728 3393 promisissent,
737 3314 826 3387 istum
834 3323 931 3381 eutem
944 3315 1089 3395 impurum
1100 3315 1246 3380 bominem

144 3409 311 3492 pollicitum
326 3405 454 3467 Charino
476 3404 618 3485 proditori
641 3425 724 3466 suam
746 3426 875 3485 operam,
895 3406 976 3487 quod
994 3426 1114 3468 necesse
1133 3408 1244 3471 habue-

145 3511 228 3573 runt,
242 3498 273 3561 id
287 3498 428 3559 fecerunt.
464 3496 510 3557 Ex
523 3498 694 3578 urgentibus
705 3498 782 3562 enin
795 3497 880 3561 malis
889 3498 919 3557 id
933 3498 1017 3577 quod.
1028 3498 1083 3558 luit
1095 3500 1245 3563 minimum

144 3594 313 3675 elegerunt.
353 3589 432 3657 Quid
446 3609 515 3650 vero
537 3590 688 3670 probabile
709 3588 775 3664 suit,
796 3608 849 3651 eos
871 3591 1050 3651 nostratibus
1068 3594 1179 3653 moveri
1192 3594 1245 3655 de·

129 3683 366 3767 enumquam
385 3682 541 3763 optabilius
560 3684 616 3743 fuit
633 3684 769 3763 presidia
781 3685 921 3763 recipere,
935 3695 966 3746 et
980 3684 1117 3752 Barbarls
1130 3705 1245 3766 parere,

142 3790 247 3847 vestra
260 3777 402 3841 societate
414 3773 538 3841 relictas
559 3776 613 3843 sed
625 3777 709 3845 istius
723 3778 800 3847 serre
812 3778 1028 3859 improbitatem
1042 3775 1097 3840 soli
1106 3798 1171 3852 vos,
1181 3782 1245 3862 opi·

144 3868 364 3953 noupotestis:
385 3868 460 3939 alius
476 3866 647 3937 Graeenrun
661 3890 760 3939 nemo.

190 3966 239 4025 11.
260 3961 331 4030 Non
345 3960 502 4027 convenire
515 3971 612 4023 autem
625 3961 673 4025 vel
687 3970 808 4043 propter
825 3980 877 4027 ees
890 3980 957 4043 quoe
970 3961 1100 4028 rectura
1113 3974 1183 4027 suot
1195 3985 1246 4026 ac-

143 4056 326 4128 cusationes,
340 4054 388 4117 vel
401 4053 493 4115 ullam
504 4053 592 4115 aliam
606 4054 644 4114 ob
666 4073 797 4126 causam,
808 4053 923 4122 violatis
936 4054 1118 4124 delationum
1129 4056 1245 4135 legibus

143 4148 262 4221 absolsi
286 4146 491 4219 Theocrinem,
511 4168 547 4210 ex
570 4146 617 4207 bis
638 4147 810 4226 etiamque
828 4146 908 4212 dicta
930 4158 1010 4219 suut,
1023 4150 1114 4212 terme
1132 4148 1245 4228 perspi-
1268 4146 1274 4155 '

143 4244 241 4304 citur:
263 4261 319 4320 ego
332 4260 401 4315 vero
415 4259 521 4301 causas
535 4240 667 4313 istorum,
687 4238 820 4310 Iudices,
842 4251 873 4298 et
889 4242 1099 4313 accusationes,
1114 4250 1145 4299 et
1155 4240 1246 4301 sinu

140 4338 224 4398 latas
242 4334 315 4396 istas
328 4333 502 4406 simultates,
516 4352 576 4395 non
597 4332 686 4393 latere
699 4352 753 4393 vos
772 4332 916 4401 existimo.
958 4334 1064 4411 Neque
1084 4331 1164 4393 enim
1179 4353 1247 4395 raro

141 4428 262 4493 vidistis
288 4446 339 4489 eos
363 4428 393 4489 in
412 4426 475 4497 toro
489 4436 521 4487 et
538 4436 678 4515 suggesto
692 4445 753 4506 prae
773 4446 805 4484 se
825 4426 901 4485 lerre
919 4423 1096 4497 inimicitias,
1110 4417 1245 4505 privatim

567 4570 570 4573 .
689 4523 707 4576 5
723 4538 742 4576 a
920 4524 924 4533 '
