2967 4950
257 283 316 341 822
563 279 751 340 EXORDIA
770 278 1035 340 concionum:

253 453 323 494 vera
344 434 441 494 dicere
462 452 556 512 neqrrs
569 433 660 506 utilia,
682 433 716 494 id
734 453 798 506 vos,
811 435 872 496 sive
892 435 1002 509 sciatis,
1016 447 1051 496 ut
1071 447 1153 516 puto,
1164 439 1228 500 sive
1253 441 1338 502 etiam

253 529 400 600 nesciatis,
414 527 554 589 edocebo.

729 682 876 744 xxxlv.

294 804 429 874 Deceret,
444 803 649 875 Athenienses,
663 811 693 862 et
706 821 825 881 acquum
838 811 917 862 esset
936 819 1171 882 unumquemque
1193 811 1257 864 tum
1271 822 1338 865 sua-

210 911 213 917 '
250 894 325 954 dere
335 896 418 956 vobis
430 897 500 972 quid
510 895 564 974 ipsi
577 895 714 973 optimum
728 894 808 952 factu
822 891 977 964 videretur,
990 913 1056 952 eum
1066 894 1191 973 primum
1198 895 1241 956 de
1253 897 1338 956 rebus

252 987 385 1048 instituta
399 998 479 1048 esset
492 987 673 1059 deliberatio,
686 996 719 1047 ut
732 1006 769 1044 ne
779 985 848 1044 dure
860 1005 908 1044 res
919 1005 985 1063 quoe
999 985 1114 1047 minime
1127 985 1257 1047 omnium
1270 997 1339 1050 suut

251 1098 268 1138 a
283 1079 448 1159 Republica
467 1080 664 1151 usuvenireut,
687 1079 788 1149 altera,
802 1077 883 1156 quod
901 1076 1020 1136 decreta
1032 1088 1129 1140 vestra
1146 1079 1260 1140 nullum
1278 1079 1338 1143 erti-

250 1180 312 1231 tum
327 1173 445 1243 habent,
459 1172 560 1244 altera,
573 1171 654 1251 quod
671 1170 817 1230 mutandis
833 1169 955 1230 subinde
970 1170 1097 1231 consiliis
1117 1171 1171 1249 ipsi
1185 1170 1338 1234 vecordis

249 1283 302 1327 uos
315 1265 473 1327 damnatis..
511 1265 588 1333 Quia
601 1284 668 1325 vero
683 1264 800 1343 quidam
817 1262 866 1342 qui
888 1272 958 1323 tuuc
980 1273 1132 1324 tacuerunt
1153 1285 1232 1324 nuuc
1246 1285 1337 1344 repre·

250 1357 393 1430 handunt,
406 1375 503 1437 pauca
516 1357 558 1416 eis
577 1357 767 1436 respondebo.
809 1355 873 1434 Ego
887 1355 1011 1414 demiror
1026 1375 1092 1434 quoe
1112 1357 1151 1416 sit
1172 1357 1337 1420 aaronis

250 1448 366 1530 Repuh.
380 1450 463 1522 ratio,
476 1449 522 1506 vel
536 1468 600 1508 eam
613 1447 711 1527 potius
723 1467 792 1508 esse·
802 1447 964 1526 impmbam
977 1466 1049 1509 reor.
1082 1447 1141 1516 Qui
1153 1448 1181 1508 si
1192 1467 1258 1525 vos,
1271 1464 1339 1512 curu.

248 1541 324 1602 inter
342 1541 566 1602 consultandum
591 1541 748 1602 admonere
770 1540 880 1612 liceret,
890 1559 923 1598 re
945 1538 1105 1601 deliberata
1125 1559 1264 1602 accusare
1276 1561 1336 1601 ma·

248 1633 322 1706 luat,
332 1632 581 1706 calumniatorum,
592 1641 707 1703 non,.ut
720 1651 779 1711 prae
791 1652 823 1692 se
835 1632 942 1702 ferunt,
956 1632 1163 1694 benevolorum
1175 1632 1336 1704 hominum,

247 1724 412 1784 iststitutum
433 1735 602 1805 sequuntur.
643 1725 726 1786 Libet
751 1734 849 1784 autem
872 1743 922 1784 eos
940 1723 1336 1804 interrogare-aequevero

249 1816 334 1876 velim
347 1836 383 1878 ea
403 1836 469 1895 quae
488 1817 586 1878 dicam
603 1816 690 1900 jurgii
712 1835 778 1876 esse
800 1816 1038 1886 occasionem-,
1053 1837 1116 1887 cur,
1129 1837 1198 1885 cum
1215 1818 1282 1892 alia
1293 1818 1337 1879 iu·

247 1909 352 1968 adsuta
363 1909 513 1970 laconum
530 1909 661 1979 laudent,
675 1908 704 1969 id
721 1907 800 1986 quod
813 1909 892 1989 apud
905 1928 957 1968 eos
976 1908 1006 1967 in
1026 1909 1124 1988 primis
1147 1910 1335 1971 admiratione

247 1999 370 2080 dignum
384 2010 501 2062 estnon
518 2001 673 2072 imitentur,
687 2002 741 2065 sed
760 2001 816 2080 ipsi
827 2001 1003 2062 conmadum
1020 2002 1115 2080 potius
1129 2001 1239 2080 agenti
1280 2003 1334 2062 Fe·

247 2105 317 2154 runt
327 2094 414 2167 enim,
427 2093 631 2164 Athenienses,
645 2093 723 2171 apud
736 2111 787 2152 eos
805 2093 946 2172 tantisper
960 2093 1029 2152 dum
1046 2093 1222 2166 decernitur,
1234 2114 1334 2172 quem-

246 2185 289 2246 vis
311 2206 364 2264 pro
378 2186 467 2246 auimi
480 2185 526 2245 sui
546 2184 688 2244 sententia
706 2173 875 2244 consulere:
896 2203 962 2244 cum
982 2204 1050 2246 vero
1068 2185 1216 2246 decretum
1236 2186 1333 2257 fuerit,

247 2277 349 2338 eadem
362 2278 482 2338 laudare
491 2297 602 2350 omnes,
616 2288 704 2355 atque
718 2275 865 2355 adjutores
879 2296 945 2336 esse
957 2275 1022 2336 illos
1035 2279 1120 2338 etiam
1134 2278 1184 2357 qui
1198 2279 1334 2358 refragati

246 2370 371 2430 fuerant.
412 2369 538 2429 Proinde
559 2389 626 2430 cum
647 2369 731 2430 multi
756 2389 816 2429 non
841 2370 905 2428 sint.
918 2370 1024 2432 multos
1046 2371 1186 2441 viueuut3
1205 2382 1246 2444 et,
1266 2391 1335 2451 qum

246 2462 334 2523 bello,
348 2474 505 2542 nequeunt,
526 2483 581 2542 per
602 2462 774 2523 occasiones
796 2470 960 2541 occupant3
979 2482 1072 2542 neque
1096 2483 1150 2545 eos⁴
1170 2463 1263 2525 ullum
1286 2465 1334 2525 vel

245 2562 361 2632 tempus
371 2554 540 2633 effugit,vel
552 2556 635 2626 ratio,
647 2574 707 2633 quo
719 2555 816 2613 miuus
830 2555 892 2613 suis
907 2554 1068 2615 commodis
1078 2556 1335 2637 consulentesque

245 2644 395 2723 perficiant
406 2662 490 2706 :nos
502 2666 569 2705 vero
580 2646 651 2704 nihil
663 2646 722 2705 tale
735 2646 869 2718 facimus,
883 2646 943 2724 qui,
953 2646 1074 2705 istorum
1086 2667 1178 2727 opera
1189 2646 1221 2709 e't
1232 2668 1334 2709 eorum

245 2737 297 2815 qui
321 2746 389 2796 sunt
411 2735 473 2797 istis
487 2738 670 2810 similes,uos
694 2747 795 2798 mutuo
814 2747 994 2817 superantes,
1015 2758 1077 2800 nou
1093 2739 1204 2812 hostes,
1218 2750 1333 2819 tempus

245 2846 332 2889 omne
345 2830 594 2907 consumpsimus;
615 2829 711 2897 iidem,
726 2828 750 2889 si
765 2828 829 2907 quis
850 2828 966 2887 sublato
978 2828 1055 2888 belin
1074 2849 1177 2908 pacem
1189 2832 1332 2903 conddet,

246 2940 314 2981 eum
336 2921 458 2992 odimus,
473 2920 519 2981 siu
532 2931 660 3000 tempore
684 2920 765 3000 pacis
786 2920 896 2981 bellum
915 2920 1064 2993 decernat,
1088 2923 1116 2981 ei
1134 2922 1331 2994 adversamur,

243 3013 291 3075 sin
310 3013 457 3092 quiescere
480 3025 672 3090 nostrumque
692 3032 779 3089 agere
799 3011 947 3088 negotium
956 3011 1059 3089 jubeat
1078 3012 1243 3092 aliquis,ue
1264 3034 1332 3075 eum
1444 3067 1445 3094 ζ

246 3105 364 3185 quidem
385 3118 464 3166 recte
488 3107 584 3167 dicere
598 3104 813 3174 contendimus,
826 3103 980 3163 calumniis
994 3103 1119 3182 denique
1131 3124 1266 3184 vanaque
1280 3126 1333 3186 spe
1444 3123 1445 3130 ¹

246 3198 343 3261 referti
356 3218 466 3259 sumus.
508 3198 586 3267 Quid
605 3197 703 3276 igitur,
718 3184 799 3255 dicat
811 3194 925 3274 aliquis,
945 3204 978 3254 tu
992 3196 1110 3270 suades,
1122 3198 1263 3275 quoniam
1276 3197 1333 3263 ista

245 3291 450 3371 reprehendis?
484 3289 587 3351 Dicam
601 3289 746 3367 equidem.

728 3444 852 3505 XXXV.

286 3565 427 3635 Primum,
442 3562 644 3637 Athenienses,
667 3562 749 3623 nulla
771 3564 833 3623 fere
853 3561 923 3621 mihi
941 3579 1031 3621 causa
1051 3580 1118 3621 esse
1138 3562 1255 3624 videtur
1278 3585 1330 3627 cur

246 3656 331 3715 vobis
342 3656 446 3735 aliquis
461 3664 580 3729 metuat,
593 3675 630 3716 ne
644 3662 797 3733 propterea
806 3655 887 3735 quod
900 3672 1033 3713 suasores
1045 3654 1147 3722 audire
1160 3674 1219 3715 non
1233 3657 1330 3730 vultis,
1442 3655 1443 3718 ἶ

246 3749 373 3811 deterius
383 3748 552 3809 consulatis.
592 3747 720 3809 Primum
734 3750 810 3807 enim
831 3768 869 3809 ea
882 3756 929 3807 est
948 3746 1072 3805 fortunae
1085 3747 1250 3825 benignitas
1262 3769 1329 3828 erga

245 3861 309 3914 ros,
328 3852 361 3901 ut
381 3842 474 3901 multa
484 3842 561 3901 citra.
577 3851 705 3901 vestram
717 3860 836 3920 operam
858 3842 899 3901 ita
919 3839 1165 3917 quemadmodum
1179 3839 1234 3917 ipsi
1247 3853 1329 3920 opta-

244 3939 408 4000 retisvobis
429 3938 581 3998 conficiat:
604 3956 680 4009 uam,
695 3938 720 3998 si
742 3938 965 4018 magistratuum
982 3935 1162 4013 providentia
1174 3948 1331 4014 spectetur,

244 4051 297 4113 per
310 4050 407 4113 pauca
418 4031 535 4108 quidem
555 4032 629 4089 bene
650 4021 785 4098 habitura
798 4030 866 4091 sint.
907 4029 1024 4091 Deinde
1037 4048 1089 4088 vos
1106 4029 1259 4107 praescitis,
1270 4049 1332 4089 nou

244 4126 332 4185 modo¹
348 4125 453 4204 quibus
473 4122 593 4201 quisque
616 4122 712 4183 verbis
729 4142 835 4183 murus
856 4122 904 4194 sit,
918 4124 976 4185 ‚sed
996 4122 1103 4201 quibus
1121 4121 1210 4181 etiarn
1231 4142 1331 4186 eorum

242 4218 365 4295 quisque
376 4217 413 4276 de
427 4214 528 4276 causis
537 4215 740 4284 concionatum
751 4236 798 4288 ac,
806 4216 837 4275 ui
846 4217 980 4276 odiosum
992 4224 1081 4286 esset,
1089 4213 1229 4275 adderem
1242 4215 1327 4275 etiam

243 4310 363 4385 quanti
395 4310 601 4381 Veruntamen,
615 4307 641 4367 si
653 4308 756 4369 vestris
769 4308 971 4388 deceptoribus
984 4326 1071 4387 quam
1084 4305 1235 4368 minimum
1247 4309 1329 4387 spatii

243 4397 592 4482 reliqueritiasaperevos
604 4402 725 4481 putabo.
748 4400 814 4481 Ego
823 4420 906 4474 reto,
915 4401 940 4465 si
950 4400 1054 4467 eadem
1061 4418 1128 4478 quar
1138 4397 1186 4462 adii
1200 4398 1329 4465 dicturus
