2967 4950
251 284 312 348 aaa
462 281 465 286 ·
605 249 773 342 conaus
794 246 995 338 uenatu.

249 440 305 500 bus
315 453 414 497 eorum
430 435 535 516 quibus
544 435 692 496 familiaris
707 444 753 496 est
754 432 895 513 ‚obsequi
904 427 1123 511 voluptatibusl
1136 428 1259 488 'l'alem
1251 429 1351 509 igitur,

250 539 280 590 et
293 549 374 596 eam,
382 548 460 608 quas,
473 538 507 588 ut
524 533 641 588 constat
653 528 728 588 inter
742 546 856 600 omues,
870 525 970 586 orbem
983 533 1123 584 terrarum
1142 532 1261 602 propter
1275 520 1350 580 iula'·

251 611 328 682 ruem
342 629 657 699 quaestumpervagata
670 628 725 693 est,
745 619 838 680 civem
856 636 931 678 esse
928 613 1126 676 decernetis?
1147 613 1257 683 Quod
1241 612 1354 691 igitur,¹

250 712 431 790 interrogati,
453 712 625 791 praclarum
643 730 696 771 vos
720 711 849 771 edidisse
868 710 981 770 facinus
1004 707 1238 787 respondebitis?
1261 705 1351 774 Quod
1388 713 1391 718 '

174 809 178 817 '
249 825 302 866 uos
331 805 497 884 suscepisse
526 803 676 873 dedecusi¹
710 824 800 883 quam
824 803 951 864 violasse
984 801 1154 879 religionem
1181 795 1352 877 negabitis?
1463 858 1464 875 ,

251 897 424 977 Priusquam
438 897 515 956 enim
530 907 716 958 accusaretur
730 897 862 958 adducta
874 897 902 954 in
913 893 1067 974 judicium,
1077 891 1238 970 omnesque
1253 889 1357 950 audis·
1463 892 1464 911 ¹

183 1035 188 1044 .
251 999 326 1060 sent,
341 998 376 1052 et
384 1009 450 1068 quoe
464 990 510 1062 sit,
524 999 555 1050 et
566 1009 633 1068 quae
646 989 733 1070 impie
755 988 864 1060 fecerit,
885 987 941 1066 ipsi
953 983 1089 1064 imputari
1103 983 1217 1044 scelera
1230 1002 1287 1042 sua
1299 1002 1351 1061 po·
1463 1038 1464 1055 ἶ

250 1082 383 1155 tuissent,
406 1081 585 1160 negligentia
605 1081 726 1152 civitati,
748 1090 937 1157 vestrumque
960 1078 1009 1138 alii
1026 1077 1221 1156 ignorassent,
1244 1074 1295 1133 alii
1322 1093 1352 1134 re

250 1173 352 1232 audita
365 1173 462 1232 verbis,
473 1173 616 1252 indignati
630 1181 741 1245 essent,
751 1191 782 1231 re
796 1172 859 1251 ipsa
873 1170 910 1230 de
924 1188 970 1241 ea,
983 1167 1099 1227 nemine
1118 1176 1287 1239 accusante,
1301 1175 1354 1226 aut
1463 1192 1464 1229 3

250 1263 460 1343 pronunciante
484 1281 538 1342 pro
564 1262 712 1334 tribunali,
734 1271 862 1321 statuere
884 1259 956 1318 nibil
978 1259 1162 1339 potuissent:
1191 1267 1351 1336 postquam
1463 1276 1464 1315 ι

252 1367 351 1418 autern
365 1365 395 1416 et
408 1355 500 1416 nostis
515 1373 627 1428 omnes,
641 1365 671 1415 ct
684 1374 774 1433 penes
789 1374 840 1437 vos
854 1353 977 1422 habetis,
990 1362 1022 1411 et
1040 1351 1104 1430 ejus
1118 1348 1279 1430 puniendre
1299 1369 1353 1428 po-

250 1458 342 1509 testas
357 1449 453 1518 datur,
464 1449 526 1528 jam
539 1457 638 1506 vestra
652 1447 706 1506 erit
724 1447 775 1506 illa
793 1447 823 1504 in
840 1433 912 1506 deos
931 1443 1075 1522 impietas,
1097 1443 1154 1502 nisi
1175 1461 1241 1501 eam
1264 1442 1353 1520 puni·

249 1541 357 1600 veritis.
401 1539 479 1608 Quid
492 1559 559 1598 vero
574 1539 840 1618 vestrum'quisque
854 1548 987 1597 reversus
1005 1535 1043 1594 ad
1060 1543 1177 1604 uxores,
1192 1543 1245 1594 aut
1262 1534 1351 1606 filias,

250 1643 301 1692 aut
321 1641 440 1700 matres,
465 1629 577 1703 dicetis,
599 1631 654 1690 ista
681 1627 891 1690 absolutal‘Si
905 1647 957 1687 vos
978 1625 1117 1704 rogarint,
1141 1625 1190 1686 ubi
1214 1625 1353 1684 fueritisl

250 1744 359 1802 vosque
373 1723 588 1801 responderitis,
594 1724 643 1802 jus
657 1723 778 1783 dixisse.
807 1721 888 1782 Coit
915 1721 1062 1798 rogabunt
1079 1720 1186 1780 statim.
1233 1719 1351 1783 Neara

251 1815 397 1886 nimirum,
421 1813 535 1872 dicetis.
579 1813 797 1880 Quamobrem?
828 1811 917 1881 Quod
943 1821 975 1871 et
994 1811 1149 1890 peregrina
1172 1810 1228 1870 civi
1251 1813 1351 1891 nupsit

250 1916 353 1966 contra
365 1906 472 1984 legem,
486 1913 517 1964 et
527 1904 616 1964 tiliam
637 1905 799 1964 adulteram
813 1905 939 1964 elocarit
958 1904 1110 1983 Theogeni
1127 1925 1227 1984 regem
1241 1906 1350 1984 agenti,

250 2020 317 2078 quae
331 2019 438 2060 arcana
451 2017 504 2078 pro
517 1999 669 2078 republica
683 2018 767 2058 sacra
777 1997 887 2070 lecerit,
901 2006 932 2057 et
945 1996 1063 2056 Baccho
1076 2017 1149 2057 uxor
1159 1999 1232 2058 data
1245 1999 1348 2058 suerit:

250 2104 416 2171 ceteraque,
433 2101 694 2152 commemorantes
715 2093 780 2168 ejus
795 2091 1019 2160 accusationem,
1043 2109 1133 2168 quam
1150 2093 1227 2151 bene
1245 2101 1278 2150 et
1289 2111 1350 2151 me·
1463 2158 1464 2161 Ἴ

250 2187 378 2257 moriter,
402 2195 433 2244 et
456 2195 591 2244 accurate
619 2183 705 2243 fuerit
731 2184 770 2243 de
798 2183 920 2262 singulis
952 2193 1101 2243 accusata.
1153 2184 1270 2251 Quibus
1293 2185 1358 2244 illae
1463 2212 1464 2267 ι

250 2277 357 2338 auditis
371 2285 512 2355 quaerent,
526 2275 597 2354 quid
611 2275 698 2354 igitur
709 2274 840 2335 fecistis?
861 2274 924 2335 Vos
938 2295 1007 2350 vero
1029 2276 1144 2348 dicetis,
1158 2275 1350 2335 absolvimus.

250 2363 319 2431 Jam
333 2368 421 2449 igitur
432 2379 571 2429 matronae
583 2367 780 2448 pudicissimae
788 2367 871 2429 vobis
884 2367 1055 2441 irascentur,
1065 2367 1145 2446 quod
1155 2387 1239 2446 aeque
1249 2387 1350 2429 secum

248 2465 335 2525 istam
356 2463 508 2544 republica
525 2474 556 2524 et
575 2463 665 2523 sacris
685 2456 797 2543 dignati
812 2460 894 2523 sitis:
914 2482 981 2542 quae
1000 2474 1098 2523 autern
1119 2472 1252 2522 amentes
1271 2474 1353 2535 sunt,

249 2558 349 2637 palam
365 2557 534 2617 ostendent,
547 2575 577 2615 se
597 2556 725 2617 facturas
747 2554 886 2635 quicquid
909 2554 1008 2628 libeat,
1021 2564 1162 2633 tanquam
1176 2555 1349 2634 impunitate

213 2710 217 2719 ,
250 2670 270 2709 a
282 2648 365 2708 vobis
379 2659 409 2707 et
422 2649 537 2729 legibus
551 2648 710 2727 proposita.
752 2648 830 2706 Nam
849 2646 875 2707 si
893 2646 1059 2727 negligetis,
1073 2657 1104 2707 et
1124 2667 1234 2727 susque
1253 2648 1351 2727 deque

249 2738 361 2812 feretis,
390 2739 515 2819 suspicio
539 2739 604 2807 erit,
624 2758 678 2800 vos
697 2758 815 2819 quoque
839 2759 934 2799 mores
958 2738 1043 2799 istius
1065 2738 1193 2799 mulieris
1216 2742 1352 2819 probare,

251 2830 350 2899 Quare
370 2830 459 2911 longe
481 2829 672 2911 praestitisset,
687 2849 748 2899 nou
769 2830 831 2890 fieri
851 2830 908 2914 hoc
918 2831 1074 2912 judicium,
1093 2851 1182 2910 quam
1199 2852 1238 2892 eo
1260 2833 1352 2905 facto,

248 2922 336 2985 istam
350 2923 472 2985 absolvi.
515 2923 642 2983 Omnino
659 2923 736 2983 enim
756 2926 819 3028 jam
842 2924 944 2983 scortis
955 2924 1078 2985 licentia
1090 2924 1206 2985 dabitur
1218 2926 1352 3009 nubendi

249 3016 356 3098 quibus
378 3017 490 3090 volent,
512 3035 639 3095 suosque
662 3016 769 3077 liberos
788 3014 852 3095 ejus
874 3036 941 3077 esse
957 3016 1086 3088 dicendi,
1102 3017 1152 3097 qui
1166 3018 1197 3077 in
1219 3005 1348 3079 mentem

249 3108 291 3170 eis
305 3110 425 3171 venerit.
467 3109 542 3169 Tum
565 3108 647 3189 leges
668 3118 774 3169 vestrae
794 3107 902 3168 future
921 3120 991 3169 sunt
1007 3110 1105 3181 irritae,
1120 3121 1183 3170 tum
1197 3109 1348 3171 blanditie

249 3211 411 3261 soenorum
434 3182 566 3262 obtidere
589 3209 728 3281 poterunt
749 3200 891 3280 quicquid
917 3200 1028 3263 libebit.
1069 3203 1168 3271 Quare
1189 3213 1222 3264 et
1241 3205 1348 3265 civium

249 3301 413 3353 nmtrarum
430 3294 536 3354 habete
548 3292 703 3365 rationem,
717 3304 751 3353 ut
764 3312 802 3353 ne
815 3312 977 3374 pauperum
990 3294 1059 3354 filiae
1071 3306 1196 3375 nuptum
1211 3297 1351 3358 collocari

250 3392 409 3461 nequeant.
450 3384 540 3444 Nunc
562 3386 650 3457 enim,
672 3384 790 3445 tametsi
813 3385 911 3464 aliqua
932 3387 1109 3467 paupercula
1131 3397 1188 3461 est,
1201 3388 1348 3450 dotem
1322 3410 1351 3451 er

251 3473 322 3533 satis
336 3494 473 3555 magnam
487 3476 600 3536 confert
612 3476 669 3547 lex,
684 3479 709 3536 si
722 3476 898 3539 mediocrem
913 3478 1060 3538 duntaxat
1071 3499 1095 3539 a
1108 3490 1214 3541 nutum
1225 3482 1350 3548 formam

251 3565 414 3644 acceperit:
436 3561 607 3647 proculcata
619 3577 726 3641 „autem
741 3589 760 3629 a
772 3570 853 3630 vobis
871 3569 930 3629 hac
942 3558 1019 3651 lege,
1033 3581 1075 3644 et,
1088 3571 1209 3633 muliere
1222 3574 1280 3634 ista
1298 3577 1348 3637 ab·

251 3654 358 3730 soluta,
372 3658 452 3719 irrita
465 3660 555 3731 sacta,
569 3660 687 3719 omnino
696 3660 759 3739 jam
771 3671 932 3722 scortorum
951 3674 1081 3741 quaestus
1095 3664 1133 3724 ad
1147 3666 1254 3725 civium
1275 3667 1350 3729 filias

230 3808 233 3815 ,
250 3746 430 3825 devolvetur,
443 3772 510 3831 quse
523 3760 643 3832 propter
656 3752 785 3832 inopiam
798 3773 858 3813 non
872 3764 1011 3834 potemnt
1029 3755 1136 3817 elocari
1138 3760 1273 3837 ,atque
1265 3780 1348 3841 ruge·

250 3858 374 3927 auarum
389 3844 541 3903 mulierum
553 3844 680 3924 dignitas
695 3846 734 3905 ad
747 3845 927 3919 meretrices,
942 3866 1009 3907 cum
1021 3838 1193 3953 permissum
1207 3851 1249 3911 eis
1263 3853 1349 3913 fuerit
1452 3904 1457 3914 .

251 3933 399 4013 suscipere
413 3934 518 3996 liberos
532 3957 584 4016 pro
599 3957 652 3997 sua
664 3938 798 4012 libidine,
809 3949 840 3998 et
859 3930 953 4011 festis,
966 3949 996 3998 et
1016 3941 1116 4015 sacris,
1134 3951 1166 4001 et
1186 3943 1348 4006 honoribus

251 4045 288 4086 ex
306 4047 392 4107 aequo
418 4028 474 4087 t’rui
496 4030 629 4091 civitatis
672 4031 771 4099 Quare
788 4031 899 4110 singuli
915 4042 1015 4111 putate
1035 4053 1089 4094 vos
1104 4034 1177 4097 t'erre
1197 4038 1350 4119 suffragia,

250 4117 324 4179 alius
337 4140 391 4200 pro
401 4139 501 4191 uxore,
517 4119 591 4181 alius
603 4122 739 4202 profilia,
756 4122 829 4183 alius
843 4144 896 4202 pro
909 4135 1012 4197 matre,
1026 4125 1100 4185 alius
1118 4148 1171 4207 pro
1189 4132 1349 4210 republica,

250 4220 280 4271 et
291 4211 339 4291 leg
341 4214 416 4284 ibus,
430 4224 460 4273 et
473 4215 576 4285 sacris,
589 4234 626 4273 ne
642 4214 698 4273 illae
712 4214 815 4275 eodem
827 4215 927 4276 haberi
947 4218 1013 4277 loco
1031 4238 1098 4277 cum
1114 4224 1269 4284 meretrice
1291 4226 1349 4284 iata

252 4301 424 4366 videantur:
446 4324 521 4367 neve
536 4306 564 4365 in
577 4324 685 4386 magna
698 4318 729 4367 et
743 4309 885 4397 praeclara
897 4304 1051 4384 modestia,
1062 4322 1092 4371 et
1103 4331 1183 4385 cura,
1205 4334 1225 4375 a
1242 4337 1346 4397 paren-

250 4394 327 4491 tibus
340 4410 370 4459 et
382 4402 516 4482 cognatis
530 4400 675 4477 educatae,
688 4412 719 4461 et
738 4402 778 4462 ad
795 4404 966 4489 praescripta
978 4404 1076 4491 legum
1095 4405 1231 4485 elocatae,
1243 4410 1347 4471 eadem
