2967 4950
225 282 281 344 ιιι
564 250 620 342 ιι
634 279 969 347 crestenorrmn.
1051 236 1093 377 ¹⁸

219 435 314 500 tiones
335 436 508 503 adversariis
520 439 690 519 impertiret,
704 437 827 519 repebte
840 436 872 498 in
886 445 1059 520 suggestum
1072 433 1206 516 prosiliit.
1238 435 1319 522 Οιιιιι

220 529 367 608 ingentem
381 549 400 590 a
412 529 530 590 civitate
543 531 699 610 pecuniam
714 529 885 608 accepisset,
900 521 1087 608 perpusillam
1102 528 1158 587 sibi
1175 527 1317 610 reliquam

220 621 302 680 fecit.
332 621 421 681 Nunc
435 642 504 684 vero
525 643 627 683 aurum
641 624 742 702 regale
756 633 890 702 sumptus
912 623 974 701 ejus
997 623 1141 680 ιιιιιιιιοι
1154 620 1317 688 inundavit,

221 712 275 772 sed
290 733 384 792 neque
397 713 454 773 hoe
462 714 579 792 quidem
592 715 663 774 satis
672 714 749 774 erit:
773 714 865 774 nulloe
877 712 953 774 enim
964 731 1090 790 uuquam
1102 710 1211 771 divitiae
1222 730 1318 789 pravae

221 805 326 866 indolis
339 806 492 866 libidinem
514 817 736 885 exsuperaruut.
780 807 828 890 Ad
843 825 995 878 summam,
1009 805 1099 865 vitam
1121 823 1181 865 uon
1196 825 1235 864 ex
1260 804 1318 863 suis

222 897 423 977 vectigalibus,
437 898 490 958 sed
500 899 604 959 vestris
617 919 655 958 ex
667 883 803 978 periculis
818 908 971 958 sustentat.
1003 896 1092 964 erod
1106 896 1144 956 ad
1157 883 1317 956 bonitatem

223 999 323 1049 autem
343 991 447 1049 menne
460 989 638 1069 dicendique
658 989 829 1051 facultatem
850 990 962 1062 attinet,
988 988 1103 1068 qualem
1125 1007 1194 1048 eum
1214 999 1318 1052 natura

222 1079 329 1140 linxit?
350 1081 489 1142 Oratione
512 1081 663 1150 disertum,
684 1083 746 1142 vita
769 1092 894 1161 turpem.
922 1081 967 1140 Ita
985 1082 1061 1140 enim
1079 1099 1203 1160 corpme
1226 1099 1279 1138 suo
1301 1099 1320 1138 a

163 1194 165 1201 ·
223 1191 316 1252 puero
329 1183 375 1234 est
387 1176 507 1246 abusus,
521 1175 688 1252 utflogitiu,
703 1195 770 1254 quae
784 1175 814 1248 ιιι
831 1194 863 1234 se
881 1173 1007 1244 admisit,
1021 1173 1130 1233 nollem
1154 1190 1317 1254 exponere:

193 1297 197 1311 ι
222 1263 283 1325 vidi
296 1265 373 1324 enim
382 1265 446 1344 jam
456 1275 536 1338 ante,
549 1265 648 1324 odium
661 1285 727 1324 esse
740 1269 917 1340 censecutos
932 1283 983 1324 eos
996 1265 1047 1343 qui
1059 1264 1219 1334 uicinorum
1229 1264 1318 1323 dede-

170 1383 177 1387 ·
224 1357 392 1417 coraulmis
406 1367 505 1436 aperte
525 1357 720 1416 declararunt.
763 1356 821 1418 Sed
836 1357 908 1436 quid
922 1357 1041 1416 tandem
1060 1375 1093 1414 cc
1106 1358 1156 1414 tac
1169 1358 1320 1434 eloquentie

221 1448 334 1512 civitati
347 1449 507 1527 quaeritur?
529 1448 676 1509 Praeclaru
688 1443 788 1521 verba,
802 1450 882 1510 sacta
895 1447 1016 1508 humilia
1029 1459 1116 1527 atque
1130 1448 1255 1528 abjecta.

265 1543 315 1601 58.
335 1542 357 1602 J
358 1561 405 1602 am
420 1541 457 1601 de
469 1541 641 1601 fortitudine
654 1560 706 1619 per
718 1540 789 1600 mihi
802 1541 897 1602 brevis
911 1550 1004 1600 restat
1017 1540 1118 1600 oratio.
1145 1541 1226 1601 Nam
1236 1542 1261 1600 si
1273 1542 1320 1600 vel

112 1689 122 1702 ,
223 1651 257 1692 se
270 1632 334 1710 ipse
347 1633 485 1710 ignavum
498 1651 566 1692 esse
580 1643 701 1710 negaret
713 1632 760 1691 vel
775 1651 828 1692 vos
841 1629 1002 1703 nesciretis,
1027 1631 1136 1691 dlutius
1158 1639 1240 1692 esset·
1250 1633 1320 1692 mihi

224 1724 255 1782 in
273 1723 330 1783 boc
344 1723 410 1782 loco
424 1723 683 1782 commorandum:
704 1743 783 1783 nunc
797 1733 894 1783 autem
906 1722 1026 1800 quando
1041 1732 1071 1782 et
1088 1723 1150 1801 ipse
1164 1723 1272 1784 letetur
1289 1724 1320 1782 ιιι

223 1815 414 1874 concionibus
433 1833 547 1893 vosque
559 1806 663 1874 omnes
676 1815 851 1894 intelligitis,
864 1815 1007 1892 reliquum
1030 1822 1123 1874 estut
1142 1815 1236 1894 leges,
1255 1836 1320 1895 quta

221 1906 271 1972 bis
284 1906 323 1966 de
333 1909 420 1968 rebus
430 1908 498 1968 latre
508 1917 587 1978 sunt,
601 1907 684 1968 vobis
695 1907 724 1966 iu
735 1909 902 1968 memoriam
913 1904 1054 1984 redigam.
1077 1906 1167 1966 Solon
1179 1909 1258 1968 enim
1269 1929 1320 1969 an·

224 1997 324 2078 tiquus
336 1999 385 2058 ille
403 1997 556 2078 legislator
568 1998 672 2058 iisdem
686 2000 781 2078 poenis
795 1998 950 2104 pbstringi
950 1997 1057 2060 debere
1078 1999 1192 2059 censuit
1207 2010 1238 2060 ct
1254 2021 1320 2062 eum

215 2111 276 2170 ·qur
267 2091 417 2152 militiam
430 2091 607 2152 detrectaret
619 2100 650 2150 et
669 2108 737 2151 eum
759 2091 808 2169 qui
828 2091 866 2151 de
886 2090 1010 2150 statione
1031 2091 1188 2152 decederet
1205 2103 1237 2152 et
1256 2113 1321 2154 eum

224 2183 313 2242 simul
325 2182 377 2261 qui
398 2183 517 2243 timidus
538 2182 621 2242 miles
641 2183 700 2245 sit:
723 2182 831 2244 dantur
850 2183 927 2242 enlm
947 2192 978 2241 et
1001 2181 1162 2243 timiditatis
1182 2185 1320 2246 actiones

225 2275 318 2353 Atqui
331 2274 481 2334 mirabitur
498 2275 623 2335 fortasse
637 2274 794 2354 quispiam,
817 2275 905 2334 etiam
918 2285 1037 2352 propter
1057 2285 1170 2336 naturae
1189 2278 1322 2356 defectum

224 2367 357 2428 actiones
372 2385 439 2426 esse
456 2367 644 2427 constitutas.
681 2369 767 2426 S'unt.
803 2365 884 2434 Quid
905 2364 967 2434 ital
989 2365 1033 2426 Ut
1053 2367 1254 2445 unusquisque
1269 2390 1322 2430 no·

224 2467 318 2544 strum
340 2478 442 2538 plenas
460 2457 576 2538 legibus
595 2459 737 2538 irrogatas
756 2459 850 2539 magis
872 2469 961 2539 quam
981 2455 1097 2519 hostem
1119 2460 1320 2535 extimescens,

225 2540 309 2612 tanto
322 2552 426 2611 lortius
439 2570 493 2631 pro
505 2552 600 2630 patria
614 2562 791 2632 propugnet.
833 2550 1017 2631 Legislator
1008 2561 1113 2631 itaque
1120 2572 1187 2613 eum
1204 2556 1257 2633 qui
1269 2556 1321 2615 mi·

224 2642 317 2703 litiam
331 2643 527 2721 subterfugiat
539 2654 571 2703 et
585 2644 719 2703 timidum
736 2654 768 2704 et
784 2644 965 2705 desertorem
978 2626 1150 2718 lustralibris
1162 2647 1250 2707 ιιιιι
1269 2649 1321 2709 lori

225 2734 370 2815 probibet,
383 2745 415 2794 et
431 2754 540 2795 corona
553 2735 655 2795 donari
669 2745 750 2796 vetat
762 2746 793 2797 et
813 2736 961 2805 sacrifieiis
975 2746 1055 2797 arcet
1074 2737 1192 2815 publico
1206 2742 1321 2801 nomine

225 2827 383 2888 institutis:
404 2839 438 2888 tu
451 2848 520 2889 vero
534 2848 601 2888 eum
617 2848 671 2888 nos
682 2848 794 2889 corona
804 2813 914 2889 donare
920 2830 1018 2909 jubes,
1028 2829 1076 2889 cui
1089 2848 1226 2891 coronam
1240 2833 1321 2912 leges

119 2918 124 2923 ’
225 2920 414 2991 interdicunt,
433 2930 563 3003 tuoque
562 2920 680 2994 decreto
700 2922 849 2981 hominem
862 2920 1095 3001 indignissimum
1108 2921 1187 2982 ludis
1203 2926 1322 3003 tragicis

225 3012 258 3073 ιιι
271 3013 449 3073 orchestram
468 3013 600 3087 arcessis,
624 3014 659 3075 ιιι
668 3014 811 3092 templum
831 3014 926 3075 Liberi
945 3014 1036 3093 patris
1050 3032 1117 3072 eum
1131 3015 1250 3089 deducis,
1273 3019 1321 3095 qui

226 3105 382 3166 timiditate
397 3126 451 3165 sua
465 3106 576 3185 templa
588 3105 727 3183 prodidit
760 3106 821 3165 sed
841 3126 878 3165 ne
891 3126 944 3166 vos
966 3126 984 3166 a
1002 3105 1151 3185 proposito
1170 3107 1323 3181 divertam,

224 3197 312 3259 facite
325 3199 440 3261 vobis
433 3219 463 3272 ιιι
477 3208 604 3258 mentem
623 3198 732 3268 veniat,
747 3217 815 3257 cum
835 3218 867 3257 se
886 3198 956 3259 dicit
974 3216 1037 3258 esse
1058 3198 1242 3279 popularem,
1264 3221 1323 3261 non

223 3292 385 3351 orationem
399 3294 464 3369 ejus
484 3292 539 3351 sed
551 3292 639 3351 vitam
662 3300 806 3368 spectare,
826 3310 922 3369 neque
937 3310 1025 3369 quem
1045 3309 1077 3349 se
1096 3309 1161 3351 esse
1174 3291 1322 3369 praedicet,

225 3383 280 3441 sed
287 3384 360 3461 quis
373 3384 423 3456 sit,
436 3384 589 3457 attendite

169 3466 173 3471 ⁸
266 3475 318 3534 59.
340 3475 449 3533 Verum
458 3495 595 3553 quomam
608 3496 639 3534 ιιι
651 3494 824 3535 coronarum
839 3485 870 3534 et
886 3474 1072 3553 premiorum
1085 3475 1287 3537 mentionem
1279 3500 1322 3537 ιιι·

224 3565 294 3640 ιιιιι,
304 3576 464 3645 antequam
475 3567 723 3630 mibiememoria
735 3567 862 3638 excidat,
875 3565 1098 3645 praedicovobis
1101 3568 1324 3644 ,Athenienses

219 3658 283 3718 ,ιιιιι
301 3660 365 3720 brec
384 3658 639 3739 preemiainfinita
636 3665 677 3717 et
698 3668 808 3718 temere
831 3676 989 3729 concessae
1009 3678 1131 3718 coronas
1154 3661 1324 3739 reprimetis,

221 3770 319 3829 neque
331 3772 384 3811 eos
407 3770 481 3831 quos
494 3752 605 3811 honore
619 3752 736 3811 afficitis
753 3752 876 3829 gretiam
893 3751 976 3811 vobis
989 3751 1151 3823 habituros,
1169 3772 1266 3836 neque
1279 3774 1325 3813 res

224 3842 350 3904 civitatis
363 3845 497 3904 meliores
516 3844 783 3924 fore.1mprobos
799 3843 875 3903 enim
889 3863 1039 3921 nunquam
1056 3843 1089 3901 in
1102 3844 1209 3902 melius
1228 3856 1324 3906 muta-

223 3938 303 4009 bitis,
318 3940 411 3999 bonos
424 3939 464 3997 ad
477 3958 622 3998 summam
640 3938 873 4016 desperationem
892 3937 1027 4016 adigetis
1068 3937 1144 4021 Vere
1159 3937 1257 3999 hocca
1275 3959 1324 3999 me

224 4030 295 4108 diei,
311 4031 426 4110 magnis
439 4050 487 4089 me
500 4032 582 4091 vobis
584 4030 775 4115 argumentis
786 4039 1013 4089 monstraturum
1024 4039 1106 4107 puto.
1139 4028 1181 4087 si
1194 4030 1259 4109 quis
1272 4050 1324 4090 vos

224 4132 320 4201 roget,
334 4124 523 4194 Athenienses,
536 4134 633 4181 utrum
641 4123 687 4182 bis
695 4123 876 4202 temporibus
891 4130 993 4180 nostra
1007 4120 1110 4180 civitas
1124 4120 1218 4197 gloria
1230 4123 1325 4201 magis

224 4215 328 4275 llorere
342 4216 476 4277 rideatur
496 4236 534 4275 en
554 4216 698 4320 marjorum
717 4224 895 4285 nostrorum,
919 4231 1020 4273 omnes
1039 4211 1131 4271 credo
1152 4231 1324 4273 assensuros

225 4315 314 4365 retate
326 4308 468 4387 majorum
480 4308 614 4396 insignius
624 4309 824 4387 confloruisse.
850 4308 956 4367 Utrum
965 4314 1036 4365 tunc
1047 4307 1185 4384 temporis
1198 4324 1236 4365 an
1247 4324 1325 4368 nunc

133 4446 137 4454 .
226 4396 280 4455 riri
301 4399 456 4477 meliorest
478 4393 565 4461 Tunc
587 4399 706 4478 quidem
726 4400 919 4474 excellentes,
941 4417 1020 4475 nunc
1042 4396 1131 4475 longe
1155 4396 1324 4459 deteriores
