2967 4950
476 297 696 362 nnvsasus
719 271 974 362 susurronis.
1197 304 1255 360 747

160 453 275 515 merito.
317 456 464 521 Quorsum
487 456 565 516 euim
580 457 694 530 attinet,
707 451 789 517 vobis
803 475 839 516 ea
852 475 969 515 numere
982 474 1050 534 quaa
1063 454 1119 534 ipsi
1138 454 1255 514 nostis?

162 547 356 608 Considerate
370 548 467 627 igitur.
484 548 571 616 Quod
580 569 634 610 nos
646 550 676 608 in
690 549 754 610 foro
766 558 912 630 quaestum
926 547 1058 616 facimus,
1072 546 1103 606 id
1115 546 1255 628 inprimis

159 651 336 718 argumento
349 661 414 701 esse
429 650 510 720 puto,
524 643 612 702 istum
627 643 702 702 falsa
716 641 800 702 nobis
814 643 973 722 impingere
986 640 1115 701 crimina.
1157 641 1254 709 Quam

159 731 236 791 enim
246 733 406 793 ¹fasciarum
419 734 609 794 venditricem
622 735 807 806 fulssedicit,
821 746 852 794 et
861 735 1045 794 manifestam
1058 734 1203 806 omnibus,
1216 735 1255 794 de

160 844 194 884 ea
208 847 262 904 par
275 825 447 906 fuit'utiqne
458 829 607 888 testificari
623 827 741 898 multos,
755 827 806 906 qui
818 828 874 906 ipsi
887 848 952 887 eam
963 829 1121 900 novissent,
1135 847 1194 887 non
1204 827 1257 906 qui

159 917 233 976 nihil
257 929 361 998 prmter
383 921 514 980 auditum
537 923 689 981 referrent.
709 965 712 972 .
731 920 810 980 Nam
827 921 852 980 si
871 920 1023 999 peregrina
1034 921 1150 992 fuisset,
1163 927 1255 979 excu'·

160 1009 262 1069 tienda
283 1013 401 1072 fuerunt
411 1013 567 1092 vectigalia
586 1015 617 1074 in
641 1014 715 1087 foro,
734 1023 766 1073 et
783 1033 853 1072 num
872 1013 1089 1092 peregrinorum
1113 1014 1258 1073 tributum

161 1105 333 1182 pependerit
346 1105 559 1185 inquirendum,
581 1119 611 1166 et
624 1107 707 1187 cujas
721 1107 809 1166 suerit
822 1107 1036 1166 ostendendum
1049 1127 1057 1166 τ
1079 1108 1124 1167 sin
1137 1107 1259 1178 anciila,

159 1195 303 1274 inprimis
323 1209 446 1278 emptor,
461 1198 504 1257 sin
524 1200 631 1271 minus,
648 1199 782 1260 venditor
798 1198 1005 1278 producendus
1025 1200 1090 1272 fuit,
1110 1200 1160 1278 qui
1172 1201 1255 1259 testi·

158 1290 288 1348 monium
310 1290 340 1348 in
362 1309 427 1349 earu
448 1291 566 1363 diceret,
580 1303 631 1351 aut
651 1293 755 1352 saltem
778 1292 854 1352 alius
875 1290 1029 1370 quispiam,
1042 1291 1091 1369 qui
1109 1293 1254 1371 probaret,

159 1400 223 1440 eam
236 1381 283 1441 vel
297 1382 467 1443 servitutem
482 1385 616 1457 servisse,
630 1385 677 1444 vel
697 1404 762 1444 esse
783 1383 1000 1444 manumissum.
1042 1383 1130 1443 Nunc
1149 1384 1254 1446 horum

158 1473 229 1534 nihii
244 1475 383 1547 ostendit,
398 1476 451 1536 sed
463 1475 571 1536 crimen
585 1477 700 1556 objecit,
711 1487 746 1536 ut
757 1478 828 1536 mihi
841 1477 964 1548 videtur,
978 1476 1086 1535 nullius
1105 1464 1253 1538 momenti.

159 1567 195 1626 Id
208 1568 286 1628 enim
300 1578 347 1628 est
359 1569 581 1629 calumniatoris
590 1569 755 1650 ingenium:
765 1570 908 1630 cdmiuari
922 1569 1028 1641 omnia,
1037 1571 1160 1648 probare
1173 1570 1253 1631 nihil.

158 1658 278 1719 Deinde
299 1660 372 1720 illud
394 1661 481 1721 etiam
502 1663 533 1722 in
554 1671 674 1722 matrem
692 1662 776 1733 dixit,
800 1681 864 1722 eum
882 1660 1024 1721 nutricem
1048 1661 1147 1722 fuisse.
1190 1664 1253 1728 Nos

157 1771 322 1824 vero,'oum
336 1764 435 1815 nostra
449 1754 518 1814 urbs
533 1755 647 1815 cladem
668 1755 841 1835 accepisset,
861 1764 893 1814 et
906 1773 1008 1813 omues
1022 1756 1109 1815 rebus
1123 1755 1253 1816 adversis

157 1844 402 1916 conflictarentur,
417 1867 477 1907 non
490 1848 653 1908 inficiemur
665 1848 722 1906 hoc
742 1866 808 1906 esse
821 1846 949 1914 factum;
971 1865 1030 1924 quo
1043 1858 1131 1926 pecto
1145 1859 1255 1922 autem,

157 1947 187 1997 et
201 1937 308 2016 quibus
319 1937 355 1998 de
369 1938 464 1998 causis
478 1958 633 1998 mammam
646 1939 813 2017 praebuerit,
827 1957 882 2016 ego
894 1937 1048 2016 perspicue
1058 1940 1141 1997 vobis
1155 1949 1252 2000 osten·

158 2029 238 2090 dam.
281 2029 386 2109 Neque
406 2051 475 2091 vero
498 2032 648 2112 quisquam
662 2040 801 2103 vestrum,
813 2029 1026 2100 Athenienses,
1043 2030 1142 2110 iniquo
1156 2034 1253 2092 animo

157 2122 293 2202 accipiat.
334 2123 432 2182 Etiam
447 2143 525 2183 nuuc
539 2126 618 2183 cives
630 2123 766 2184 mulieres
787 2124 893 2202 multas
905 2123 1069 2196 invenietis,
1082 2145 1148 2204 quae
1162 2129 1254 2186 nutri-

156 2234 226 2276 cum
245 2213 406 2294 fungantur
429 2216 552 2276 officiis:
573 2235 645 2294 quas
665 2216 748 2275 vohis
769 2215 817 2274 vel
843 2215 1022 2286 nominatim,
1038 2216 1062 2274 si
1081 2227 1180 2276 vestra
1200 2238 1252 2278 vo·

154 2304 253 2366 luntas
266 2307 350 2378 feret,
363 2307 503 2367 dicemus.
541 2307 629 2375 Quod
641 2307 665 2366 si
680 2307 786 2367 divites
801 2327 943 2379 essemus,
957 2328 1052 2388 neque
1067 2309 1169 2369 taenias
1182 2331 1253 2369 ven·

155 2399 302 2472 daremus,
325 2419 422 2481 neque
445 2401 570 2479 denique
596 2400 698 2479 inopes
727 2419 869 2459 essemus.
924 2400 984 2458 Sed
1010 2399 1080 2479 quid
1103 2402 1160 2462 ista
1183 2423 1255 2476 cum,

154 2512 264 2573 genere
278 2492 418 2553 consortii
430 2492 562 2553 habenti
590 2490 734 2571 Equidem
746 2492 818 2550 nihii
831 2491 944 2571 opinor.
970 2492 1017 2551 Ne
1031 2513 1107 2567 vero,
1120 2494 1252 2571 ludices,

154 2600 301 2665 pauperes
315 2574 623 2664 aspernemini-satis
635 2571 711 2643 enim
724 2584 766 2643 eis
776 2594 821 2643 est
833 2583 862 2642 iu
877 2585 942 2663 ipsa
951 2594 1122 2663 paupertate
1131 2589 1251 2665 mali··,

154 2696 251 2756 neque
275 2696 327 2737 eos
351 2677 449 2750 etiam,
464 2677 514 2756 qui
534 2676 685 2757 quaeritare
699 2675 818 2750 victum,
834 2684 866 2736 et
883 2677 978 2738 vivere
1003 2677 1066 2737 sine
1089 2680 1250 2761 cujuspiam

152 2770 260 2851 injuria
272 2770 439 2831 instituunt.
481 2770 541 2830 Sed
556 2770 657 2831 audita
668 2789 710 2843 re,
723 2769 774 2829 ubi
788 2770 870 2830 vobis
882 2768 981 2829 matris
995 2767 1137 2849 cognatos
1153 2784 1250 2835 osten·

154 2852 226 2923 dero
243 2864 330 2937 tales,
343 2864 445 2942 quales
459 2863 651 2943 ingenuorum
669 2861 819 2921 hominum
836 2882 901 2922 esse
920 2862 1016 2937 decet,
1030 2864 1089 2942 qni,
1104 2868 1128 2925 si
1147 2866 1204 2927 iste
1220 2868 1251 2929 in

153 2978 221 3018 eam
235 2958 305 3018 talia
324 2958 446 3019 crimina
460 2956 625 3037 conjecerit,
648 2956 761 3036 ejurent
780 2967 811 3015 et
827 2956 1018 3015 testificentur
1038 2976 1071 3015 se
1089 2958 1163 3016 scire
1185 2980 1270 3019 eam⁴

155 3070 222 3111 esse·
235 3052 335 3123 civem,
345 3071 419 3130 quos
433 3070 485 3111 vos
500 3050 608 3130 putatis
621 3068 687 3108 esse
699 3048 759 3107 fide
778 3047 895 3127 dignos,
908 3066 973 3107 eam
989 3046 1074 3105 nobis
1095 3048 1168 3109 ferte
1182 3070 1248 3111 sen·
1266 3091 1268 3094 -

154 3142 286 3216 tentiam,
299 3163 388 3231 quam
401 3142 530 3222 postulet
544 3140 677 3219 aequitas.
705 3224 710 3231 ι

199 3237 246 3293 ll.
267 3235 342 3295 Mihi
357 3256 428 3295 avus
440 3234 505 3307 fuit,
518 3232 721 3302 Athenienses,
734 3230 834 3291 matris
848 3240 931 3311 pater
943 3232 1148 3293 Demostratus
1162 3233 1250 3295 Meli·

152 3329 256 3391 tensis.
282 3328 317 3387 Ei
332 3338 492 3387 nascuntur
506 3336 631 3406 quatuor
641 3323 721 3383 liberi
736 3324 857 3402 'epriore
868 3343 955 3402 quam
965 3324 1069 3383 habuit
1079 3344 1179 3399 uxore,
1189 3327 1250 3387 filia

153 3432 183 3484 et
197 3423 285 3495 filius,
300 3423 348 3482 cui
361 3440 467 3482 nomen
482 3421 538 3479 fuit
551 3419 713 3499 Amytheo:
735 3436 753 3477 e
765 3417 926 3496 posteriore
938 3417 1149 3491 Chaerestrato,
1157 3430 1249 3481 mater

152 3534 228 3589 mea,
247 3506 278 3575 et
296 3514 486 3573 Timocrates.
529 3512 584 3572 His
605 3529 690 3591 porro
710 3508 792 3569 liberi
807 3521 975 3582 nascuntur,
994 3511 1172 3591 Amytheoni
1185 3513 1250 3573 Da-

151 3617 322 3678 mostratus,
341 3606 387 3665 'avi
409 3624 516 3666 nomen
537 3605 673 3675 referens,
687 3612 716 3661 et
738 3602 932 3674 Callistratus,
946 3613 976 3662 et
988 3603 1162 3664 Dexitheus.
1203 3607 1249 3669 Ac

152 3697 299 3780 Amytheo
313 3698 428 3778 quidem
443 3718 480 3758 ex
493 3718 592 3758 eorum
607 3714 727 3754 numero
742 3703 788 3753 est
802 3695 851 3771 qui
866 3695 896 3753 in
910 3694 1011 3753 Sicilia
1023 3705 1054 3754 et
1078 3697 1248 3772 militarunt,

153 3803 185 3853 et
198 3792 347 3861 obierunt3
370 3802 400 3851 et
415 3791 547 3870 sepultus
562 3790 650 3849 estin
670 3786 794 3867 publicis
809 3787 1004 3847 monimentis.
1031 3789 1071 3847 Et
1081 3788 1148 3849 haec
1158 3801 1248 3851 testes

153 3884 377 3946 confirmabunt.
411 3885 500 3943 Soror
513 3893 610 3942 autem
625 3881 698 3960 ejus,
714 3899 781 3959 quae
795 3877 925 3939 Alaeensi
936 3880 1067 3960 Diodoro
1081 3894 1175 3962 nupta
1183 3885 1248 3958 fuit,

151 3978 244 4037 lilium
257 3976 369 4055 peperit
383 3974 554 4034 Ctesibium.
596 3974 624 4031 Is
636 3972 735 4051 Abydi
750 3970 831 4044 obiit,
841 3992 908 4031 oum
918 3972 1100 4054 Thrasybulo
1115 3976 1248 4035 militans.

153 4068 199 4129 Ex
223 4070 270 4129 his
293 4068 365 4129 vivit
388 4068 592 4128 Demostratus
614 4064 806 4145 Amytheonis
825 4064 913 4138 filius,
937 4067 1037 4126 matris
1060 4087 1134 4126 meae
1151 4068 1248 4140 fratris

151 4162 241 4240 filius.
284 4160 489 4221 Chaerestratoe
513 4161 585 4220 aviae
606 4178 681 4219 meae
701 4175 829 4216 sororem
852 4147 935 4219 ducit
958 4158 1155 4239 Apollodorus
1178 4158 1248 4235 Pio-'

149 4255 276 4317 thensis.
318 4252 366 4314 Ex
377 4254 424 4313 his
438 4254 567 4313 nascitur
588 4248 788 4333 Olympichus,
803 4270 839 4310 ex
854 4250 1029 4332 Olympicho
1041 4248 1249 4330 Apollodorus.

154 4350 185 4411 Is
200 4349 281 4412 vivit.
322 4346 451 4410 Proinde
463 4364 537 4410 voca
549 4344 619 4405 mihi
632 4364 694 4407 eos.
1259 4376 1262 4381 ,
