2967 4950
248 320 310 379 ttt
602 315 994 388 CONTRA'NEAERAlss

473 475 608 526 (incorum
618 475 702 524 damon
712 475 798 524 Medos
808 475 850 524 abi
860 473 964 536 perdidit
974 473 1054 520 hostes

474 551 609 608 Pausanias,
621 551 708 600 Phoebo
716 551 811 600 dedicat
820 552 864 599 hoo
873 551 984 612 spolium,
1065 566 1068 570 ·

200 648 203 657 ¹
245 659 378 742 perinde
392 683 427 725 sc
453 665 477 724 ai
499 665 686 746 ipsiusesset
705 666 734 727 id
752 659 873 726 facinus
884 675 915 724 et
928 661 1091 732 donarium,
1110 655 1177 720 non
1188 675 1347 720 commone

248 757 403 818 marum.
445 758 529 818 iratis
551 767 649 818 autem
663 779 699 819 ea
718 758 756 818 de
772 778 805 818 re
824 757 948 828 Graecis,
962 757 1144 816 Platoeenses'
1156 751 1347 812 Lacedaemo·

249 849 313 910 nios
327 849 405 928 apud
419 850 649 931 Amphictyonas
664 849 806 911 accusant
814 849 936 910 'nomino
949 847 1102 919 sociorum,
1115 856 1145 905 et
1158 845 1239 904 mille
1249 844 1346 932 talen·

248 949 310 1002 tum
324 942 463 1002 mulctam
477 944 514 1004 ab
538 944 578 1004 eis
596 952 711 1023 petunt,
724 943 870 1023 erasisque
883 941 1044 1014 versiculis,
1064 939 1221 1000 inscribere
1234 949 1347 1016 cogunt

249 1034 336 1092 urbes
355 1037 421 1112 qum
446 1036 531 1095 rebus
554 1035 646 1116 gestis
668 1036 877 1104 interfuerantr
899 1053 959 1113 qua
979 1054 1011 1094 re
1028 1033 1076 1094 vel
1099 1033 1129 1092 in
1154 1031 1255 1112 primis
1277 1031 1347 1090 odia

249 1123 540 1188 Lacedaemoniorum
554 1139 759 1208 susceperunt,
771 1128 919 1208 regiaeque
933 1126 1060 1187 familiae.
1088 1125 1132 1186 Ac
1146 1125 1176 1183 in
1190 1119 1349 1204 proesentis

249 1237 308 1277 non
322 1219 504 1298 reperiebant
523 1220 733 1281 Lacedaemonii
754 1240 813 1299 quo
832 1230 920 1300 pacto
941 1239 992 1280 eos
1011 1219 1241 1278 ulciscerentur:
1264 1216 1348 1276 annis

249 1315 347 1370 autem
360 1321 427 1390 post
437 1313 551 1372 circiter
564 1311 787 1392 quinquaginta,
801 1311 997 1373 Archidamus
1012 1309 1181 1370 Zeuxidami
1196 1309 1241 1381 F,
1256 1308 1346 1368 Lace·

250 1403 459 1466 danmoniorum
472 1424 534 1477 rex,
549 1416 682 1484 tempore
702 1405 793 1485 pacis,
807 1425 908 1465 eorum
926 1404 997 1464 urbe
1009 1402 1096 1482 potiri
1109 1402 1246 1473 instituit,
1259 1393 1346 1481 idque
1387 1434 1390 1443 ι

249 1511 301 1576 per
313 1491 486 1555 Thebanum
510 1495 728 1576 Eurymachum
751 1495 919 1556 Leontiadre
941 1497 976 1556 F.
995 1495 1170 1554 Boeotiorum
1185 1494 1347 1574 principem

251 1597 296 1648 est
312 1593 447 1660 conatus,
461 1605 549 1668 quum
565 1599 655 1649 noctu
668 1599 768 1669 portas
782 1589 953 1663 Nauclides,
968 1598 998 1649 et
1019 1587 1068 1648 alii
1082 1583 1202 1665 quidam
1215 1585 1347 1664 corrupti

252 1679 676 1760 largitionibus,aperuissent.
718 1682 912 1755 Plataeenses,
926 1681 1056 1762 cognito,
1071 1681 1148 1740 intra
1160 1679 1271 1740 moenio
1283 1699 1348 1740 esse

250 1770 416 1845 Thebanos,
435 1792 471 1833 ac
494 1791 577 1832 suam
592 1773 693 1834 urbem
708 1785 839 1854 tempore
852 1775 933 1854 pacis
948 1795 984 1834 cx
997 1773 1155 1852 improviso
1167 1782 1297 1850 captam,
1317 1780 1348 1854 et

250 1862 357 1940 ipsi'ad
371 1871 450 1924 arma
464 1871 653 1936 concurrunt,
669 1876 699 1926 et
719 1867 811 1926 aciem
829 1867 989 1940 instruunt.
1031 1867 1090 1926 Ubi
1110 1865 1223 1938 diluxit,
1238 1874 1270 1926 et
1287 1883 1347 1924 non

250 1955 357 2016 multos
377 1975 444 2016 esse
465 1956 620 2018 Thebanos
638 1958 748 2031 vident,
762 1959 816 2018 sed
833 1955 974 2038 primores
994 1979 1095 2018 eornm
1112 1951 1349 2036 ingressos4in-

250 2065 323 2126 gens
351 2047 428 2108 enim
453 2047 553 2108 delata
571 2058 660 2108 noctu
682 2048 782 2129 pluvia
801 2049 989 2129 prohibuerit
1006 2070 1068 2122 eos,
1086 2070 1124 2109 ne
1141 2069 1245 2110 omnen
1259 2050 1348 2109 iutro·

250 2149 326 2210 rent,
342 2159 400 2219 qua
412 2140 518 2200 fluvios
533 2142 649 2220 Asopos
664 2143 768 2202 auctus
781 2142 957 2214 exundabat,
970 2161 1028 2202 neo
1038 2141 1154 2201 transiri
1167 2136 1255 2202 facile
1265 2151 1348 2222 pote·

250 2242 305 2304 rat,
318 2243 408 2293 noctu
425 2228 638 2312 praesertim-,
647 2244 681 2294 ut
695 2231 793 2312 igitur,
807 2234 936 2312 inquam,
951 2234 1131 2295 Plataeenses
1151 2235 1182 2293 io
1200 2237 1273 2295 urbe
1295 2253 1349 2295 sua

219 2350 221 2356 ¹
249 2323 409 2386 Thebanos¹
418 2324 564 2397 viderunt,
578 2344 634 2385 nec
658 2325 762 2385 adesse
786 2344 889 2384 omnes
911 2337 1121 2405 cognoverunt,
1135 2327 1350 2405 aggrediuntur

250 2415 337 2489 illos,
350 2414 564 2495 commissoque
584 2415 686 2497 proelio
710 2428 860 2497 superant,
875 2426 907 2478 et
929 2417 1049 2478 caedunt
1068 2419 1238 2498 priusquam
1259 2417 1349 2479 ceteri

250 2526 336 2587 opem
350 2507 424 2568 ferre
439 2515 569 2586 possent,
583 2515 614 2566 et
626 2508 724 2567 statim
739 2509 830 2568 misso
844 2509 883 2568 ad
901 2529 956 2570 nos
969 2509 1087 2583 nuncio,
1101 2510 1270 2589 significant
1288 2530 1349 2571 rem

251 2609 375 2679 gestam,
395 2618 537 2679 suamque
550 2598 712 2673 victoriam,
725 2609 757 2660 et
775 2600 914 2660 auxilium
927 2612 1041 2682 petunt,
1055 2602 1081 2661 si
1095 2601 1232 2663 Thebani
1245 2622 1350 2683 agrum

250 2691 378 2771 spectum
391 2701 551 2753 restarent.
593 2692 669 2752 'l'urn
682 2693 888 2765 Athenienses,
897 2687 936 2754 're
947 2693 1077 2773 cognita,
1092 2693 1227 2755 celeriter
1239 2695 1350 2756 auxilio

251 2782 379 2845 Plataeas
393 2782 522 2843 mittunt.
563 2782 646 2852 Quos
668 2804 735 2844 cum
749 2785 889 2846 vidissent
907 2786 1040 2846 Thebani
1060 2805 1146 2866 opem
1163 2788 1266 2848 tulisse
1280 2788 1350 2848 Pla-

249 2876 418 2951 taeensibus,
446 2875 570 2959 domum*
589 2876 747 2937 redierunt.
772 2886 776 2891 ’
802 2879 844 2937 Ut
861 2878 951 2957 igitur
974 2878 1105 2939 'lhebani
1127 2879 1259 2941 frustrati
1280 2891 1350 2940 sunt

249 2978 357 3031 conatu
372 2987 436 3042 suo,
450 2978 480 3027 et
494 2967 681 3041 Platoeeuses,
697 2989 773 3049 quos
792 2969 921 3031 hostium
940 2970 970 3030 in
987 2970 1088 3051 praelio
1101 2971 1184 3032 viros
1198 2984 1348 3053 ceperant,

250 3062 432 3135 occiderunt,
445 3061 511 3121 irati
534 3062 758 3135 Lacedaemonii,
768 3068 830 3139 jam
846 3063 909 3123 sine
924 3064 984 3123 ullo
997 3074 1143 3143 praetextu
1156 3065 1285 3126 Plataeas
1299 3086 1351 3145 op·

250 3156 415 3235 pugnaturi,
434 3154 707 3235 Peloponnensibus
727 3156 871 3233 omnibus,
890 3166 995 3236 praeter
1014 3158 1151 3236 Argiuos,
1172 3158 1305 3232 edicunt,
1317 3168 1350 3218 ut

250 3247 334 3309 binas
356 3258 456 3329 partes
480 3248 630 3328 copiarum
639 3268 663 3315 ,e
683 3249 805 3327 singulis
825 3249 945 3309 urbibus
968 3249 1127 3324 mitterent,
1140 3251 1264 3312 Boeotiis
1282 3248 1353 3313 vero⁴

250 3340 354 3401 ceteris
365 3341 518 3413 universis,
530 3349 562 3403 et
575 3341 784 3414 Locrensibus,
793 3341 1005 3414 Phocensibos‚
1017 3343 1225 3417 Maliensibus‚
1234 3344 1348 3417 OEtreis,

250 3442 281 3493 et
294 3433 468 3493 AEnianihus
479 3433 668 3508 denunciant,
683 3442 720 3493 ut'
729 3454 832 3495 omnes
846 3434 877 3495 in
896 3434 983 3495 armis
998 3435 1146 3496 adessent.
1189 3436 1240 3497 Sic
1249 3456 1348 3499 eornm

250 3543 365 3586 murum
388 3524 499 3604 ingenti
520 3526 650 3586 exercitu
670 3525 929 3599 circumsedentes,
951 3526 1188 3599 sciscitabantur,
1207 3548 1281 3589 nom
1302 3548 1350 3589 ur·

250 3617 318 3677 bem
330 3615 438 3678 dedere
452 3617 574 3691 veilent,
587 3637 691 3697 agrum
706 3629 804 3679 autem
819 3630 928 3689 tenere,
937 3629 970 3679 et
982 3618 1039 3681 frui
1053 3619 1113 3679 suis
1127 3620 1245 3701 opibus,
1256 3621 1349 3682 socie·

249 3718 311 3770 tote
325 3710 547 3772 Atheniensium
568 3711 694 3771 deserto.
736 3712 826 3782 Quod
845 3732 913 3772 curn
931 3712 1111 3773 Platoeenaes
1124 3726 1307 3788 recusarent,
1320 3726 1349 3775 et
1461 3741 1462 3758 ¹

250 3801 314 3863 sine
328 3805 501 3865 auctoritate
515 3802 737 3865 Atheniensium
751 3805 908 3883 quicquam
922 3824 954 3864 se
967 3804 1096 3866 facturos
1115 3825 1182 3867 esse
1196 3817 1350 3886 negarent,

250 3896 429 3959 obsederunt
439 3917 491 3958 eos
499 3897 683 3969 decennium,
697 3897 807 3978 duplici
818 3916 901 3957 muro
913 3898 1096 3971 circundata,
1108 3919 1165 3960 nec
1175 3899 1350 3961 intentatum

249 3986 408 4067 quicquam
423 3988 612 4067 reliquerunt.
654 3991 730 4050 Com
744 4009 813 4050 vero
831 3989 902 4051 fessi
914 3990 1000 4051 malis
1013 3990 1206 4064 Plataeenses,
1218 3994 1349 4053 omnium

249 4097 345 4144 rerum
368 4081 493 4161 'penuria
512 4092 720 4160 premerentur,
744 4083 901 4162 desperata
920 4082 1026 4153 salute,
1049 4084 1202 4145 sortitione
1223 4085 1301 4146 inter
1320 4106 1351 4147 sc

250 4172 338 4247 iacta,
365 4172 414 4233 alii
440 4185 652 4246 remanserunt,
682 4176 867 4236 obsidionem
893 4176 1061 4237 toleraturi:
1096 4177 1148 4237 alii
1178 4180 1350 4259 exspectata

250 4276 348 4339 nocte,
363 4274 393 4327 et
406 4266 514 4347 pluvia,
529 4276 559 4327 et
578 4286 686 4345 magno
705 4278 804 4340 vento,
820 4270 932 4348 egressi
946 4270 1029 4340 urbe,
1041 4269 1171 4329 hostiurn
1190 4273 1350 4338 munitione

158 4426 161 4433 Ι
251 4369 397 4437 superato,
408 4359 535 4441 decepto
556 4360 697 4430 exercitu,
707 4360 851 4441 jugulatis
873 4359 1056 4434 custodibus,
1075 4361 1233 4426 miserabili
1250 4364 1349 4427 habitu

251 4451 423 4535 perreoiuot
435 4453 493 4517 huc
514 4464 546 4521 et
559 4452 729 4535 inopinato:
752 4454 865 4534 reliqui,
879 4457 908 4517 vi
928 4466 1018 4545 capta
1037 4458 1119 4531 urbe,
1139 4476 1243 4525 omnes
1263 4458 1349 4529 inloto
