2967 4950
133 590 443 653 ARGUMENTUM
458 546 683 655 cassionis
698 594 924 659 ADVERSUS
934 547 1233 668 Mncsut'suuut

235 686 237 693 ’
387 685 442 745 DE
457 686 679 791 Haemona
693 688 981 787 HEREDITATE.
1170 713 1173 721 ’

164 822 293 878 Hsonrss
305 835 329 876 et
338 830 468 879 Eubulidas
476 831 608 879 consobrini
616 825 719 879 fuerunt:
731 833 812 879 horum
822 834 889 891 alter,
897 837 1011 898 Hagnios,
1018 838 1077 886 obiit
1083 838 1133 887 sios
1144 839 1234 897 lihsris,

133 903 265 971 Eubulides
276 912 356 953 sutem·
368 906 438 954 liliam
450 908 544 969 reliquit
555 909 746 971 Phylomaoham,
757 924 808 970 quse
821 909 870 971 ugit
879 911 1054 975 ioHaguisnum
1064 915 1232 973 hereditatem,

133 986 260 1044 utgouere
271 984 386 1043 prosimu.
420 984 479 1032 (lum
498 1002 526 1033 es
539 985 632 1049 litigent
648 986 753 1033 Glaucus
766 985 861 1047 quidum
875 994 900 1035 st
911 988 1009 1046 Glauco,
1020 1008 1066 1039 non
1075 994 1167 1041 uticus
1179 1009 1234 1055 pro·

131 1062 282 1125 pinqnitstis,
292 1064 332 1111 sed
345 1068 484 1112 testamento
495 1066 556 1115 teeti.
589 1066 659 1125 Quod
676 1082 728 1115 curn
746 1068 770 1115 in
786 1067 877 1129 judicio
889 1070 1043 1119 sdutterinun
1061 1074 1232 1137 demensum

132 1146 207 1203 essct,
216 1139 374 1189 laenitatem
385 1141 473 1205 accipit
484 1142 649 1205 Phylomschs.
666 1150 668 1157 “
681 1143 848 1207 Theopompus
857 1145 953 1193 venitin
961 1147 1086 1209 judicium,
1095 1151 1234 1213 assumptis·

129 1232 177 1279 que
190 1224 239 1264 tnm
255 1216 292 1263 his
303 1216 361 1277 ipsis
372 1218 412 1278 qui
429 1233 499 1266 causa
515 1218 656 1277 oeciderunt,
666 1228 713 1267 turn
730 1228 817 1281 praeter
835 1222 878 1269 hos
894 1224 1032 1285 Eupolemo,
1044 1226 1074 1273 sd
1088 1226 1233 1277 berennus

129 1291 325 1354 disceptationem
336 1293 434 1345 arcessit
442 1294 628 1357 Phylonraoham.
648 1297 802 1345 Permittebat
809 1296 870 1346 onim
881 1299 921 1346 lex
931 1300 1056 1363 uuicuique
1064 1302 1088 1349 iu
1096 1305 1136 1363 jus
1147 1321 1232 1353 vocare

128 1370 252 1425 uictorem,
264 1376 289 1417 et
299 1370 441 1417 haereditatis
452 1386 620 1433 possessorem.
638 1374 697 1421 Gom
710 1390 765 1421 vero
775 1390 818 1435 per
828 1376 932 1425 fraudem
943 1377 1079 1427 concinnata
1088 1388 1151 1428 esset
1161 1376 1232 1441 sotio,

129 1456 152 1495 ut
163 1448 196 1496 alt
207 1448 342 1505 Sositheus,
354 1448 426 1496 vincit
434 1450 606 1513 Theopompus.
617 1452 653 1499 Ao
664 1451 686 1498 is
700 1453 794 1513 quidem
804 1454 855 1501 obit
863 1454 911 1502 lilio
922 1456 1005 1504 relicto
1016 1459 1154 1507 Meosrtsto.
1167 1460 1231 1520 Phy-

130 1526 243 1575 loursohae
255 1532 333 1573 amun
342 1525 602 1589 contumationes
614 1528 718 1576 nominat
728 1529 881 1578 Eubulidem.
912 1532 946 1579 llt
955 1534 1109 1596 adoptandum
1120 1536 1160 1583 dot
1170 1538 1233 1597 petri

131 1618 173 1651 suo
183 1602 310 1663 thulldi,
320 1603 460 1651 consobrino
470 1604 570 1667 Hagnise
581 1604 621 1667 qui
631 1606 758 1667 reliqueret
766 1607 936 1670 hereditatem
943 1626 1043 1672 eumque
1053 1612 1187 1675 adoptatum
1197 1614 1233 1661 iu·

129 1682 234 1730 troducit
245 1680 276 1727 sd
287 1680 387 1729 curiales
399 1681 499 1743 Hagsiae
510 1687 533 1727 et
545 1682 678 1730 Eubulidis.
712 1682 789 1741 Quem
803 1685 913 1742 onrisles,
925 1695 951 1733 ut
961 1688 1001 1749 qui
1009 1690 1064 1750 jure
1073 1690 1233 1741 introducere·

128 1766 174 1813 tur,
185 1764 337 1818 receperunt.
371 1756 418 1805 His
434 1756 501 1813 actis,
513 1756 572 1819 puer
589 1756 616 1805 ed
635 1756 829 1819 disceptationem
845 1762 988 1812 hereditatis
999 1771 1069 1814 socst
1080 1768 1232 1817 Mscmtstum

127 1832 278 1897 Theopompi
288 1834 371 1881 filiurn.
404 1833 537 1881 Orationem
547 1834 616 1881 habet
625 1834 756 1891 Sositheus,
765 1838 875 1885 naturalis
885 1842 952 1900 pueri
964 1848 1037 1903 puter.

461 2072 901 2085 m

417 2272 963 2377 DEMOSTHENIS

339 2475 580 2552 οοιιιιι-ιι
614 2477 1032 2578 mansurarum

214 2651 281 2716 DE
305 2651 571 2718 HAGNJANA
595 2653 932 2722 HAEREDITATE
962 2655 1159 2725 ORATIO.

171 2831 202 2892 l.
225 2825 329 2896 Qooo
351 2827 430 2908 prius
452 2828 538 2888 etiarn
557 2829 763 2888 controuersiae
782 2828 866 2889 nobis
883 2829 1003 2903 fuerint,
1017 2829 1149 2904 Judices,
1164 2839 1232 2890 eum

124 2921 195 2996 istis
210 2915 368 2980 iisdem'de
383 2920 540 3001 Hagniana
553 2922 735 2996 haereditate,
749 2941 845 3001 neque
858 2915 951 2983 ullum
968 2923 1017 2982 isti
1033 2923 1152 2983 modum
1171 2932 1232 2982 sta·

124 3024 222 3080 tuant
233 3013 380 3093 iniquitati
396 3023 427 3073 et
449 3014 605 3087 violentius,
623 3015 693 3075 dum
711 3014 813 3093 quovis
827 3015 915 3076 modo
929 3033 966 3075 es
979 3035 1047 3094 qnoe
1060 3015 1099 3077 ad
1115 3035 1147 3074 se
1161 3015 1232 3075 nihil

124 3107 271 3192 attinaut,
283 3101 443 3181 obtineant,
458 3127 580 3170 neeesse
600 3108 734 3169 fortassis
758 3117 806 3169 est
829 3128 890 3168 rem
909 3127 1025 3168 omnem
1043 3110 1080 3168 ab
1093 3108 1175 3168 initio
1187 3127 1231 3192 re·
1322 3143 1326 3152 ι

124 3187 261 3282 ῥθιειε.,
276 3196 323 3261 sic
345 3201 433 3276 enim,
444 3203 577 3274 Jodioes,
594 3211 625 3261 et
640 3221 693 3262 vos
713 3199 829 3260 facilius
847 3201 946 3260 omnia
962 3219 1029 3278 qnoe
1042 3199 1231 3260 dicenturiu·

122 3292 283 3372 telligetis,
293 3291 333 3354 'et
348 3295 397 3354 isti
420 3296 523 3375 quales
541 3295 676 3358 homines
690 3303 769 3365 sunt,
783 3295 858 3354 tales
871 3313 938 3354 esse
951 3293 1161 3362 ostendentur:
1176 3313 1231 3377 sp·

120 3381 248 3467 parebit
260 3387 337 3447 enim
353 3405 406 3451 eos
423 3391 485 3468 jam
505 3388 575 3450 clim
598 3388 767 3467 suspicatos
786 3386 904 3446 minime
921 3386 1019 3447 adhue
1039 3387 1134 3447 asnis
1147 3387 1230 3448 malis

120 3482 244 3548 artibus
261 3479 413 3554 recedere,
427 3483 524 3562 utqui
545 3480 712 3542 existiment
733 3480 787 3540 sibi
807 3480 946 3561 quiequid
965 3481 995 3540 io
1013 3489 1140 3540 mentem
1160 3479 1231 3540 inol-

122 3575 208 3636 derit
230 3574 441 3654 perficiendum
461 3595 536 3637 esse.
578 3575 702 3635 Oramus
722 3573 811 3653 igitur
832 3593 895 3648 ros,
909 3574 1040 3648 Judices,
1053 3584 1088 3632 ut
1102 3581 1231 3633 nostram

120 3667 294 3728 medonem
314 3686 383 3728 cum
402 3667 606 3730 benevolentia
624 3678 654 3727 et
673 3677 785 3727 attente
806 3667 844 3728 ad
866 3668 954 3727 finem
974 3685 1068 3745 usqne
1090 3666 1230 3727 audiatis

120 3761 210 3822 dabo
223 3770 322 3822 antem
336 3770 367 3820 et
381 3779 437 3841 ego
451 3765 567 3842 operam
583 3771 616 3820 ut
629 3779 699 3832 rem,
711 3780 799 3841 qnam
813 3761 876 3820 fieri
886 3761 1039 3839 perspicue
1051 3759 1167 3839 poterit,
1177 3779 1231 3866 ros

118 3853 888 3922 edoceam..

165 3939 200 4006 2.
223 3945 313 4006 Pueri
330 3946 419 4027 hujus
439 3955 542 4015 mater,
557 3945 688 4018 Judices,
703 3965 770 4005 oum
789 3963 899 4025 genere
919 3944 1052 4024 proxima
1068 3953 1149 4006 esset
1168 3943 1230 4005 Hu-
1299 3969 1304 3975 ·

114 4040 207 4120 ¹guin
222 4053 261 4098 cs
275 4039 363 4113 OEo,'
356 4059 386 4102 ιιι
400 4039 528 4119 lisgnise
541 4038 744 4100 hereditatem
758 4038 820 4119 egit
837 4036 1000 4099 secundum
1012 4039 1096 4118 leges
1109 4047 1230 4099 sesnes
1292 4100 1301 4111 ,

119 4133 195 4195 Nso
202 4125 313 4200 eorum
326 4132 377 4212 qui
395 4143 458 4192 ιιιιιι
472 4133 510 4192 de
524 4117 746 4192 cohaereditate
760 4131 982 4206 contenderunt,
991 4148 1029 4192 se
1042 4149 1150 4210 ςειιοιο
1164 4141 1231 4188 esse

116 4225 252 4294 muliere
260 4241 449 4306 propiorem,
446 4224 520 4285 vel
509 4243 608 4305 Jnrsre
622 4225 790 4304 quisquam
793 4243 880 4284 ansus
893 4221 1231 4289 luit-constabateuirn

115 4321 205 4383 inter
218 4333 323 4379 omnes
336 4307 464 4380 mulieris
475 4337 539 4378 esse
550 4318 752 4380 liaereditatam
765 4317 877 4378 ratione
891 4306 1166 4397 propinquitatis-,
1175 4309 1231 4375 sed

118 4413 267 4477 Glaucus
289 4413 338 4474 ille
356 4429 408 4473 ex
406 4411 481 4484 ·,OEo
495 4421 527 4472 et
541 4411 664 4472 Glauco
676 4410 811 4472 irater
786 4429 858 4489 ejus,
876 4419 908 4470 et
929 4409 1141 4489 Theopompus
1163 4404 1231 4468 Μι-

116 4505 237 4568 cornu
249 4513 342 4586 peter,
353 4521 404 4584 qur
395 4504 581 4568 illituerum
596 4523 692 4566 rerum
707 4503 836 4564 omnium
851 4513 882 4562 et
894 4513 997 4562 auctor
1010 4508 1041 4560 et
1052 4498 1232 4580 adjutorfuit

660 4601 708 4658 41
