2967 4950
257 263 316 322 798
590 261 756 328 ORATIO
779 257 1013 328 Anaboura,

254 417 485 478 benerdentianr
501 437 618 482 numen
640 414 780 484 ostendit.
837 421 906 484 Non
927 422 1006 483 enirn
1031 440 1084 508 eos
1107 414 1152 482 ad·
1171 409 1340 482 naariam

256 509 399 571 duntaxat
411 510 481 571 usus
495 513 636 576 ideoneos
650 507 784 597 praebuit,
800 515 862 589 sed,
876 534 944 577 curn
955 513 1136 594 quorundam
1150 513 1338 573 virtusrixex

257 601 448 664 actionibus
442 603 589 709 appareat,
613 626 710 668 mores
732 619 799 668 tuos
827 609 1047 699 probatissimos
1070 625 1122 686 per
1144 607 1222 666 nsua
1239 604 1330 664 indicia

256 691 412 754 declaravit
415 697 487 775 ,qui
501 697 541 758 sis
556 708 584 758 et
605 698 681 758 mitis
698 709 786 778 atque
804 692 958 759 humanus
964 700 1119 780 adspectu,
1132 708 1163 757 et
1175 697 1332 788 magnificus

256 795 288 846 et
309 788 404 866 gravis
429 789 459 849 in
485 790 551 850 ritoe
568 791 790 865 consuetudine,
811 803 843 853 et
865 793 947 852 sortis
970 811 1006 852 ac
1021 792 1188 852 moderatus
1209 779 1330 850 adsersus

258 899 376 942 omnes:
396 881 427 941 id
449 883 558 962 quod
551 903 581 942 m
604 885 703 963 primis
727 885 878 944 admirere.
920 885 998 942 Nam
1013 903 1081 942 cnm
1094 880 1331 970 aliorumcomitas

225 993 233 1012 ι
259 973 288 1032 in
301 971 480 1048 humilitatis,
494 975 620 1054 gravitas
633 975 665 1034 in
682 977 778 1035 fastus
780 976 962 1054 ‚opinionem
975 976 1114 1048 incurrat,
1127 966 1331 1059 cumquciidem

257 1074 292 1124 ut
313 1075 427 1146 propter
448 1067 648 1128 fortitudinem
662 1069 814 1139 temerarii,
834 1070 876 1128 sic
898 1079 1014 1148 propter
1035 1067 1303 1128 mansuetudinem
1296 1086 1332 1160 rq-

257 1167 333 1218 artes
352 1159 514 1236 videantur,
527 1170 572 1221 tot
596 1180 641 1222 res
662 1155 737 1221 inter
762 1182 794 1221 se
816 1162 1085 1222 contrariasnacta
1105 1137 1332 1228 fortunatiani

256 1269 310 1330 par
323 1262 376 1324 est,
395 1253 493 1314 omnia
508 1251 718 1314 consentientia
737 1270 836 1314 secum
849 1253 956 1326 effecit,
971 1255 1053 1333 quasi
1066 1262 1167 1313 votum
1179 1251 1336 1323 absolveret,

259 1352 311 1403 aut
324 1345 489 1423 exemplum
504 1346 568 1405 aliis
583 1346 736 1406 ostendere
750 1345 848 1417 vellet,
862 1360 920 1405 non
930 1365 1014 1424 quasi
1006 1346 1192 1417 'mortalem
1204 1363 1254 1424 pro
1266 1363 1333 1403 more

258 1437 468 1510 suo,'naturam
483 1439 683 1498 constitueret.
726 1439 815 1508 Quod
837 1438 862 1497 si
883 1448 963 1498 tuam
985 1428 1212 1518 pulcritudinem
1234 1435 1334 1514 assequi

258 1528 384 1588 dicendo
395 1529 509 1601 liceret,¹
518 1540 569 1590 aut
593 1549 684 1590 unum
704 1530 762 1590 lroc
775 1530 816 1588 ln.
828 1526 864 1588 te‘
874 1527 1051 1590 laudandum
1064 1539 1154 1602 esset,
1168 1528 1238 1589 nihil
1248 1528 1277 1586 in
1289 1527 1334 1585 lmc

257 1620 299 1680 tui
315 1621 489 1682 ,celebrandi
510 1623 659 1704 proposito
676 1643 694 1684 e
716 1623 774 1682 tuis
793 1618 910 1682 dotibus
928 1623 1166 1728 pratereundum
1186 1622 1333 1682 rideretur:

259 1733 338 1772 nunc
350 1712 440 1775 ver'or
453 1713 501 1776 'ne
525 1714 672 1778 auditores
692 1713 886 1816 defatigemus
899 1725 933 1774 ut
945 1717 1040 1775 minus
1054 1715 1191 1775 alacriter
1210 1703 1336 1802 accipiant

259 1805 418 1886 reliqua,
395 1826 419 1866 ει
433 1808 470 1868 de
482 1809 539 1870 hoc
551 1810 662 1870 frustra
675 1809 827 1910 augemur.
868 1809 942 1878 Quis
956 1809 1034 1868 enirn
1048 1808 1176 1916 speciem
1193 1819 1270 1873 tuam
1282 1822 1336 1864 ora·

258 1899 351 1960 tione
359 1901 509 1980 exprimat,
532 1923 620 1982 quam
641 1923 698 1964 nec
720 1902 808 1983 pictae
818 1899 873 1962 aut
890 1901 995 1962 fictoe
987 1902 1129 1980 imagines
1150 1897 1336 1980 praestantissi-

258 2011 371 2055 morum
386 1995 527 2054 artificum
547 1995 692 2056 industria
712 1992 875 2056 elaboratae
894 2012 1035 2092 superare
1049 1989 1181 2072 queant?
1202 1993 1298 2071 Neque
1312 1990 1345 2048 id-

258 2087 434 2148 mirandum.
482 2087 558 2148 Nam
588 2089 646 2148 illae
674 2087 838 2148 immobiles
863 2083 1042 2168 spectantur,
1064 2098 1099 2147 ut
1110 2088 1275 2147 obscurum
1299 2084 1336 2155 sit,

257 2179 422 2259 cujusmodi
443 2179 467 2240 si
490 2181 620 2240 viverent
637 2179 836 2260 apparerent:
859 2180 918 2239 sed
938 2180 1026 2240 animi
1042 2181 1094 2240 ‘tui
1114 2179 1338 2240 mansuetudcet

258 2271 414 2331 dexteritas
427 2272 457 2330 in
470 2273 607 2332 omnibus
621 2273 678 2332 tuis
691 2272 775 2332 lactis
789 2281 972 2330 venustatem
987 2268 1114 2350 corporis
1127 2273 1233 2332 mirum
1246 2273 1273 2330 in
1286 2289 1337 2329 mo·

258 2363 328 2424 dum
342 2374 440 2444 auget.
481 2365 529 2422 Ac
541 2373 600 2422 tuae
612 2361 714 2424 formoe
727 2361 842 2435 laudes,
853 2359 1020 2440 quanquam
1033 2360 1158 2442 pr'aeterii
1172 2364 1284 2436 multas,
1293 2361 1337 2421 bas

258 2457 363 2519 habeo.

297 2554 328 2611 5.
349 2528 395 2612 De
408 2552 601 2632 temperantia
623 2571 704 2625 vero,
725 2551 923 2634 pulcherrima
942 2502 1009 2614 laus
1032 2552 1082 2614 ills
1100 2553 1239 2626 occurrit,
1261 2548 1337 2631 quod,

257 2662 324 2705 cum
344 2644 402 2705 ista
424 2644 497 2705 'oetas
517 2646 669 2706 calumniis
683 2647 817 2740 exposita
834 2645 881 2719 sit,
895 2645 948 2705 tibi
967 2646 1103 2707 usuvenit
1122 2656 1157 2706 ut
1176 2636 1273 2726 potius
1287 2644 1338 2702 lau

256 2736 369 2797 darere.
423 2737 491 2797 Non
515 2737 603 2798 modo
628 2738 706 2798 eninr
724 2736 798 2797 nihil
825 2737 980 2817 delinquis,
1005 2738 1058 2798 sed
1087 2739 1244 2817 septenum
1266 2736 1338 2797 edan

257 2848 345 2909 qnam
357 2848 412 2910 pro
424 2830 496 2890 flore
510 2830 604 2891 ιιιιιιίι
616 2831 707 2891 vitam
726 2831 885 2893 instituisti.
927 2832 1020 2913 Cujus
1037 2833 1080 2893 rei
1099 2833 1260 2893 maximum
1270 2827 1339 2890 testi-

258 2922 388 2983 monium
402 2932 453 2982 est
465 2931 518 2982 tua
530 2942 597 2983 cum
611 2922 777 2985 hominibus
799 2924 993 2985 consuetudo.
1034 2923 1111 2983 Cum
1131 2925 1211 2985 enim
1229 2934 1259 2983 te
1271 2919 1339 3007 multi

258 3014 433 3078 conveniant
456 3016 601 3095 iidemque
623 3016 827 3078 direrdssimis
845 3009 966 3098 praediti
982 3018 1121 3098 ingeniis,
1144 3029 1235 3099 teque
1254 3032 1340 3079 omnes

259 3106 297 3166 ad
319 3127 402 3168 suam
422 3106 653 3171 'familiaritatem
674 3110 807 3183 invitent,
834 3111 877 3170 ita
902 3111 1043 3190 praeclare
1071 3120 1101 3172 te
1129 3112 1271 3172 adversus
1285 3099 1339 3167 illos

258 3218 360 3261 omnes
371 3202 498 3281 gessist,
478 3201 486 3259 i
508 3210 542 3261 ut
554 3202 681 3263 amicitia
694 3211 746 3262 tua
759 3200 952 3263 delectentur.
979 3203 1068 3271 Quod
1076 3213 1123 3263 est
1136 3204 1206 3263 vites
1217 3200 1340 3263 indicium

259 3292 442 3354 laudabiliter
465 3290 708 3373 humaniterque
711 3296 860 3355 institutae.
891 3295 1079 3375 Quanquam
1091 3308 1191 3356 autem
1200 3297 1262 3377 jam
1280 3311 1340 3353 ncu-

261 3384 334 3442 nulli
358 3386 469 3464 probati
491 3397 571 3459 sunt,
583 3398 646 3446 tum
655 3386 710 3466 qui
733 3406 795 3448 non
813 3390 940 3466 quosvis
953 3388 983 3447 in
1004 3386 1160 3475 amicitiam
1175 3385 1341 3468 recipiendos

261 3494 388 3550 sumere,
400 3486 462 3537 tum
477 3478 527 3557 qui
547 3478 661 3537 iisdem
657 3496 806 3557 paruere:
827 3482 907 3559 quod
922 3489 961 3553 et,
982 3480 1007 3539 si
1025 3470 1091 3569 quis
1110 3469 1250 3585 imprqbis
1270 3481 1341 3537 obse·

261 3566 375 3645 quatur,
389 3588 510 3629 neeesse
525 3568 563 3627 sit
576 3567 658 3647 vulgi
675 3570 928 3648 reprehensionem
950 3574 1109 3644 incurrere,
1122 3582 1163 3645 et,
1182 3572 1208 3631 si
1227 3589 1288 3632 eam
1300 3587 1341 3628 ca-

260 3660 398 3720 lumniam
412 3672 555 3731 vereatur,
568 3660 691 3721 odium
682 3680 810 3758 ipsorum
825 3666 961 3725 solatium
970 3663 1191 3753 suscipiendum
1201 3664 1249 3724 sit.
1287 3662 1341 3739 Ego

261 3762 360 3812 maren
381 3764 496 3833 propter
516 3753 604 3813 lroc
596 3773 691 3834 ipsum
714 3764 745 3815 ts
769 3757 864 3836 magis
884 3748 1065 3817 laudandum
1086 3776 1205 3831 censeo,
1217 3756 1342 3835 quicum

261 3843 324 3905 aliis
338 3846 399 3905 fieri
412 3865 472 3905 non
485 3865 571 3925 posse
590 3846 724 3907 rideatur
738 3858 773 3908 ut
786 3850 887 3929 populi
903 3850 1022 3926 judiciis
1036 3851 1175 3929 probetur
1195 3850 1341 3931 quisquan,

190 3930 193 3937 ¹
258 3948 372 3999 tantum
394 3938 460 3999 illos
483 3939 623 4013 excellas,
637 3950 671 3999 ut
691 3940 880 4002 difficultates
899 3953 989 4021 etque
1003 3942 1177 4021 asperitates
1191 3961 1290 4003 ornnes
1301 3958 1342 3999 su·

258 4032 386 4110 pararis:
408 4050 475 4091 nam
489 4050 527 4090 ne
549 4031 743 4111 suspicionem
764 4032 883 4112 quidem
903 4032 940 4091 de
962 4042 991 4093 te
1005 4034 1120 4112 praebes
1142 4034 1228 4112 quasi
1250 4030 1298 4091 ulli
1310 4028 1342 4088 sis

259 4122 430 4182 delictorum
458 4121 566 4193 socius,
592 4132 622 4181 et
646 4122 770 4182 aliorum
797 4123 896 4183 odium
922 4144 1035 4184 morum
1057 4124 1230 4186 dexteritate
1252 4120 1342 4185 riucis·

258 4214 324 4274 Jam
339 4234 406 4275 cunr
421 4214 608 4285 amatoribus,
624 4214 734 4294 siquid
749 4216 787 4275 de
800 4216 846 4275 his
859 4236 975 4296 quoque
990 4216 1151 4278 dicendum
1170 4227 1228 4291 est,
1242 4231 1345 4277 eaesae

260 4305 333 4363 ratio
352 4313 404 4366 tua
417 4318 589 4387 eaque-tum
611 4307 726 4367 bonitas
748 4318 811 4368 tum
828 4310 985 4387 prudentia
1004 4310 1076 4369 mihi
1093 4312 1217 4383 videtur,
1231 4318 1274 4383 ut,
1285 4322 1344 4367 curu

257 4393 386 4473 plerique
399 4418 453 4459 nec
463 4419 531 4460 eum
545 4418 632 4478 quem
654 4398 897 4481 sibi’deleger‘unt
913 4400 1065 4465 moderate
1078 4404 1154 4465 ierre
1165 4411 1286 4483 queunt,
1299 4395 1345 4459 tibi
