2967 4950
395 236 671 353 auvutsus
692 217 960 389 rumori-inum
1095 241 1099 244 “
1173 239 1281 338 ιιιΙ

145 384 334 493 ὀοιιειὶιιιῐιιε
357 441 436 504 erat,
438 438 605 515 propterea
623 434 704 513 quad
718 434 789 495 talia
809 384 977 515 reipublice
994 441 1128 514 tempora
1146 432 1308 504 incide·-

148 530 226 593 rant,
234 532 321 583 utet
332 525 481 585 exercitus
493 526 687 587 Calaurianus
701 539 819 606 propter
833 528 980 607 stipendia
995 548 1056 588 non
1073 527 1170 588 soluta
1176 525 1294 589 dila·

150 612 285 687 beretur,
293 623 324 675 et
338 616 661 695 socii-Peloponnenses
674 638 693 677 a
706 618 939 679 Lacedaemoniis
952 618 1157 679 obsiderentur
1167 618 1258 697 rsjam

150 702 321 788 Iphicrates
335 720 366 783 et
378 712 565 773 Callistratus
579 712 667 772 istum
680 722 713 769 ut
727 721 878 775 auctorem
890 731 991 772 eornm
1001 711 1143 777 malorum
1158 708 1258 774 erimis'
1296 735 1298 738 ·

150 805 313 876 nubantur,
329 804 368 863 ad
382 804 447 864 hoec
461 804 510 883 qui
524 806 562 864 ab
580 806 709 865 exercitu
730 805 888 865 veniebant
901 806 931 864 in
944 806 1115 866 concionem
1136 802 1281 871 nuncia-1,
1310 836 1314 843 ,

150 895 233 955 bant¹
247 906 401 975 urgentem
421 897 582 975 penuriam
605 908 635 957 et
659 898 854 970 difficultates,
869 891 1075 977 partim'etiam
1090 918 1141 977 per
1158 898 1256 959 literas
1323 947 1326 951 Δ

153 987 281 1067 quisque
294 988 509 1049 certior-fiebat
527 1010 545 1049 a
559 988 693 1069 cognatis
712 1000 742 1049 et
762 990 953 1050 familiaribus
967 991 1114 1069 quomodo
1133 990 1257 1050 cumeis

155 1089 313 1157 ageretur:
334 1102 401 1160 quae
416 1082 487 1142 dum
500 1102 552 1143 ros
564 1082 680 1162 publice
692 1082 839 1154 audiretis,
853 1084 1043 1143 recordamini
1055 1104 1115 1162 quo
1129 1093 1217 1163 pacto
1227 1084 1262 1142 in,

153 1192 222 1231 enm
238 1174 336 1234 affecti
347 1176 470 1247 fueritis,
484 1194 540 1236 nec
554 1176 630 1235 enim
644 1175 787 1254 ignoratis
800 1194 836 1235 ea
846 1195 913 1253 quse
921 1176 1106 1235 dico—cum
1115 1176 1204 1253 igitur
1217 1173 1257 1235 ad

147 1264 296 1343 judicium
309 1267 368 1327 huc
381 1278 520 1328 venturus
543 1278 633 1341 esset,
647 1268 676 1325 in
698 1268 835 1327 Calauria
847 1267 927 1327 mille
940 1266 1095 1326 drachmas
1113 1268 1152 1326 ab
1169 1267 1257 1326 Anti-

152 1358 457 1439 phane·Lamprensi,
471 1361 522 1439 qui
544 1354 591 1420 eo'·
600 1359 767 1439 appellabat
783 1370 911 1437 quaestor
928 1358 1054 1437 Philippi
1076 1356 1257 1427 navicularii,

111 1514 112 1517 Ἴ
152 1450 1257 1531 mutuatur,'quasdistribueretinterBoeotiostrierarchos,quoexspecta·

153 1542 318 1601 tenedum
336 1544 481 1619 >judicium
492 1545 542 1605 de
560 1562 597 1603 se
615 1543 726 1603 factum
749 1553 839 1615 esset,
854 1562 939 1613 neve,
956 1541 1076 1602 Boeotiis
1093 1541 1257 1602 triremibus
1313 1532 1318 1546 ¹

154 1635 295 1697 abductis
313 1646 343 1697 et
364 1636 504 1697 militibus
526 1636 605 1715 prius
624 1635 754 1715 dilapsis,
776 1635 830 1695 sihi
844 1655 898 1695 vos
917 1637 1033 1715 grarim
1051 1632 1257 1695 irasceremini.

155 1727 340 1789 Cives'enim
353 1728 432 1788 mala
444 1728 630 1807 perferebant
640 1728 731 1806 eequis
747 1727 863 1798 animis,
874 1738 905 1785 ct
918 1727 1136 1806 perdurabant:
1150 1727 1259 1787 ,Boeoti

155 1822 263 1879 autem'
279 1818 430 1899 negabant
453 1840 485 1879 se
509 1839 672 1890 mansuros,
695 1819 751 1879 nisi
772 1819 940 1897 quotidiana
969 1819 1088 1878 daretur
1111 1819 1259 1879 alimonia.-
1318 1830 1322 1835 '

154 1912 235 1971 Turn
248 1912 465 1992 igiturcoaetus
478 1932 528 1971 eas
539 1912 616 1973 mille
626 1912 783 1972 drachmas
795 1913 832 1971 ab
843 1911 1021 1991 Antiphane,
1029 1912 1079 1990 qui
1093 1912 1261 1991 appellabat
1290 1961 1293 1967 ,

155 2000 291 2083 quaestor
303 1994 430 2084 Philippi
443 2004 621 2076 navicularii,
636 2015 745 2063 mutuo¹
760 2004 856 2073 sumit,
871 2015 903 2063 et
921 2003 1034 2062 Boeotio
1051 2006 1170 2062 narium
1190 2005 1261 2064 duci
1315 2002 1320 2008 ’

154 2096 242 2155 dat...
260 2097 305 2155 ‚Ut
327 2106 424 2157 autem
447 2096 513 2156 hue.
527 2106 727 2167 venerantem
740 2096 893 2175 Philippus
911 2114 1000 2175 quam
1013 2093 1260 2173 Antiphanes‘eas

154 2188 241 2247 mille
253 2188 419 2261 drachmas,
436 2208 510 2267 quas
525 2189 555 2257 ei¹
565 2198 732 2248 mutuarent
745 2188 775 2247 iu
789 2188 935 2261 Calauria,
953 2189 990 2247 ah
1004 2188 1260 2266 compescebant,
1323 2207 1326 2214 ¹

76 2348 86 2363 .
155 2290 277 2339 moram¹³
294 2298 371 2360 aegre
391 2282 528 2339 ferentes.
571 2279 632 2339 Iste
645 2299 714 2339 vero
727 2269 860 2343 inimices
879 2295 948 2340 suos
962 2288 1107 2353 metuens,
1120 2280 1158 2339 ne
1171 2280 1260 2339 resci-

155 2383 376 2451 romanusquae
387 2373 465 2433 mille
479 2372 631 2433 drachmas
643 2374 672 2431 in
683 2372 842 2435 referendis
856 2373 1015 2432 rationibus
1029 2374 1067 2433 de
1079 2373 1195 2433 militari
1207 2392 1260 2453 pe·

155 2464 247 2524 cunia
273 2465 394 2524 Boeotiis
419 2459 543 2526 navibus
569 2465 869 2544 expensas‘tulisset,
891 2465 1060 2546 Philippum
1087 2464 1261 2527 creditorem
1304 2516 1308 2520 .

155 2558 300 2629 fraudari,
315 2556 400 2616 simul
419 2555 507 2619 etiam
525 2557 693 2637 Philippum
713 2559 833 2630 veritus,
847 2578 886 2618 ne
900 2559 929 2618 in
951 2578 982 2618 sc
1001 2559 1196 2618 testimonium
1215 2559 1259 2619 di·

156 2660 242 2710 neret
253 2648 416 2728 injudicio,
437 2660 556 2736 patrem
570 2649 756 2722 meumadit,
771 2660 806 2710 ut
816 2650 984 2731 Philippum
998 2651 1133 2711 absolvat
1147 2650 1259 2730 'sibique

156 2741 226 2800 illas
241 2741 319 2800 mille
333 2727 488 2802 drachmas
498 2752 647 2802 mutuetur
656 2752 720 2804 orat
722 2759 818 2821 ‚quas
833 2743 969 2822 Philippo
983 2742 1129 2803 redderet.
1160 2743 1260 2804 Pater
1283 2812 1284 2815 Ἴ

157 2853 245 2892 meus
262 2853 330 2920 eum
344 2833 458 2893 videret
471 2843 501 2893 et
514 2844 625 2913 quanto
637 2834 668 2893 in
680 2834 846 2895 discrimine
857 2842 1027 2896 versaretur
1036 2836 1094 2895 iste
1108 2845 1138 2896 et
1150 2847 1260 2913 quanta

157 2926 300 3014 pecunia
306 2925 461 2997 laboraret,
475 2925 562 2985 simul
576 2927 663 2986 etiam
685 2927 821 2986 misertus
834 2927 909 3004 ejus,
929 2927 1058 2987 adducto
1072 2924 1108 2985 eo
1121 2926 1168 2986 ad
1176 2947 1259 2986 men·

157 3036 234 3088 sam,
246 3005 451 3078 Phormionem
466 3039 516 3096 qur
508 3018 568 3078 ad
581 3037 712 3078 mensam
727 3018 938 3078 sedebatmille
952 3014 1108 3079 drachmas
1123 3017 1260 3110 Philippo

158 3128 314 3169 numerare
323 3110 425 3188 Jnssrt
434 3121 464 3168 et
481 3109 641 3169 debitorem
652 3109 837 3168 Timotheum
849 3109 1019 3170 inscribere
1276 3112 1279 3116 ’

201 3205 232 3260 4.
246 3203 330 3262 Hac
345 3221 425 3262 vere
437 3221 521 3262 ame
544 3202 617 3260 dici
625 3212 659 3260 ut
680 3210 808 3274 constet,
828 3201 1034 3261 Phormionem
1047 3201 1130 3262 vobis
1153 3211 1259 3262 testem

157 3295 210 3376 qui
234 3291 388 3374 pecuniam
403 3293 486 3354 dedit
499 3283 655 3367 adducam,
667 3293 720 3353 'ubi
734 3303 765 3352 et
779 3293 817 3354 de
830 3293 890 3353 allo
904 3303 1056 3362 contractu
1070 3294 1151 3354 vobis
1165 3294 1260 3354 disse·

70 3395 78 3412 '
158 3401 305 3461 ruerant
324 3387 428 3447 eodem
441 3387 619 3458 testimonio,
638 3385 774 3445 universo
798 3404 856 3444 aare
877 3382 978 3446 alieuo'
994 3384 1123 3464 cognito,
1136 3385 1260 3446 videatis

160 3500 208 3541 me
232 3478 412 3558 rereploqui.
454 3479 573 3538 Vocabo
593 3479 677 3538 vobis
697 3476 784 3538 etiam
803 3476 1009 3557 Antiphanem‚
1023 3479 1074 3557 qui
1097 3478 1175 3536 mille
1193 3478 1260 3539 illas

160 3572 316 3646 drachmas
331 3570 583 3631 Calaurianasisti
595 3571 730 3642 eredidit,
744 3570 853 3649 quique
865 3571 946 3630 affuit
966 3589 1034 3629 cum
1048 3569 1198 3648 Philippus
1212 3570 1260 3630 hic

161 3674 504 3744 epatremeonummos
518 3663 670 3742 reciperet.
712 3665 781 3732 Quo
791 3663 1047 3746 miuusenimejus
1060 3663 1259 3722 testimouium

159 3757 241 3836 apud
255 3756 395 3830 arbitrum
418 3755 576 3836 proferrem
603 3755 721 3814 fallacia
733 3756 850 3814 factum.
865 3764 921 3826 est,
939 3754 989 3832 qui
1005 3752 1170 3833 aequoris
1189 3754 1262 3813 mihi

149 3859 302 3928 tempore,
327 3868 403 3926 quo¹
417 3848 454 3907 de
482 3865 582 3928 causa
597 3847 852 3926 pronunciandum
875 3858 966 3917 esset,
986 3845 1181 3905 testimonium
1214 3846 1260 3905 di·

158 3952 277 4002 cturum
297 3939 508 4020 polliceretur..
526 3939 620 4001 ,com
643 3949 742 3998 autom
766 3938 914 4000 arbitrium
938 3937 1028 4010 fieret,
1054 3938 1142 3998 domo
1162 3940 1261 3997 accer-

160 4033 334 4094 sum-non
343 4033 474 4098 ,enimse
489 4030 849 4101 adterat-*testimouium
863 4032 995 4091 deseruit
1007 4042 1041 4091 ut
1053 4024 1101 4093 isti
1115 4032 1261 4112 gratibu-

159 4137 255 4200 returr
272 4187 277 4194 ,
293 4126 361 4205 Ego
375 4126 445 4186 uero
458 4144 526 4185 cum
540 4136 863 4186 numerassemcontra
871 4143 948 4183 eum
957 4125 1091 4185 destituti
1099 4123 1263 4184 'testimonii
1277 4158 1290 4176 =.

158 4221 283 4280 nomine
293 4219 519 4295 drachonemut
531 4217 737 4298 legejubetur,
748 4217 1039 4278 arbitersententiam
1048 4214 1260 4276 damnatoriam
1332 4243 1337 4255 ·

160 4331 221 4372 non
233 4311 309 4390 tulit,
323 4312 379 4372 sed
390 4310 461 4371 abiit
473 4310 609 4369 absoluto
622 4308 690 4382 isto,
704 4327 771 4368 curm
782 4309 845 4388 jatn
860 4309 982 4387 vespera
994 4318 1081 4366 esset.
1123 4302 1210 4370 Nuria
1230 4305 1261 4364 in
1334 4306 1336 4309 ’

159 4405 358 4486 Autiphenam
383 4403 444 4463 dati
468 4402 567 4465 damni
586 4401 763 4482 peculiarem
787 4400 930 4459 actionem
955 4398 1079 4477 institui,
1091 4397 1172 4478 quod
1191 4396 1262 4456 mrbi

689 4497 739 4552 is
773 4538 783 4552 ,ι
