2967 4950
242 375 303 435 roo
380 333 645 432 ixrnvnneos
670 366 861 463 nmoruu
889 326 1153 430 nn‘rrournn.

519 658 778 744 nusonrrrro.
804 659 1067 721 nccosrrro.

285 802 332 861 15.
353 801 443 870 Quod
458 802 482 861 si
495 802 553 862 iste
566 802 661 881 legem
681 800 840 861 ostendere
854 801 969 881 poterit,
980 820 1049 879 quae
1069 799 1142 869 filiis,
1152 818 1271 860 suorum
1290 819 1344 859 no·

241 894 353 971 minum
367 902 545 972 potestatem
565 894 627 964 dat,
643 893 673 952 id
697 892 777 971 quod
799 893 860 953 iste·
874 912 954 955 nuno
975 892 1057 967 dicit,
1071 901 1151 953 recte
1170 893 1345 971 comprobe-

240 987 319 1046 bitie.
359 985 411 1044 Sin
425 985 485 1061 lex,
498 1002 586 1063 quum
600 1002 702 1043 omnes
718 984 811 1043 nostis
827 1002 913 1063 neque
934 1002 1061 1056 mecum,
1076 984 1106 1042 in
1132 993 1269 1069 parentes
1290 1002 1346 1042 nn-

241 1078 406 1159 otorit'atem
416 1076 540 1135 ¹confert
552 1093 611 1155 non
621 1074 712 1135 modo
725 1074 895 1155 imponendi
908 1074 1044 1148 nominis,
1059 1074 1155 1136 redet
1168 1096 1268 1137 rursus
1291 1077 1346 1136 de·

200 1187 203 1192 ⁴
240 1170 332 1243 lendi,
345 1169 370 1229 ii
382 1167 537 1249 voluerint,
557 1180 588 1226 et
611 1166 769 1227 abdicandi
775 1188 783 1236 ;
807 1186 923 1247 egoque
937 1166 1054 1226 ostendi
1067 1174 1192 1246 patrem,
1208 1168 1255 1228 eui
1276 1158 1344 1247 lege

239 1270 373 1343 potestus
387 1280 424 1320 ea
435 1260 570 1330 debetur,
585 1258 633 1318 isti
647 1259 835 1331 Boeoti,·mihi
849 1278 917 1319 vero
932 1258 1093 1319 Mantithei
1105 1259 1210 1320 fecisse
1224 1278 1344 1332 nomen,

240 1354 291 1432 qui
303 1371 354 1413 vor
366 1352 491 1431 potestis
509 1351 577 1425 ulia,
591 1366 678 1429 quam
689 1370 757 1429 quoe
769 1370 825 1430 ego
844 1350 920 1425 dioo,
938 1351 1156 1430 pronunciare?
1186 1352 1346 1434 ‚Praeteree

241 1442 366 1525 quarum
379 1443 581 1527 rerum-nullon
595 1451 710 1503 exstent
723 1442 814 1523 leges,
830 1442 868 1503 de
881 1443 916 1503 iis
929 1462 981 1504 voe
995 1464 1031 1503 ex
1045 1464 1131 1523 aequo
1145 1454 1177 1505 et
1187 1444 1266 1505 bono
1281 1445 1343 1505 suf·

240 1538 345 1616 fragia.
357 1536 468 1597 laturos
481 1536 614 1611 jurastis.
656 1534 795 1619 Proinde,
808 1534 834 1595 ei
847 1534 929 1595 nulla
945 1544 1024 1595 esset
1040 1535 1098 1597 hac
1112 1524 1195 1597 dere
1208 1537 1269 1597 iate
1281 1537 1341 1609 lex,

240 1630 405 1689 etiamtum
417 1628 484 1707 jure
496 1646 551 1707 pro
564 1646 612 1687 me
626 1621 803 1687 sententiam
813 1626 936 1688 ferretis.
969 1627 1043 1696 Quis
1054 1629 1130 1689 enim
1144 1638 1274 1689 restrum
1285 1638 1343 1703 est,

241 1720 423 1802 quiyduobus
442 1719 509 1779 filiis
529 1720 606 1780 idem
622 1738 730 1803 nomen
744 1717 936 1799 imposuerit?
966 1719 1040 1788 Quis
1054 1740 1132 1794 vero,
1146 1722 1195 1783 oui
1207 1722 1341 1782 nondum

242 1813 325 1875 liberi
340 1824 417 1888 sunt,
432 1813 586 1893 imponet?
612 1815 709 1875 Nemo
722 1815 865 1893 profecto.
909 1812 998 1882 Quod
1020 1814 1108 1894 igitur
1127 1815 1207 1895 apud
1220 1834 1275 1875 voe
1288 1836 1340 1876 re-

243 1908 310 1967 stri·
322 1907 419 1988 liberie
432 1926 499 1989 eree
513 1926 631 1986 aequum
652 1906 791 1981 statuitis,
805 1906 883 1991 idern
897 1906 984 1967 etiarn
998 1906 1037 1965 de
1051 1907 1134 1995 nobis
1144 1908 1341 1991 pronunciare

242 1999 330 2060 suerit
345 1999 522 2079 religiosum.
565 2001 675 2069 Quare,
697 2018 734 2059 ex
753 2018 838 2077 aequo
853 2007 884 2059 et
896 1999 986 2073 bono,
1003 2018 1040 2058 ex
1061 1999 1185 2079 legibus,
1200 2014 1217 2059 e
1226 2000 1340 2079 jureju·
1366 2008 1368 2013 '

243 2091 345 2165 nando,
359 2112 395 2152 ex
416 2091 499 2153 istius
519 2092 608 2171 ipeiue
623 2088 817 2164 confessione,
831 2109 887 2170 ego
901 2090 1018 2169 quidem
1036 2110 1122 2169 aequa
1143 2111 1161 2152 a
1179 2092 1262 2152 vobis
1277 2112 1339 2165 oro,

138 2202 144 2213 ’
244 2194 274 2243 et
281 2184 365 2264 juste
376 2192 446 2263 peto
455 2183 534 2244 xiste
549 2202 616 2244 vero
633 2200 692 2243 non
705 2183 802 2245 nolum
816 2202 875 2243 non
889 2200 984 2261 aequa,
1000 2182 1053 2245 sed
1067 2183 1154 2245 etiarn
1168 2182 1319 2244 inusitutu.
