2967 4950
214 351 278 413 sss
301 312 304 318 ’
577 352 662 412 rao
683 348 954 417 rnonmoun.

625 618 892 723 rnsrruoum.
940 644 942 649 ’
998 708 1001 713 ,

212 799 294 879 rege
307 798 475 877 nanque
489 763 607 877 prauos
619 797 669 856 na
681 797 712 855 n
725 797 872 858 cranam
885 799 1049 859 contulerit.

623 966 904 1079 rssruuorun,¹

252 1160 301 1215 20.
317 1155 455 1218 Phormio
468 1156 565 1235 igitar,
576 1156 785 1228 Atheniensem
799 1164 844 1215 tot
854 1162 884 1213 et
896 1154 986 1213 tarrtis
996 1154 1026 1211 in
1041 1154 1172 1232 rempub.
1187 1152 1312 1213 multos·

211 1268 269 1328 que
280 1258 410 1310 vestrum
420 1248 534 1310 collatis
542 1233 702 1319 beneficiis,
711 1247 828 1306 nemine
837 1247 883 1306 vel
894 1241 1009 1324 publica
1021 1246 1070 1305 vel
1083 1244 1216 1324 privatim
1227 1245 1310 1316 laeso,

211 1360 268 1405 nee
287 1341 408 1420 injurius
432 1342 461 1400 in
478 1340 702 1420 Apollodorum,
716 1348 852 1418 precatur
867 1338 1069 1417 supplicatque
1086 1346 1117 1397 et
1131 1338 1263 1417 postulat
1277 1356 1311 1397 ee

139 1426 141 1432 '
210 1434 502 1502 conservaturos
519 1434 583 1513 ejus
605 1433 761 1492 familiares
776 1432 881 1491 eadem
903 1449 1058 1510 precamur
1079 1450 1098 1491 a
1114 1430 1213 1490 vobis:
1236 1430 1312 1489 illud

209 1537 279 1585 tero
292 1525 374 1585 vobis
386 1524 566 1584 audiendum
579 1534 632 1583 est.
673 1526 797 1583 Lectum
812 1534 868 1595 est,
883 1522 1089 1593 Athenienses,
1103 1522 1184 1581 hunc
1198 1532 1311 1582 tantam

208 1618 366 1697 pecaniam
382 1611 594 1697 ¹suppeditasse
616 1617 709 1689 uobis,
732 1624 874 1695 quantam
903 1636 960 1675 nee
987 1616 1059 1694 ipse,
1078 1634 1133 1674 nec
1156 1616 1310 1694 quisquam

210 1710 440 1789 alius'possidet.
482 1711 570 1770 hides
583 1720 682 1770 tamen
694 1709 864 1769 Phormioni
883 1709 962 1789 apud
975 1720 1061 1769 notos
1076 1720 1120 1768 est
1134 1720 1163 1769 et
1177 1718 1312 1773 tanteet

110 1870 113 1873 ⁴
210 1805 304 1864 multo
315 1804 432 1882 majoris
445 1805 589 1884 pecuniae,
600 1823 650 1883 per
663 1822 752 1883 quam
766 1813 797 1863 et
810 1804 872 1882 ipse
884 1802 938 1863 sibi
949 1804 1070 1882 prodest
1084 1813 1114 1863 et
1122 1804 1215 1864 vobis.
1234 1805 1311 1873 Quae

208 1915 247 1955 ne
260 1897 555 1978 projeceritis‚·neque
566 1898 604 1955 ab
618 1896 733 1975 impuro
747 1894 803 1953 isto
814 1894 933 1955 homine
942 1894 1032 1954 everti
1045 1895 1205 1973 patiamini,
1214 1916 1311 1975 neque
1361 1924 1362 1927 ¹
1474 1888 1477 1915 '¹

208 1989 291 2048 ioedo
314 1990 450 2069 exemplo
468 1991 593 2062 sancite,
607 1989 694 2049 licere
713 1984 915 2067 petulantibus
932 1988 1098 2047 hominibus
1120 1997 1151 2048 et
1168 1989 1313 2047 calumnis

209 2080 338 2140 atorrhns
353 2101 539 2160 opeseorum
553 2081 604 2159 qui
626 2100 687 2139 rem
701 2080 814 2140 faciunt
827 2090 858 2139 et
876 2080 1027 2140 moderate
1042 2078 1132 2139 vitam
1153 2081 1311 2141 instituunt

180 2162 184 2170 ¹
209 2173 324 2233 anobis
337 2173 502 2253 impetrare.
545 2173 647 2251 Longe
667 2173 746 2231 enim
766 2182 888 2250 praestat
908 2172 1052 2251 vobisque
1073 2172 1174 2231 utilius
1190 2182 1237 2231 est
1258 2192 1310 2231 eas

207 2284 301 2343 penes
321 2264 403 2323 hunc
421 2283 498 2324 esse.
540 2264 752 2323 Videtiseni'm
766 2263 822 2343 ipsi
843 2274 874 2323 et
893 2264 1001 2323 auditis
1014 2284 1032 2323 e
1044 2263 1178 2334 testibus,
1194 2262 1311 2342 qualern

209 2376 241 2417 se
256 2378 327 2437 erga
345 2357 492 2435 supplices
505 2356 650 2436 praebenti
673 2368 796 2434 quorum
817 2354 890 2415 nihil
905 2354 1051 2436 augendae
1064 2357 1199 2435 pecuniae
1212 2356 1311 2415 studio
1326 2372 1327 2375 ’

208 2449 287 2522 lecit,
301 2451 354 2511 sed
367 2448 549 2509 humanitate
563 2458 594 2508 et
605 2449 694 2509 enimi
708 2448 858 2509 facilitate.
1346 2527 1349 2530 Ι

249 2546 300 2602 tl.
322 2543 390 2601 Non
405 2542 492 2602 decet
502 2542 600 2620 igitur,
613 2542 819 2614 Athenienses,
830 2541 919 2600 talem
931 2541 1023 2599 virum
1042 2539 1090 2600 isti
1107 2540 1216 2620 praedae
1231 2559 1309 2611 esse,

209 2654 245 2696 ae
257 2645 321 2694 turn
334 2635 452 2692 demum
466 2653 520 2693 ros
531 2635 595 2712 ejus
607 2633 736 2709 misereri
750 2651 817 2691 curn
831 2651 867 2691 ea
880 2632 1077 2692 misericordia
1090 2632 1161 2690 nihil
1177 2632 1205 2691 ei
1220 2633 1309 2711 prod·
1383 2669 1389 2676 -

108 2790 113 2797 ,
208 2728 273 2797 erit,
296 2747 377 2786 nune
395 2726 568 2785 miseremini
592 2727 661 2785 dum
674 2722 743 2800 'ejus
766 2725 846 2784 salus
861 2726 891 2783 in
905 2735 1003 2785 vestra
1020 2734 1108 2784 manu
1123 2735 1189 2784 est:
1212 2745 1309 2804 neque

208 2820 286 2902 enirn
307 2839 363 2900 ego
381 2819 474 2876 ullum
492 2829 607 2896 tempus
626 2837 691 2876 esse
709 2817 805 2889 video,
822 2837 881 2895 quo
896 2819 962 2896 quis
977 2817 1004 2876 ei
1017 2817 1198 2877 commodius
1213 2817 1309 2896 opitu·

207 2910 293 2972 letor.
335 2913 435 2971 Verba
447 2920 546 2970 autem
559 2911 663 2984 inulta,
675 2909 784 2988 quihus
799 2909 997 2988 Apollodorus
1010 2917 1117 2980 utetur,
1133 2929 1228 2988 nugas
1244 2929 1309 2970 esse

181 2994 183 2999 ¹
209 3005 414 3083 etealnmnias
429 3013 587 3082 putatote3
603 3003 707 3081 jubete·
725 3001 826 3080 potius
839 3019 907 3061 eum
921 3002 1003 3061 vohis
1017 3002 1230 3072 demonstrare,
1246 3013 1308 3075 aut,

208 3116 269 3157 non
292 3097 333 3157 ita
346 3096 503 3156 mandasse
519 3106 630 3175 patrem
645 3094 718 3174 ejus,
738 3103 799 3165 sut,
814 3113 880 3153 esse
900 3094 986 3153 aliam
1001 3094 1167 3173 quempiam
1185 3094 1308 3154 locatio-

208 3207 276 3249 nem
297 3199 404 3268 practer
425 3206 492 3246 eam
509 3205 597 3265 quarn
622 3194 676 3244 no's
700 3180 893 3254 ostendimur,
908 3194 969 3256 aut,
991 3205 1023 3244 se
1047 3205 1107 3244 nou
1130 3186 1308 3264 transegisse

208 3279 356 3359 subducta
369 3280 480 3338 ratione
490 3277 588 3339 omnia
598 3277 651 3337 illa
663 3277 787 3338 erimina
802 3297 869 3355 quse
880 3277 1018 3356 cognorit
1031 3287 1062 3336 et
1075 3291 1160 3336 socer
1171 3287 1201 3336 et
1213 3279 1309 3337 affinis

208 3374 273 3452 ejus
293 3373 351 3432 isto
364 3371 431 3450 ipso
444 3372 636 3442 eoncedente,
658 3380 720 3441 ant,
734 3371 825 3430 licere
843 3359 957 3449 legibus
967 3389 1017 3430 res
1032 3371 1116 3431 itaet
1130 3380 1211 3430 actas
1225 3391 1310 3435 reso-

208 3471 279 3540 care
289 3465 320 3523 in
328 3463 483 3543 judicium,
494 3462 554 3521 tale
567 3462 656 3545 igitur
666 3461 777 3540 aliquid
791 3463 944 3522 ostendat:
967 3481 1116 3540 quaecum
1130 3479 1189 3521 uon
1201 3483 1309 3542 cappe·

207 3561 282 3629 te'nt,
297 3556 323 3616 si
335 3555 456 3615 crimina
469 3564 501 3613 et
513 3553 672 3614 maledicta
690 3554 804 3633 ingeret
821 3564 851 3613 et
871 3553 1120 3632 tergiversatum,
1130 3575 1169 3614 ne
1178 3555 1205 3614 ei
1220 3575 1310 3634 paru·

209 3639 300 3719 eritis}
313 3663 410 3728 neque
430 3665 485 3706 vos
503 3646 616 3721 clamor
634 3648 698 3723 ejus
716 3657 748 3706 et
770 3646 951 3726 impudentia
970 3645 1107 3726 decipiat,
1132 3648 1186 3706 sed
1206 3659 1309 3709 cavete

109 3803 112 3811 k
208 3759 303 3818 eaque
321 3737 509 3798 memineritis
529 3755 634 3820 quaec
649 3738 734 3797 nobis
754 3738 916 3808 audivistis.
958 3740 1033 3804 Quae
1048 3738 1073 3798 si
1087 3738 1225 3813 feceritis,
1240 3761 1309 3810 eum

208 3831 306 3892 officio
329 3820 527 3910 religiosorum
543 3830 679 3909 judicum
699 3830 875 3908 fungamini,
889 3840 951 3890 tum
968 3831 1048 3890 huuc
1066 3836 1132 3906 jure
1153 3849 1309 3892 conserva·

136 3973 165 3984 .,
208 3923 287 3994 bitis,
311 3923 433 4002 dignum
454 3922 665 3995 incolumitate,
691 3923 798 3997 Jovem
822 3923 965 4002 optimum
987 3923 1145 3995 maximum
1167 3933 1258 3984 testor
1279 3933 1311 3984 et

210 4017 454 4079 deos‘universos
501 4016 584 4094 Cape
598 4016 703 4094 legem,
715 4024 746 4074 et
760 4013 927 4073 testimonia
940 4013 1017 4087 haec,
1031 4013 1132 4094 eisque
1146 4015 1247 4078 recita.

537 4175 647 4278 'nnn
669 4173 671 4176 Α
691 4179 958 4278 rasunronm.
989 4181 991 4184 ’

210 4371 318 4433 Nescio
331 4372 418 4450 plura
439 4372 535 4432 dicere
554 4391 691 4452 quorsum
712 4359 855 4432 attineat:
877 4383 950 4452 puto
965 4373 1043 4433 enim
1061 4393 1114 4435 vos
1138 4373 1211 4433 nihil
1225 4373 1310 4452 igno*

209 4483 273 4526 rare
287 4484 388 4527 eorum
401 4485 467 4544 que
481 4465 616 4530 diximus
660 4462 762 4528 Exime
777 4485 891 4544 aquam.
964 4525 966 4528 .
