<?xml version="1.0" encoding="UTF-8"?>
<!DOCTYPE html PUBLIC "-//W3C//DTD XHTML 1.0 Transitional//EN"
    "http://www.w3.org/TR/xhtml1/DTD/xhtml1-transitional.dtd">
<html xmlns="http://www.w3.org/1999/xhtml" xml:lang="en" lang="en">
 <head>
  <title>
</title>
<meta http-equiv="Content-Type" content="text/html;charset=utf-8" />
  <meta name='ocr-system' content='tesseract 3.04.00' />
  <meta name='ocr-capabilities' content='ocr_page ocr_carea ocr_par ocr_line ocrx_word'/>
</head>
<body>
  <div class='ocr_page' id='page_1' title='image "./demosthenisetsc06ulpigoog_0327.png"; bbox 0 0 2967 4950; ppageno 0'>
   <div class='ocr_carea' id='block_1_1' title="bbox 453 327 1240 413">
    <p class='ocr_par' dir='ltr' id='par_1_1' title="bbox 453 327 1240 413">
     <span class='ocr_line' id='line_1_1' title="bbox 453 327 1240 413; baseline 0.02 -16"><span class='ocrx_word' id='word_1_1' title='bbox 453 327 640 402; x_wconf 78' lang='lat' dir='ltr'>suonnrr</span> <span class='ocrx_word' id='word_1_2' title='bbox 662 339 932 410; x_wconf 70' lang='lat' dir='ltr'>commotum.</span> <span class='ocrx_word' id='word_1_3' title='bbox 1182 353 1240 413; x_wconf 80' lang='lat' dir='ltr'>aar</span> 
     </span>
    </p>
   </div>
   <div class='ocr_carea' id='block_1_2' title="bbox 141 485 1244 670">
    <p class='ocr_par' dir='ltr' id='par_1_2' title="bbox 141 485 1244 670">
     <span class='ocr_line' id='line_1_2' title="bbox 143 485 1244 576; baseline 0.023 -25"><span class='ocrx_word' id='word_1_4' title='bbox 143 485 361 556; x_wconf 70' lang='lat' dir='ltr'>tranrsuerm</span> <span class='ocrx_word' id='word_1_5' title='bbox 379 495 503 574; x_wconf 80' lang='lat' dir='ltr'>experiri</span> <span class='ocrx_word' id='word_1_6' title='bbox 516 498 697 576; x_wconf 65' lang='lat' dir='ltr'>neglexistis.</span> <span class='ocrx_word' id='word_1_7' title='bbox 738 502 804 566; x_wconf 80' lang='lat' dir='ltr'>blec</span> <span class='ocrx_word' id='word_1_8' title='bbox 826 504 904 568; x_wconf 85' lang='lat' dir='ltr'>enim</span> <span class='ocrx_word' id='word_1_9' title='bbox 928 503 959 569; x_wconf 86' lang='lat' dir='ltr'>in</span> <span class='ocrx_word' id='word_1_10' title='bbox 978 505 1153 572; x_wconf 68' lang='lat' dir='ltr'>cursuum</span> <span class='ocrx_word' id='word_1_11' title='bbox 1172 525 1244 575; x_wconf 75' lang='lat' dir='ltr'>eou-</span> 
     </span>
     <span class='ocr_line' id='line_1_3' title="bbox 141 576 859 670; baseline 0.014 -24"><span class='ocrx_word' id='word_1_12' title='bbox 141 576 265 659; x_wconf 72' lang='lat' dir='ltr'>tadeo,</span> <span class='ocrx_word' id='word_1_13' title='bbox 278 585 333 647; x_wconf 87' lang='lat' dir='ltr'>sed</span> <span class='ocrx_word' id='word_1_14' title='bbox 347 585 386 646; x_wconf 83' lang='lat' dir='ltr'>de</span> <span class='ocrx_word' id='word_1_15' title='bbox 396 587 486 649; x_wconf 91' lang='lat' dir='ltr'>modo</span> <span class='ocrx_word' id='word_1_16' title='bbox 498 578 696 670; x_wconf 65' lang='lat' dir='ltr'>eggrnnbnu</span> <span class='ocrx_word' id='word_1_17' title='bbox 708 594 859 659; x_wconf 79' lang='lat' dir='ltr'>advertor.</span> 
     </span>
    </p>
   </div>
   <div class='ocr_carea' id='block_1_3' title="bbox 635 747 753 808">
    <p class='ocr_par' dir='ltr' id='par_1_3' title="bbox 635 747 753 808">
     <span class='ocr_line' id='line_1_4' title="bbox 635 747 753 808; baseline -0.017 0"><span class='ocrx_word' id='word_1_18' title='bbox 635 747 753 808; x_wconf 75' lang='lat' dir='ltr'>XLIV.-</span> 
     </span>
    </p>
   </div>
   <div class='ocr_carea' id='block_1_4' title="bbox 117 861 1293 3455">
    <p class='ocr_par' dir='ltr' id='par_1_4' title="bbox 117 861 1293 3455">
     <span class='ocr_line' id='line_1_5' title="bbox 178 861 1241 945; baseline 0.014 -26"><span class='ocrx_word' id='word_1_19' title='bbox 178 861 300 926; x_wconf 81' lang='lat' dir='ltr'>Quanto</span> <span class='ocrx_word' id='word_1_20' title='bbox 322 861 414 940; x_wconf 80' lang='lat' dir='ltr'>legati</span> <span class='ocrx_word' id='word_1_21' title='bbox 439 863 537 924; x_wconf 82' lang='lat' dir='ltr'>studio</span> <span class='ocrx_word' id='word_1_22' title='bbox 555 863 704 928; x_wconf 82' lang='lat' dir='ltr'>civitatem</span> <span class='ocrx_word' id='word_1_23' title='bbox 728 876 859 930; x_wconf 80' lang='lat' dir='ltr'>nosuam</span> <span class='ocrx_word' id='word_1_24' title='bbox 878 869 1055 945; x_wconf 71' lang='lat' dir='ltr'>accusarint,</span> <span class='ocrx_word' id='word_1_25' title='bbox 1070 888 1172 934; x_wconf 84' lang='lat' dir='ltr'>omues</span> <span class='ocrx_word' id='word_1_26' title='bbox 1197 874 1241 934; x_wconf 80' lang='lat' dir='ltr'>ri·</span> 
     </span>
     <span class='ocr_line' id='line_1_6' title="bbox 137 953 1240 1042; baseline 0.015 -29"><span class='ocrx_word' id='word_1_27' title='bbox 137 953 234 1026; x_wconf 82' lang='lat' dir='ltr'>dirtis,</span> <span class='ocrx_word' id='word_1_28' title='bbox 260 955 465 1018; x_wconf 71' lang='lat' dir='ltr'>Athenienses.</span> <span class='ocrx_word' id='word_1_29' title='bbox 521 957 589 1018; x_wconf 82' lang='lat' dir='ltr'>Une</span> <span class='ocrx_word' id='word_1_30' title='bbox 611 958 689 1020; x_wconf 83' lang='lat' dir='ltr'>enim</span> <span class='ocrx_word' id='word_1_31' title='bbox 712 979 746 1022; x_wconf 83' lang='lat' dir='ltr'>re</span> <span class='ocrx_word' id='word_1_32' title='bbox 766 970 891 1041; x_wconf 83' lang='lat' dir='ltr'>excepta</span> <span class='ocrx_word' id='word_1_33' title='bbox 910 963 1011 1027; x_wconf 83' lang='lat' dir='ltr'>nescio</span> <span class='ocrx_word' id='word_1_34' title='bbox 1037 982 1107 1042; x_wconf 84' lang='lat' dir='ltr'>qua,</span> <span class='ocrx_word' id='word_1_35' title='bbox 1131 974 1240 1029; x_wconf 74' lang='lat' dir='ltr'>cetera</span> 
     </span>
     <span class='ocr_line' id='line_1_7' title="bbox 137 1047 1240 1130; baseline 0.012 -23"><span class='ocrx_word' id='word_1_36' title='bbox 137 1047 275 1114; x_wconf 71' lang='lat' dir='ltr'>eminis</span> <span class='ocrx_word' id='word_1_37' title='bbox 287 1067 344 1109; x_wconf 81' lang='lat' dir='ltr'>ros</span> <span class='ocrx_word' id='word_1_38' title='bbox 355 1067 516 1130; x_wconf 71' lang='lat' dir='ltr'>congerere</span> <span class='ocrx_word' id='word_1_39' title='bbox 536 1059 608 1114; x_wconf 83' lang='lat' dir='ltr'>runt</span> <span class='ocrx_word' id='word_1_40' title='bbox 625 1051 733 1116; x_wconf 82' lang='lat' dir='ltr'>conati.</span> <span class='ocrx_word' id='word_1_41' title='bbox 777 1054 827 1114; x_wconf 82' lang='lat' dir='ltr'>Ac</span> <span class='ocrx_word' id='word_1_42' title='bbox 850 1054 884 1118; x_wconf 88' lang='lat' dir='ltr'>si.</span> <span class='ocrx_word' id='word_1_43' title='bbox 898 1054 1116 1119; x_wconf 66' lang='lat' dir='ltr'><strong>criminationes</strong></span> <span class='ocrx_word' id='word_1_44' title='bbox 1134 1077 1240 1120; x_wconf 89' lang='lat' dir='ltr'>eorum</span> 
     </span>
     <span class='ocr_line' id='line_1_8' title="bbox 136 1141 1236 1230; baseline 0.011 -32"><span class='ocrx_word' id='word_1_45' title='bbox 136 1157 217 1200; x_wconf 75' lang='lat' dir='ltr'>verce</span> <span class='ocrx_word' id='word_1_46' title='bbox 229 1150 340 1218; x_wconf 88' lang='lat' dir='ltr'>essent,</span> <span class='ocrx_word' id='word_1_47' title='bbox 352 1141 476 1220; x_wconf 76' lang='lat' dir='ltr'>gratiam</span> <span class='ocrx_word' id='word_1_48' title='bbox 484 1141 540 1202; x_wconf 86' lang='lat' dir='ltr'>illis</span> <span class='ocrx_word' id='word_1_49' title='bbox 545 1143 612 1224; x_wconf 86' lang='lat' dir='ltr'>jure</span> <span class='ocrx_word' id='word_1_50' title='bbox 625 1143 784 1219; x_wconf 84' lang='lat' dir='ltr'>haberetis,</span> <span class='ocrx_word' id='word_1_51' title='bbox 792 1146 873 1225; x_wconf 92' lang='lat' dir='ltr'>quod</span> <span class='ocrx_word' id='word_1_52' title='bbox 882 1166 935 1207; x_wconf 85' lang='lat' dir='ltr'>ros</span> <span class='ocrx_word' id='word_1_53' title='bbox 950 1147 1030 1226; x_wconf 87' lang='lat' dir='ltr'>apud</span> <span class='ocrx_word' id='word_1_54' title='bbox 1039 1150 1236 1230; x_wconf 84' lang='lat' dir='ltr'>vosmetipsos</span> 
     </span>
     <span class='ocr_line' id='line_1_9' title="bbox 134 1232 1242 1315; baseline 0.011 -22"><span class='ocrx_word' id='word_1_55' title='bbox 134 1232 339 1314; x_wconf 86' lang='lat' dir='ltr'>potiusquam</span> <span class='ocrx_word' id='word_1_56' title='bbox 353 1235 517 1315; x_wconf 83' lang='lat' dir='ltr'>epudulios</span> <span class='ocrx_word' id='word_1_57' title='bbox 537 1235 580 1296; x_wconf 88' lang='lat' dir='ltr'>ita</span> <span class='ocrx_word' id='word_1_58' title='bbox 592 1248 803 1302; x_wconf 69' lang='lat' dir='ltr'><strong>accusassent:</strong></span> <span class='ocrx_word' id='word_1_59' title='bbox 824 1241 876 1300; x_wconf 83' lang='lat' dir='ltr'>sed</span> <span class='ocrx_word' id='word_1_60' title='bbox 891 1259 960 1300; x_wconf 91' lang='lat' dir='ltr'>cum</span> <span class='ocrx_word' id='word_1_61' title='bbox 975 1241 1018 1302; x_wconf 89' lang='lat' dir='ltr'>sie</span> <span class='ocrx_word' id='word_1_62' title='bbox 1032 1241 1162 1304; x_wconf 88' lang='lat' dir='ltr'>oratione</span> <span class='ocrx_word' id='word_1_63' title='bbox 1184 1245 1242 1305; x_wconf 90' lang='lat' dir='ltr'>sint</span> 
     </span>
     <span class='ocr_line' id='line_1_10' title="bbox 135 1329 1239 1413; baseline 0.011 -26"><span class='ocrx_word' id='word_1_64' title='bbox 135 1329 182 1388; x_wconf 89' lang='lat' dir='ltr'>usi</span> <span class='ocrx_word' id='word_1_65' title='bbox 193 1338 226 1389; x_wconf 92' lang='lat' dir='ltr'>ut</span> <span class='ocrx_word' id='word_1_66' title='bbox 237 1330 388 1389; x_wconf 83' lang='lat' dir='ltr'>veritatem</span> <span class='ocrx_word' id='word_1_67' title='bbox 401 1331 603 1410; x_wconf 81' lang='lat' dir='ltr'>perverterint,</span> <span class='ocrx_word' id='word_1_68' title='bbox 616 1349 651 1390; x_wconf 85' lang='lat' dir='ltr'>oc</span> <span class='ocrx_word' id='word_1_69' title='bbox 676 1342 739 1393; x_wconf 87' lang='lat' dir='ltr'>tum</span> <span class='ocrx_word' id='word_1_70' title='bbox 763 1353 799 1397; x_wconf 89' lang='lat' dir='ltr'>ea</span> <span class='ocrx_word' id='word_1_71' title='bbox 819 1344 937 1413; x_wconf 87' lang='lat' dir='ltr'>propter</span> <span class='ocrx_word' id='word_1_72' title='bbox 953 1354 1022 1413; x_wconf 79' lang='lat' dir='ltr'>qum</span> <span class='ocrx_word' id='word_1_73' title='bbox 1038 1335 1142 1396; x_wconf 82' lang='lat' dir='ltr'>leudes</span> <span class='ocrx_word' id='word_1_74' title='bbox 1157 1339 1239 1399; x_wconf 87' lang='lat' dir='ltr'>vobis</span> 
     </span>
     <span class='ocr_line' id='line_1_11' title="bbox 133 1420 1293 1508; baseline 0.009 -28"><span class='ocrx_word' id='word_1_75' title='bbox 133 1420 270 1481; x_wconf 67' lang='lat' dir='ltr'>maxime</span> <span class='ocrx_word' id='word_1_76' title='bbox 287 1421 429 1482; x_wconf 82' lang='lat' dir='ltr'>debentur</span> <span class='ocrx_word' id='word_1_77' title='bbox 442 1423 640 1504; x_wconf 82' lang='lat' dir='ltr'>proeterierint,</span> <span class='ocrx_word' id='word_1_78' title='bbox 653 1433 716 1482; x_wconf 88' lang='lat' dir='ltr'>tum</span> <span class='ocrx_word' id='word_1_79' title='bbox 730 1424 788 1484; x_wconf 89' lang='lat' dir='ltr'>alia</span> <span class='ocrx_word' id='word_1_80' title='bbox 806 1421 927 1486; x_wconf 87' lang='lat' dir='ltr'>crimina</span> <span class='ocrx_word' id='word_1_81' title='bbox 939 1424 1016 1486; x_wconf 80' lang='lat' dir='ltr'>falsa</span> <span class='ocrx_word' id='word_1_82' title='bbox 1033 1447 1159 1508; x_wconf 80' lang='lat' dir='ltr'>quaeque</span> <span class='ocrx_word' id='word_1_83' title='bbox 1178 1449 1245 1492; x_wconf 89' lang='lat' dir='ltr'>non.</span> <span class='ocrx_word' id='word_1_84' title='bbox 1290 1432 1293 1435; x_wconf 83' lang='grc'><strong>’</strong></span> 
     </span>
     <span class='ocr_line' id='line_1_12' title="bbox 133 1513 1238 1602; baseline 0.006 -28"><span class='ocrx_word' id='word_1_85' title='bbox 133 1513 248 1574; x_wconf 82' lang='lat' dir='ltr'>cedunt</span> <span class='ocrx_word' id='word_1_86' title='bbox 266 1513 296 1574; x_wconf 88' lang='lat' dir='ltr'>in</span> <span class='ocrx_word' id='word_1_87' title='bbox 319 1534 371 1574; x_wconf 87' lang='lat' dir='ltr'>ros</span> <span class='ocrx_word' id='word_1_88' title='bbox 392 1515 562 1602; x_wconf 81' lang='lat' dir='ltr'>objecerint,</span> <span class='ocrx_word' id='word_1_89' title='bbox 586 1516 710 1597; x_wconf 83' lang='lat' dir='ltr'><strong>improbi</strong></span> <span class='ocrx_word' id='word_1_90' title='bbox 734 1517 846 1590; x_wconf 87' lang='lat' dir='ltr'>merito,</span> <span class='ocrx_word' id='word_1_91' title='bbox 868 1527 1024 1598; x_wconf 88' lang='lat' dir='ltr'>postquam</span> <span class='ocrx_word' id='word_1_92' title='bbox 1046 1520 1112 1580; x_wconf 74' lang='lat' dir='ltr'>haec</span> <span class='ocrx_word' id='word_1_93' title='bbox 1130 1520 1238 1582; x_wconf 76' lang='lat' dir='ltr'>secisse</span> 
     </span>
     <span class='ocr_line' id='line_1_13' title="bbox 131 1606 1237 1693; baseline 0.006 -27"><span class='ocrx_word' id='word_1_94' title='bbox 131 1606 355 1681; x_wconf 84' lang='lat' dir='ltr'>convincentur,</span> <span class='ocrx_word' id='word_1_95' title='bbox 382 1618 469 1669; x_wconf 89' lang='lat' dir='ltr'>erunt</span> <span class='ocrx_word' id='word_1_96' title='bbox 491 1607 661 1688; x_wconf 75' lang='lat' dir='ltr'>judicandi.</span> <span class='ocrx_word' id='word_1_97' title='bbox 710 1607 790 1668; x_wconf 90' lang='lat' dir='ltr'>Nam</span> <span class='ocrx_word' id='word_1_98' title='bbox 812 1609 837 1668; x_wconf 90' lang='lat' dir='ltr'>si</span> <span class='ocrx_word' id='word_1_99' title='bbox 866 1610 1031 1693; x_wconf 85' lang='lat' dir='ltr'>opinionem</span> <span class='ocrx_word' id='word_1_100' title='bbox 1059 1611 1237 1691; x_wconf 74' lang='lat' dir='ltr'>eloquentia</span> 
     </span>
     <span class='ocr_line' id='line_1_14' title="bbox 131 1696 1238 1784; baseline 0.007 -25"><span class='ocrx_word' id='word_1_101' title='bbox 131 1696 216 1759; x_wconf 86' lang='lat' dir='ltr'>laudi</span> <span class='ocrx_word' id='word_1_102' title='bbox 238 1700 367 1776; x_wconf 71' lang='lat' dir='ltr'>veritatis</span> <span class='ocrx_word' id='word_1_103' title='bbox 394 1709 425 1761; x_wconf 85' lang='lat' dir='ltr'>et</span> <span class='ocrx_word' id='word_1_104' title='bbox 451 1700 642 1762; x_wconf 86' lang='lat' dir='ltr'>humanitatis</span> <span class='ocrx_word' id='word_1_105' title='bbox 666 1701 869 1782; x_wconf 79' lang='lat' dir='ltr'>praetulerunt,</span> <span class='ocrx_word' id='word_1_106' title='bbox 900 1722 938 1763; x_wconf 88' lang='lat' dir='ltr'>ne</span> <span class='ocrx_word' id='word_1_107' title='bbox 961 1702 1019 1782; x_wconf 88' lang='lat' dir='ltr'>ipsi</span> <span class='ocrx_word' id='word_1_108' title='bbox 1042 1703 1172 1784; x_wconf 88' lang='lat' dir='ltr'>quidem,</span> <span class='ocrx_word' id='word_1_109' title='bbox 1203 1717 1238 1767; x_wconf 93' lang='lat' dir='ltr'>ut</span> 
     </span>
     <span class='ocr_line' id='line_1_15' title="bbox 131 1790 1237 1876; baseline 0.008 -25"><span class='ocrx_word' id='word_1_110' title='bbox 131 1801 264 1872; x_wconf 84' lang='lat' dir='ltr'>apparet,</span> <span class='ocrx_word' id='word_1_111' title='bbox 283 1790 322 1853; x_wconf 86' lang='lat' dir='ltr'>de</span> <span class='ocrx_word' id='word_1_112' title='bbox 338 1812 373 1852; x_wconf 89' lang='lat' dir='ltr'>eo</span> <span class='ocrx_word' id='word_1_113' title='bbox 385 1791 521 1853; x_wconf 88' lang='lat' dir='ltr'>laborant</span> <span class='ocrx_word' id='word_1_114' title='bbox 540 1802 575 1853; x_wconf 88' lang='lat' dir='ltr'>ut</span> <span class='ocrx_word' id='word_1_115' title='bbox 595 1792 665 1854; x_wconf 91' lang='lat' dir='ltr'>boui</span> <span class='ocrx_word' id='word_1_116' title='bbox 680 1793 732 1854; x_wconf 90' lang='lat' dir='ltr'>viri</span> <span class='ocrx_word' id='word_1_117' title='bbox 753 1793 928 1855; x_wconf 81' lang='lat' dir='ltr'>habeantur.</span> <span class='ocrx_word' id='word_1_118' title='bbox 971 1792 1101 1858; x_wconf 83' lang='lat' dir='ltr'>Difficile</span> <span class='ocrx_word' id='word_1_119' title='bbox 1114 1807 1162 1858; x_wconf 84' lang='lat' dir='ltr'>ert</span> <span class='ocrx_word' id='word_1_120' title='bbox 1184 1804 1237 1876; x_wconf 88' lang='lat' dir='ltr'>pr&#39;o</span> 
     </span>
     <span class='ocr_line' id='line_1_16' title="bbox 130 1883 1237 1966; baseline 0.007 -23"><span class='ocrx_word' id='word_1_121' title='bbox 130 1884 216 1944; x_wconf 85' lang='lat' dir='ltr'>vobis</span> <span class='ocrx_word' id='word_1_122' title='bbox 234 1883 314 1966; x_wconf 84' lang='lat' dir='ltr'>apud</span> <span class='ocrx_word' id='word_1_123' title='bbox 337 1905 390 1948; x_wconf 86' lang='lat' dir='ltr'>ros</span> <span class='ocrx_word' id='word_1_124' title='bbox 413 1885 559 1948; x_wconf 88' lang='lat' dir='ltr'>dicturum</span> <span class='ocrx_word' id='word_1_125' title='bbox 588 1897 719 1965; x_wconf 78' lang='lat' dir='ltr'>surgere,</span> <span class='ocrx_word' id='word_1_126' title='bbox 747 1883 995 1964; x_wconf 83' lang='lat' dir='ltr'>quemadmodum</span> <span class='ocrx_word' id='word_1_127' title='bbox 1021 1887 1108 1948; x_wconf 76' lang='lat' dir='ltr'>facile</span> <span class='ocrx_word' id='word_1_128' title='bbox 1130 1899 1237 1951; x_wconf 87' lang='lat' dir='ltr'>contra</span> 
     </span>
     <span class='ocr_line' id='line_1_17' title="bbox 130 1977 1236 2059; baseline 0.006 -23"><span class='ocrx_word' id='word_1_129' title='bbox 130 1996 196 2036; x_wconf 86' lang='lat' dir='ltr'>vos.</span> <span class='ocrx_word' id='word_1_130' title='bbox 237 1977 302 2059; x_wconf 80' lang='lat' dir='ltr'>Ego</span> <span class='ocrx_word' id='word_1_131' title='bbox 323 1977 411 2050; x_wconf 89' lang='lat' dir='ltr'>enim,</span> <span class='ocrx_word' id='word_1_132' title='bbox 426 1977 602 2049; x_wconf 88' lang='lat' dir='ltr'>mehercule,</span> <span class='ocrx_word' id='word_1_133' title='bbox 615 1977 718 2038; x_wconf 90' lang='lat' dir='ltr'>&#39;nullos</span> <span class='ocrx_word' id='word_1_134' title='bbox 739 1978 872 2039; x_wconf 89' lang='lat' dir='ltr'>homines</span> <span class='ocrx_word' id='word_1_135' title='bbox 891 1979 974 2052; x_wconf 84' lang='lat' dir='ltr'>ulios,</span> <span class='ocrx_word' id='word_1_136' title='bbox 996 1999 1066 2056; x_wconf 67' lang='lat' dir='ltr'>sera</span> <span class='ocrx_word' id='word_1_137' title='bbox 1088 1999 1143 2040; x_wconf 85' lang='lat' dir='ltr'>sua</span> <span class='ocrx_word' id='word_1_138' title='bbox 1164 1981 1236 2043; x_wconf 88' lang='lat' dir='ltr'>dum</span> 
     </span>
     <span class='ocr_line' id='line_1_18' title="bbox 130 2069 1233 2154; baseline 0.003 -24"><span class='ocrx_word' id='word_1_139' title='bbox 130 2069 327 2131; x_wconf 87' lang='lat' dir='ltr'>admonentur</span> <span class='ocrx_word' id='word_1_140' title='bbox 346 2071 462 2151; x_wconf 89' lang='lat' dir='ltr'>probra,</span> <span class='ocrx_word' id='word_1_141' title='bbox 485 2081 545 2132; x_wconf 84' lang='lat' dir='ltr'>tam</span> <span class='ocrx_word' id='word_1_142' title='bbox 566 2071 659 2150; x_wconf 87' lang='lat' dir='ltr'>eequis</span> <span class='ocrx_word' id='word_1_143' title='bbox 694 2070 797 2130; x_wconf 87' lang='lat' dir='ltr'>animis</span> <span class='ocrx_word' id='word_1_144' title='bbox 824 2070 925 2131; x_wconf 87' lang='lat' dir='ltr'>audire</span> <span class='ocrx_word' id='word_1_145' title='bbox 956 2078 1040 2148; x_wconf 90' lang='lat' dir='ltr'>puto,</span> <span class='ocrx_word' id='word_1_146' title='bbox 1063 2091 1152 2154; x_wconf 86' lang='lat' dir='ltr'>quam</span> <span class='ocrx_word' id='word_1_147' title='bbox 1179 2093 1233 2134; x_wconf 84' lang='lat' dir='ltr'>vos</span> 
     </span>
     <span class='ocr_line' id='line_1_19' title="bbox 130 2160 1232 2244; baseline 0.005 -22"><span class='ocrx_word' id='word_1_148' title='bbox 130 2160 240 2222; x_wconf 84' lang='lat' dir='ltr'>auditis</span> <span class='ocrx_word' id='word_1_149' title='bbox 259 2183 295 2223; x_wconf 85' lang='lat' dir='ltr'>en</span> <span class='ocrx_word' id='word_1_150' title='bbox 309 2162 451 2236; x_wconf 85' lang='lat' dir='ltr'>convicia,</span> <span class='ocrx_word' id='word_1_151' title='bbox 463 2183 530 2243; x_wconf 80' lang='lat' dir='ltr'>quta</span> <span class='ocrx_word' id='word_1_152' title='bbox 542 2161 618 2224; x_wconf 75' lang='lat' dir='ltr'>salso</span> <span class='ocrx_word' id='word_1_153' title='bbox 633 2164 664 2223; x_wconf 89' lang='lat' dir='ltr'>iu</span> <span class='ocrx_word' id='word_1_154' title='bbox 678 2182 730 2226; x_wconf 85' lang='lat' dir='ltr'>vos</span> <span class='ocrx_word' id='word_1_155' title='bbox 744 2161 906 2244; x_wconf 83' lang='lat' dir='ltr'>jaciuntur.</span> <span class='ocrx_word' id='word_1_156' title='bbox 948 2163 1027 2234; x_wconf 88' lang='lat' dir='ltr'>Quin</span> <span class='ocrx_word' id='word_1_157' title='bbox 1050 2163 1124 2226; x_wconf 85' lang='lat' dir='ltr'>istos</span> <span class='ocrx_word' id='word_1_158' title='bbox 1142 2164 1232 2226; x_wconf 81' lang='lat' dir='ltr'>etiam</span> 
     </span>
     <span class='ocr_line' id='line_1_20' title="bbox 128 2255 1233 2337; baseline 0.003 -21"><span class='ocrx_word' id='word_1_159' title='bbox 128 2275 191 2318; x_wconf 92' lang='lat' dir='ltr'>non</span> <span class='ocrx_word' id='word_1_160' title='bbox 205 2256 338 2316; x_wconf 83' lang='lat' dir='ltr'>existimo</span> <span class='ocrx_word' id='word_1_161' title='bbox 352 2265 413 2318; x_wconf 89' lang='lat' dir='ltr'>tam</span> <span class='ocrx_word' id='word_1_162' title='bbox 427 2256 608 2318; x_wconf 86' lang='lat' dir='ltr'>confidenter</span> <span class='ocrx_word' id='word_1_163' title='bbox 620 2255 697 2318; x_wconf 84' lang='lat' dir='ltr'>falsa</span> <span class='ocrx_word' id='word_1_164' title='bbox 708 2256 800 2316; x_wconf 85' lang='lat' dir='ltr'>fuisse</span> <span class='ocrx_word' id='word_1_165' title='bbox 814 2255 956 2330; x_wconf 83' lang='lat' dir='ltr'>dicturos,</span> <span class='ocrx_word' id='word_1_166' title='bbox 975 2255 1031 2316; x_wconf 89' lang='lat' dir='ltr'>nisi</span> <span class='ocrx_word' id='word_1_167' title='bbox 1050 2267 1233 2337; x_wconf 87' lang='lat' dir='ltr'>compertum</span> 
     </span>
     <span class='ocr_line' id='line_1_21' title="bbox 127 2344 1232 2434; baseline 0.001 -24"><span class='ocrx_word' id='word_1_168' title='bbox 127 2344 187 2410; x_wconf 90' lang='lat' dir='ltr'>hoc</span> <span class='ocrx_word' id='word_1_169' title='bbox 206 2348 356 2422; x_wconf 80' lang='lat' dir='ltr'>haberent,</span> <span class='ocrx_word' id='word_1_170' title='bbox 369 2367 404 2409; x_wconf 89' lang='lat' dir='ltr'>ac</span> <span class='ocrx_word' id='word_1_171' title='bbox 417 2348 603 2430; x_wconf 88' lang='lat' dir='ltr'>perspicuum</span> <span class='ocrx_word' id='word_1_172' title='bbox 615 2358 769 2434; x_wconf 27' lang='lat' dir='ltr'>esset,&#39;vqs</span> <span class='ocrx_word' id='word_1_173' title='bbox 791 2350 922 2410; x_wconf 91' lang='lat' dir='ltr'>omnium</span> <span class='ocrx_word' id='word_1_174' title='bbox 941 2367 1008 2408; x_wconf 86' lang='lat' dir='ltr'>esse</span> <span class='ocrx_word' id='word_1_175' title='bbox 1028 2349 1232 2428; x_wconf 84' lang='lat' dir='ltr'>paratissimos</span> 
     </span>
     <span class='ocr_line' id='line_1_22' title="bbox 126 2439 1227 2524; baseline -0.002 -19"><span class='ocrx_word' id='word_1_176' title='bbox 126 2441 168 2505; x_wconf 83' lang='lat' dir='ltr'>ad</span> <span class='ocrx_word' id='word_1_177' title='bbox 187 2439 220 2502; x_wconf 93' lang='lat' dir='ltr'>id</span> <span class='ocrx_word' id='word_1_178' title='bbox 242 2441 432 2513; x_wconf 89' lang='lat' dir='ltr'>audiendum,</span> <span class='ocrx_word' id='word_1_179' title='bbox 447 2441 527 2524; x_wconf 92' lang='lat' dir='ltr'>quod</span> <span class='ocrx_word' id='word_1_180' title='bbox 550 2439 644 2521; x_wconf 84' lang='lat' dir='ltr'>quiris</span> <span class='ocrx_word' id='word_1_181' title='bbox 666 2441 696 2501; x_wconf 90' lang='lat' dir='ltr'>iu</span> <span class='ocrx_word' id='word_1_182' title='bbox 710 2458 761 2501; x_wconf 82' lang='lat' dir='ltr'>vos</span> <span class='ocrx_word' id='word_1_183' title='bbox 779 2440 895 2503; x_wconf 85' lang='lat' dir='ltr'>dixerit.</span> <span class='ocrx_word' id='word_1_184' title='bbox 934 2441 1024 2516; x_wconf 77' lang='lat' dir='ltr'>Quod</span> <span class='ocrx_word' id='word_1_185' title='bbox 1040 2440 1227 2503; x_wconf 82' lang='lat' dir='ltr'>silacilitatis</span> 
     </span>
     <span class='ocr_line' id='line_1_23' title="bbox 126 2522 1230 2616; baseline 0 -20"><span class='ocrx_word' id='word_1_186' title='bbox 126 2522 217 2615; x_wconf 73' lang='lat' dir='ltr'>&#39;huju</span> <span class='ocrx_word' id='word_1_187' title='bbox 230 2555 327 2616; x_wconf 80' lang='lat' dir='ltr'>poenae</span> <span class='ocrx_word' id='word_1_188' title='bbox 346 2534 454 2598; x_wconf 66' lang='lat' dir='ltr'>danda</span> <span class='ocrx_word' id='word_1_189' title='bbox 478 2545 558 2610; x_wconf 87' lang='lat' dir='ltr'>sunt,</span> <span class='ocrx_word' id='word_1_190' title='bbox 577 2554 639 2596; x_wconf 91' lang='lat' dir='ltr'>non</span> <span class='ocrx_word' id='word_1_191' title='bbox 660 2532 725 2594; x_wconf 80' lang='lat' dir='ltr'>aliae</span> <span class='ocrx_word' id='word_1_192' title='bbox 747 2534 856 2595; x_wconf 85' lang='lat' dir='ltr'>lirerint</span> <span class='ocrx_word' id='word_1_193' title='bbox 868 2554 957 2614; x_wconf 84' lang='lat' dir='ltr'>quam</span> <span class='ocrx_word' id='word_1_194' title='bbox 974 2544 1008 2594; x_wconf 93' lang='lat' dir='ltr'>ut</span> <span class='ocrx_word' id='word_1_195' title='bbox 1027 2534 1149 2595; x_wconf 86' lang='lat' dir='ltr'>crimina</span> <span class='ocrx_word' id='word_1_196' title='bbox 1161 2553 1230 2614; x_wconf 78' lang='lat' dir='ltr'>quae</span> 
     </span>
     <span class='ocr_line' id='line_1_24' title="bbox 124 2627 1230 2702; baseline -0.002 -9"><span class='ocrx_word' id='word_1_197' title='bbox 124 2650 189 2693; x_wconf 86' lang='lat' dir='ltr'>non</span> <span class='ocrx_word' id='word_1_198' title='bbox 210 2629 321 2691; x_wconf 89' lang='lat' dir='ltr'>cadunt</span> <span class='ocrx_word' id='word_1_199' title='bbox 340 2629 372 2689; x_wconf 90' lang='lat' dir='ltr'>in</span> <span class='ocrx_word' id='word_1_200' title='bbox 390 2638 520 2690; x_wconf 84' lang='lat' dir='ltr'>nostram</span> <span class='ocrx_word' id='word_1_201' title='bbox 544 2627 692 2690; x_wconf 86' lang='lat' dir='ltr'>civitatem</span> <span class='ocrx_word' id='word_1_202' title='bbox 713 2627 850 2689; x_wconf 85' lang='lat' dir='ltr'>audiatis.</span> <span class='ocrx_word' id='word_1_203' title='bbox 892 2628 945 2688; x_wconf 91' lang='lat' dir='ltr'>Sin</span> <span class='ocrx_word' id='word_1_204' title='bbox 966 2628 1106 2702; x_wconf 75' lang='lat' dir='ltr'>veritatis,</span> <span class='ocrx_word' id='word_1_205' title='bbox 1125 2638 1161 2689; x_wconf 90' lang='lat' dir='ltr'>ut</span> <span class='ocrx_word' id='word_1_206' title='bbox 1181 2639 1230 2691; x_wconf 83' lang='lat' dir='ltr'>est</span> 
     </span>
     <span class='ocr_line' id='line_1_25' title="bbox 123 2720 1230 2805; baseline -0.004 -20"><span class='ocrx_word' id='word_1_207' title='bbox 123 2744 255 2805; x_wconf 78' lang='lat' dir='ltr'>acquum,</span> <span class='ocrx_word' id='word_1_208' title='bbox 268 2724 455 2804; x_wconf 85' lang='lat' dir='ltr'>suscipienda</span> <span class='ocrx_word' id='word_1_209' title='bbox 477 2735 524 2785; x_wconf 85' lang='lat' dir='ltr'>est</span> <span class='ocrx_word' id='word_1_210' title='bbox 543 2722 686 2796; x_wconf 81' lang='lat' dir='ltr'>defensio,</span> <span class='ocrx_word' id='word_1_211' title='bbox 699 2740 765 2786; x_wconf 83' lang='lat' dir='ltr'>eam</span> <span class='ocrx_word' id='word_1_212' title='bbox 782 2723 821 2783; x_wconf 92' lang='lat' dir='ltr'>ob</span> <span class='ocrx_word' id='word_1_213' title='bbox 835 2740 955 2785; x_wconf 88' lang='lat' dir='ltr'>causam</span> <span class='ocrx_word' id='word_1_214' title='bbox 966 2720 1027 2782; x_wconf 87' lang='lat' dir='ltr'>huc</span> <span class='ocrx_word' id='word_1_215' title='bbox 1047 2742 1105 2802; x_wconf 81' lang='lat' dir='ltr'>ego</span> <span class='ocrx_word' id='word_1_216' title='bbox 1123 2722 1230 2802; x_wconf 85' lang='lat' dir='ltr'>prodii,</span> 
     </span>
     <span class='ocr_line' id='line_1_26' title="bbox 122 2816 1228 2898; baseline -0.001 -20"><span class='ocrx_word' id='word_1_217' title='bbox 122 2838 186 2878; x_wconf 91' lang='lat' dir='ltr'>non</span> <span class='ocrx_word' id='word_1_218' title='bbox 200 2817 279 2897; x_wconf 89' lang='lat' dir='ltr'>quod</span> <span class='ocrx_word' id='word_1_219' title='bbox 297 2837 344 2877; x_wconf 91' lang='lat' dir='ltr'>me</span> <span class='ocrx_word' id='word_1_220' title='bbox 367 2836 422 2898; x_wconf 88' lang='lat' dir='ltr'>pro</span> <span class='ocrx_word' id='word_1_221' title='bbox 445 2816 587 2897; x_wconf 84' lang='lat' dir='ltr'>dignitate</span> <span class='ocrx_word' id='word_1_222' title='bbox 606 2834 701 2877; x_wconf 89' lang='lat' dir='ltr'>rerum</span> <span class='ocrx_word' id='word_1_223' title='bbox 715 2834 734 2875; x_wconf 86' lang='lat' dir='ltr'>a</span> <span class='ocrx_word' id='word_1_224' title='bbox 753 2816 837 2876; x_wconf 90' lang='lat' dir='ltr'>vobis</span> <span class='ocrx_word' id='word_1_225' title='bbox 854 2826 1003 2895; x_wconf 83' lang='lat' dir='ltr'>gestarum</span> <span class='ocrx_word' id='word_1_226' title='bbox 1018 2834 1106 2895; x_wconf 84' lang='lat' dir='ltr'>posse</span> <span class='ocrx_word' id='word_1_227' title='bbox 1120 2817 1228 2890; x_wconf 86' lang='lat' dir='ltr'>dicere,</span> 
     </span>
     <span class='ocr_line' id='line_1_27' title="bbox 122 2907 1225 2993; baseline -0.003 -23"><span class='ocrx_word' id='word_1_228' title='bbox 122 2910 179 2993; x_wconf 75' lang='lat' dir='ltr'>sed</span> <span class='ocrx_word' id='word_1_229' title='bbox 196 2910 276 2989; x_wconf 91' lang='lat' dir='ltr'>quod</span> <span class='ocrx_word' id='word_1_230' title='bbox 300 2910 440 2983; x_wconf 86' lang='lat' dir='ltr'>actiones,</span> <span class='ocrx_word' id='word_1_231' title='bbox 453 2908 674 2989; x_wconf 82' lang='lat' dir='ltr'>quibuscunque</span> <span class='ocrx_word' id='word_1_232' title='bbox 686 2908 783 2969; x_wconf 83' lang='lat' dir='ltr'>verbis</span> <span class='ocrx_word' id='word_1_233' title='bbox 803 2908 996 2989; x_wconf 85' lang='lat' dir='ltr'>explicentur,</span> <span class='ocrx_word' id='word_1_234' title='bbox 1014 2907 1111 2987; x_wconf 86' lang='lat' dir='ltr'>justas</span> <span class='ocrx_word' id='word_1_235' title='bbox 1131 2908 1225 2969; x_wconf 80' lang='lat' dir='ltr'>risum</span> 
     </span>
     <span class='ocr_line' id='line_1_28' title="bbox 120 2998 1225 3087; baseline -0.003 -23"><span class='ocrx_word' id='word_1_236' title='bbox 120 3004 157 3087; x_wconf 80' lang='lat' dir='ltr'>iri</span> <span class='ocrx_word' id='word_1_237' title='bbox 186 3002 312 3064; x_wconf 87' lang='lat' dir='ltr'>confido.</span> <span class='ocrx_word' id='word_1_238' title='bbox 351 2999 468 3062; x_wconf 86' lang='lat' dir='ltr'>Vellem</span> <span class='ocrx_word' id='word_1_239' title='bbox 491 3012 591 3062; x_wconf 87' lang='lat' dir='ltr'>tamen</span> <span class='ocrx_word' id='word_1_240' title='bbox 613 3020 677 3073; x_wconf 83' lang='lat' dir='ltr'>vos,</span> <span class='ocrx_word' id='word_1_241' title='bbox 702 2999 907 3071; x_wconf 80' lang='lat' dir='ltr'>Athenienses,</span> <span class='ocrx_word' id='word_1_242' title='bbox 931 3015 1033 3078; x_wconf 78' lang='lat' dir='ltr'>aequos</span> <span class='ocrx_word' id='word_1_243' title='bbox 1057 3018 1123 3059; x_wconf 79' lang='lat' dir='ltr'>esse</span> <span class='ocrx_word' id='word_1_244' title='bbox 1144 2998 1175 3058; x_wconf 88' lang='lat' dir='ltr'>iu</span> <span class='ocrx_word' id='word_1_245' title='bbox 1193 3019 1225 3061; x_wconf 83' lang='lat' dir='ltr'>re</span> 
     </span>
     <span class='ocr_line' id='line_1_29' title="bbox 119 3085 1223 3176; baseline -0.005 -19"><span class='ocrx_word' id='word_1_246' title='bbox 119 3108 221 3159; x_wconf 87' lang='lat' dir='ltr'>vestra</span> <span class='ocrx_word' id='word_1_247' title='bbox 238 3085 396 3168; x_wconf 84' lang='lat' dir='ltr'>auditores,</span> <span class='ocrx_word' id='word_1_248' title='bbox 417 3114 483 3169; x_wconf 88' lang='lat' dir='ltr'>nee,</span> <span class='ocrx_word' id='word_1_249' title='bbox 496 3094 567 3175; x_wconf 90' lang='lat' dir='ltr'>quia</span> <span class='ocrx_word' id='word_1_250' title='bbox 587 3106 716 3155; x_wconf 86' lang='lat' dir='ltr'>vestram</span> <span class='ocrx_word' id='word_1_251' title='bbox 736 3093 977 3176; x_wconf 79' lang='lat' dir='ltr'>approbationem</span> <span class='ocrx_word' id='word_1_252' title='bbox 999 3092 1146 3153; x_wconf 84' lang='lat' dir='ltr'>orationes</span> <span class='ocrx_word' id='word_1_253' title='bbox 1167 3093 1223 3153; x_wconf 91' lang='lat' dir='ltr'>im-</span> 
     </span>
     <span class='ocr_line' id='line_1_30' title="bbox 117 3182 1224 3272; baseline -0.004 -21"><span class='ocrx_word' id='word_1_254' title='bbox 117 3200 283 3272; x_wconf 87' lang='lat' dir='ltr'>petrarunt,</span> <span class='ocrx_word' id='word_1_255' title='bbox 306 3189 343 3249; x_wconf 88' lang='lat' dir='ltr'>de</span> <span class='ocrx_word' id='word_1_256' title='bbox 362 3188 404 3249; x_wconf 88' lang='lat' dir='ltr'>eis</span> <span class='ocrx_word' id='word_1_257' title='bbox 418 3208 471 3249; x_wconf 89' lang='lat' dir='ltr'>vos</span> <span class='ocrx_word' id='word_1_258' title='bbox 490 3188 587 3248; x_wconf 84' lang='lat' dir='ltr'>rixari.</span> <span class='ocrx_word' id='word_1_259' title='bbox 627 3186 697 3247; x_wconf 88' lang='lat' dir='ltr'>Non</span> <span class='ocrx_word' id='word_1_260' title='bbox 719 3186 797 3247; x_wconf 87' lang='lat' dir='ltr'>enim</span> <span class='ocrx_word' id='word_1_261' title='bbox 810 3186 964 3266; x_wconf 86' lang='lat' dir='ltr'>quisquam</span> <span class='ocrx_word' id='word_1_262' title='bbox 987 3184 1019 3243; x_wconf 89' lang='lat' dir='ltr'>id</span> <span class='ocrx_word' id='word_1_263' title='bbox 1040 3184 1111 3245; x_wconf 82' lang='lat' dir='ltr'>vitio</span> <span class='ocrx_word' id='word_1_264' title='bbox 1124 3182 1224 3247; x_wconf 83' lang='lat' dir='ltr'>vestro</span> 
     </span>
     <span class='ocr_line' id='line_1_31' title="bbox 117 3274 1222 3358; baseline -0.005 -15"><span class='ocrx_word' id='word_1_265' title='bbox 117 3284 241 3355; x_wconf 87' lang='lat' dir='ltr'>tribuet,</span> <span class='ocrx_word' id='word_1_266' title='bbox 254 3281 279 3341; x_wconf 85' lang='lat' dir='ltr'>si</span> <span class='ocrx_word' id='word_1_267' title='bbox 293 3282 331 3342; x_wconf 84' lang='lat' dir='ltr'>ab</span> <span class='ocrx_word' id='word_1_268' title='bbox 340 3280 457 3341; x_wconf 89' lang='lat' dir='ltr'>homine</span> <span class='ocrx_word' id='word_1_269' title='bbox 471 3280 534 3341; x_wconf 86' lang='lat' dir='ltr'>sitis</span> <span class='ocrx_word' id='word_1_270' title='bbox 546 3279 700 3357; x_wconf 86' lang='lat' dir='ltr'>eloquente</span> <span class='ocrx_word' id='word_1_271' title='bbox 713 3277 923 3337; x_wconf 84' lang='lat' dir='ltr'>circumventi:</span> <span class='ocrx_word' id='word_1_272' title='bbox 944 3274 998 3337; x_wconf 84' lang='lat' dir='ltr'>sed</span> <span class='ocrx_word' id='word_1_273' title='bbox 1012 3294 1113 3337; x_wconf 88' lang='lat' dir='ltr'>corum</span> <span class='ocrx_word' id='word_1_274' title='bbox 1126 3278 1178 3358; x_wconf 93' lang='lat' dir='ltr'>qui</span> <span class='ocrx_word' id='word_1_275' title='bbox 1191 3279 1222 3338; x_wconf 90' lang='lat' dir='ltr'>in</span> 
     </span>
     <span class='ocr_line' id='line_1_32' title="bbox 118 3362 916 3455; baseline -0.008 -20"><span class='ocrx_word' id='word_1_276' title='bbox 118 3362 150 3442; x_wconf 75' lang='lat' dir='ltr'>id</span> <span class='ocrx_word' id='word_1_277' title='bbox 163 3390 283 3455; x_wconf 83' lang='lat' dir='ltr'>operam</span> <span class='ocrx_word' id='word_1_278' title='bbox 292 3373 450 3446; x_wconf 70' lang='lat' dir='ltr'>dsdmunt,</span> <span class='ocrx_word' id='word_1_279' title='bbox 464 3381 500 3432; x_wconf 77' lang='lat' dir='ltr'>ut</span> <span class='ocrx_word' id='word_1_280' title='bbox 511 3390 564 3433; x_wconf 80' lang='lat' dir='ltr'>ros</span> <span class='ocrx_word' id='word_1_281' title='bbox 574 3372 608 3431; x_wconf 84' lang='lat' dir='ltr'>iu</span> <span class='ocrx_word' id='word_1_282' title='bbox 619 3370 753 3431; x_wconf 76' lang='lat' dir='ltr'>fraudem</span> <span class='ocrx_word' id='word_1_283' title='bbox 764 3369 916 3433; x_wconf 80' lang='lat' dir='ltr'>illicerent</span> 
     </span>
    </p>
   </div>
   <div class='ocr_carea' id='block_1_5' title="bbox 619 3527 715 3589">
    <p class='ocr_par' dir='ltr' id='par_1_5' title="bbox 619 3527 715 3589">
     <span class='ocr_line' id='line_1_33' title="bbox 619 3527 715 3589; baseline -0.042 0"><span class='ocrx_word' id='word_1_284' title='bbox 619 3527 715 3589; x_wconf 83' lang='lat' dir='ltr'>va.</span> 
     </span>
    </p>
   </div>
   <div class='ocr_carea' id='block_1_6' title="bbox 105 3644 1241 4567">
    <p class='ocr_par' dir='ltr' id='par_1_6' title="bbox 105 3644 1241 4567">
     <span class='ocr_line' id='line_1_34' title="bbox 115 3644 1217 3736; baseline 0.004 -33"><span class='ocrx_word' id='word_1_285' title='bbox 115 3694 118 3703; x_wconf 69' lang='lat'>.</span> <span class='ocrx_word' id='word_1_286' title='bbox 159 3648 274 3736; x_wconf 87' lang='lat' dir='ltr'>Opiuor</span> <span class='ocrx_word' id='word_1_287' title='bbox 289 3666 393 3710; x_wconf 68' lang='lat' dir='ltr'>omme</span> <span class='ocrx_word' id='word_1_288' title='bbox 410 3666 476 3719; x_wconf 81' lang='lat' dir='ltr'>ros,</span> <span class='ocrx_word' id='word_1_289' title='bbox 488 3647 698 3719; x_wconf 82' lang='lat' dir='ltr'>Athenienses,</span> <span class='ocrx_word' id='word_1_290' title='bbox 720 3644 906 3708; x_wconf 70' lang='lat' dir='ltr'>coniemuros</span> <span class='ocrx_word' id='word_1_291' title='bbox 927 3646 1051 3707; x_wconf 81' lang='lat' dir='ltr'>cavelle</span> <span class='ocrx_word' id='word_1_292' title='bbox 1069 3644 1132 3705; x_wconf 85' lang='lat' dir='ltr'>lieri</span> <span class='ocrx_word' id='word_1_293' title='bbox 1154 3664 1217 3721; x_wconf 80' lang='lat' dir='ltr'>roo,</span> 
     </span>
     <span class='ocr_line' id='line_1_35' title="bbox 111 3737 1218 3824; baseline -0.002 -21"><span class='ocrx_word' id='word_1_294' title='bbox 111 3758 195 3824; x_wconf 76' lang='lat' dir='ltr'>ques</span> <span class='ocrx_word' id='word_1_295' title='bbox 210 3740 333 3821; x_wconf 75' lang='lat' dir='ltr'>quicque·</span> <span class='ocrx_word' id='word_1_296' title='bbox 356 3738 481 3821; x_wconf 83' lang='lat' dir='ltr'>Reipub.</span> <span class='ocrx_word' id='word_1_297' title='bbox 501 3740 610 3820; x_wconf 84' lang='lat' dir='ltr'>putetis</span> <span class='ocrx_word' id='word_1_298' title='bbox 632 3738 759 3801; x_wconf 80' lang='lat' dir='ltr'>maxime</span> <span class='ocrx_word' id='word_1_299' title='bbox 779 3739 942 3819; x_wconf 78' lang='lat' dir='ltr'>protutura.</span> <span class='ocrx_word' id='word_1_300' title='bbox 983 3737 1031 3801; x_wconf 84' lang='lat' dir='ltr'>Fit</span> <span class='ocrx_word' id='word_1_301' title='bbox 1053 3747 1218 3813; x_wconf 81' lang='lat' dir='ltr'>autemut,</span> 
     </span>
     <span class='ocr_line' id='line_1_36' title="bbox 108 3829 1217 3917; baseline -0.003 -20"><span class='ocrx_word' id='word_1_302' title='bbox 108 3836 200 3917; x_wconf 77' lang='lat' dir='ltr'>quod</span> <span class='ocrx_word' id='word_1_303' title='bbox 212 3836 294 3895; x_wconf 80' lang='lat' dir='ltr'>luctu</span> <span class='ocrx_word' id='word_1_304' title='bbox 308 3834 352 3894; x_wconf 86' lang='lat' dir='ltr'>sit</span> <span class='ocrx_word' id='word_1_305' title='bbox 364 3834 515 3914; x_wconf 87' lang='lat' dir='ltr'>optimum,</span> <span class='ocrx_word' id='word_1_306' title='bbox 537 3852 597 3894; x_wconf 89' lang='lat' dir='ltr'>non</span> <span class='ocrx_word' id='word_1_307' title='bbox 614 3833 717 3895; x_wconf 86' lang='lat' dir='ltr'>eodem</span> <span class='ocrx_word' id='word_1_308' title='bbox 736 3832 827 3893; x_wconf 85' lang='lat' dir='ltr'>modo</span> <span class='ocrx_word' id='word_1_309' title='bbox 845 3832 883 3894; x_wconf 89' lang='lat' dir='ltr'>ab</span> <span class='ocrx_word' id='word_1_310' title='bbox 898 3829 1036 3896; x_wconf 82' lang='lat' dir='ltr'>omuibus</span> <span class='ocrx_word' id='word_1_311' title='bbox 1060 3840 1217 3895; x_wconf 73' lang='lat' dir='ltr'>rutuaurr.</span> 
     </span>
     <span class='ocr_line' id='line_1_37' title="bbox 109 3923 1215 3997; baseline -0.002 -8"><span class='ocrx_word' id='word_1_312' title='bbox 109 3928 274 3989; x_wconf 66' lang='lat' dir='ltr'>Nec&#39;enim</span> <span class='ocrx_word' id='word_1_313' title='bbox 292 3936 422 3988; x_wconf 83' lang='lat' dir='ltr'>vestrum</span> <span class='ocrx_word' id='word_1_314' title='bbox 443 3926 493 3987; x_wconf 80' lang='lat' dir='ltr'>alii</span> <span class='ocrx_word' id='word_1_315' title='bbox 505 3927 664 3989; x_wconf 76' lang='lat' dir='ltr'>tententiae</span> <span class='ocrx_word' id='word_1_316' title='bbox 677 3946 744 3989; x_wconf 81' lang='lat' dir='ltr'>esne</span> <span class='ocrx_word' id='word_1_317' title='bbox 757 3924 913 3997; x_wconf 81' lang='lat' dir='ltr'>dicendas,</span> <span class='ocrx_word' id='word_1_318' title='bbox 924 3923 975 3993; x_wconf 84' lang='lat' dir='ltr'>alii</span> <span class='ocrx_word' id='word_1_319' title='bbox 988 3943 1050 3984; x_wconf 90' lang='lat' dir='ltr'>non</span> <span class='ocrx_word' id='word_1_320' title='bbox 1064 3924 1215 3997; x_wconf 75' lang='lat' dir='ltr'>dicendas,</span> 
     </span>
     <span class='ocr_line' id='line_1_38' title="bbox 107 4016 1215 4099; baseline -0.003 -17"><span class='ocrx_word' id='word_1_321' title='bbox 107 4019 338 4082; x_wconf 83' lang='lat' dir='ltr'>contenderent.</span> <span class='ocrx_word' id='word_1_322' title='bbox 387 4016 476 4099; x_wconf 79' lang='lat' dir='ltr'>Apud</span> <span class='ocrx_word' id='word_1_323' title='bbox 494 4038 547 4079; x_wconf 82' lang='lat' dir='ltr'>ees</span> <span class='ocrx_word' id='word_1_324' title='bbox 569 4018 658 4098; x_wconf 77' lang='lat' dir='ltr'>igitur</span> <span class='ocrx_word' id='word_1_325' title='bbox 677 4019 793 4081; x_wconf 89' lang='lat' dir='ltr'>dicturo</span> <span class='ocrx_word' id='word_1_326' title='bbox 811 4017 862 4096; x_wconf 91' lang='lat' dir='ltr'>qui</span> <span class='ocrx_word' id='word_1_327' title='bbox 883 4016 914 4079; x_wconf 85' lang='lat' dir='ltr'>id</span> <span class='ocrx_word' id='word_1_328' title='bbox 939 4017 1081 4098; x_wconf 85' lang='lat' dir='ltr'>prodesse</span> <span class='ocrx_word' id='word_1_329' title='bbox 1110 4027 1215 4098; x_wconf 79' lang='lat' dir='ltr'>putant</span> 
     </span>
     <span class='ocr_line' id='line_1_39' title="bbox 107 4099 1214 4192; baseline -0.005 -20"><span class='ocrx_word' id='word_1_330' title='bbox 107 4112 187 4173; x_wconf 84' lang='lat' dir='ltr'>nibil</span> <span class='ocrx_word' id='word_1_331' title='bbox 199 4130 276 4191; x_wconf 51' lang='lat' dir='ltr'>¹opus</span> <span class='ocrx_word' id='word_1_332' title='bbox 290 4122 338 4171; x_wconf 87' lang='lat' dir='ltr'>est</span> <span class='ocrx_word' id='word_1_333' title='bbox 350 4111 556 4173; x_wconf 77' lang='lat' dir='ltr'>verbis—cum</span> <span class='ocrx_word' id='word_1_334' title='bbox 570 4114 633 4186; x_wconf 89' lang='lat' dir='ltr'>jam</span> <span class='ocrx_word' id='word_1_335' title='bbox 653 4112 697 4171; x_wconf 87' lang='lat' dir='ltr'>eis</span> <span class='ocrx_word' id='word_1_336' title='bbox 715 4128 889 4192; x_wconf 74' lang='lat' dir='ltr'>pessumum</span> <span class='ocrx_word' id='word_1_337' title='bbox 911 4109 1007 4172; x_wconf 79' lang='lat' dir='ltr'>sit-t</span> <span class='ocrx_word' id='word_1_338' title='bbox 1029 4109 1067 4168; x_wconf 88' lang='lat' dir='ltr'>ad</span> <span class='ocrx_word' id='word_1_339' title='bbox 1086 4128 1137 4169; x_wconf 90' lang='lat' dir='ltr'>eos</span> <span class='ocrx_word' id='word_1_340' title='bbox 1161 4099 1214 4179; x_wconf 56' lang='lat' dir='ltr'>au,</span> 
     </span>
     <span class='ocr_line' id='line_1_40' title="bbox 106 4202 1241 4289; baseline -0.004 -22"><span class='ocrx_word' id='word_1_341' title='bbox 106 4220 174 4267; x_wconf 76' lang='lat' dir='ltr'>cern</span> <span class='ocrx_word' id='word_1_342' title='bbox 187 4206 238 4287; x_wconf 91' lang='lat' dir='ltr'>qui</span> <span class='ocrx_word' id='word_1_343' title='bbox 252 4207 428 4268; x_wconf 77' lang='lat' dir='ltr'>contrarium</span> <span class='ocrx_word' id='word_1_344' title='bbox 445 4206 585 4287; x_wconf 83' lang='lat' dir='ltr'>expedire</span> <span class='ocrx_word' id='word_1_345' title='bbox 606 4218 729 4273; x_wconf 85' lang='lat' dir='ltr'>censent</span> <span class='ocrx_word' id='word_1_346' title='bbox 751 4224 847 4289; x_wconf 83' lang='lat' dir='ltr'>pruna</span> <span class='ocrx_word' id='word_1_347' title='bbox 859 4204 967 4266; x_wconf 78' lang='lat' dir='ltr'>dicam</span> <span class='ocrx_word' id='word_1_348' title='bbox 1009 4204 1041 4265; x_wconf 89' lang='lat' dir='ltr'>Si</span> <span class='ocrx_word' id='word_1_349' title='bbox 1053 4202 1104 4282; x_wconf 93' lang='lat' dir='ltr'>qui</span> <span class='ocrx_word' id='word_1_350' title='bbox 1123 4202 1213 4281; x_wconf 82' lang='lat' dir='ltr'>igitur</span> <span class='ocrx_word' id='word_1_351' title='bbox 1234 4211 1241 4225; x_wconf 90' lang='lat'>&#39;</span> 
     </span>
     <span class='ocr_line' id='line_1_41' title="bbox 107 4297 1212 4378; baseline -0.002 -19"><span class='ocrx_word' id='word_1_352' title='bbox 107 4299 216 4360; x_wconf 80' lang='lat' dir='ltr'>audire</span> <span class='ocrx_word' id='word_1_353' title='bbox 228 4298 345 4371; x_wconf 82' lang='lat' dir='ltr'>nolunt,</span> <span class='ocrx_word' id='word_1_354' title='bbox 359 4298 389 4358; x_wconf 87' lang='lat' dir='ltr'>hi</span> <span class='ocrx_word' id='word_1_355' title='bbox 405 4309 514 4364; x_wconf 85' lang='lat' dir='ltr'>utrem</span> <span class='ocrx_word' id='word_1_356' title='bbox 524 4310 707 4378; x_wconf 80' lang='lat' dir='ltr'>cognoscant</span> <span class='ocrx_word' id='word_1_357' title='bbox 718 4298 914 4377; x_wconf 79' lang='lat' dir='ltr'>nihilomagis</span> <span class='ocrx_word' id='word_1_358' title='bbox 927 4297 988 4359; x_wconf 82' lang='lat' dir='ltr'>lieri</span> <span class='ocrx_word' id='word_1_359' title='bbox 999 4303 1108 4377; x_wconf 79' lang='lat' dir='ltr'>P⁰test,</span> <span class='ocrx_word' id='word_1_360' title='bbox 1123 4314 1212 4373; x_wconf 86' lang='lat' dir='ltr'>quam</span> 
     </span>
     <span class='ocr_line' id='line_1_42' title="bbox 105 4386 1213 4472; baseline -0.003 -19"><span class='ocrx_word' id='word_1_361' title='bbox 105 4394 135 4453; x_wconf 88' lang='lat' dir='ltr'>si</span> <span class='ocrx_word' id='word_1_362' title='bbox 149 4392 206 4472; x_wconf 85' lang='lat' dir='ltr'>ipsi</span> <span class='ocrx_word' id='word_1_363' title='bbox 217 4401 250 4453; x_wconf 88' lang='lat' dir='ltr'>et</span> <span class='ocrx_word' id='word_1_364' title='bbox 265 4401 397 4453; x_wconf 79' lang='lat' dir='ltr'>tacerent</span> <span class='ocrx_word' id='word_1_365' title='bbox 409 4404 440 4453; x_wconf 89' lang='lat' dir='ltr'>et</span> <span class='ocrx_word' id='word_1_366' title='bbox 452 4410 539 4452; x_wconf 85' lang='lat' dir='ltr'>nemo</span> <span class='ocrx_word' id='word_1_367' title='bbox 555 4392 714 4454; x_wconf 77' lang='lat' dir='ltr'>cretionem</span> <span class='ocrx_word' id='word_1_368' title='bbox 730 4394 871 4454; x_wconf 81' lang='lat' dir='ltr'>haberet:</span> <span class='ocrx_word' id='word_1_369' title='bbox 893 4390 940 4451; x_wconf 88' lang='lat' dir='ltr'>sin</span> <span class='ocrx_word' id='word_1_370' title='bbox 950 4386 1114 4461; x_wconf 64' lang='lat' dir='ltr'>audieritis,</span> <span class='ocrx_word' id='word_1_371' title='bbox 1124 4387 1213 4450; x_wconf 77' lang='lat' dir='ltr'>alter·</span> 
     </span>
     <span class='ocr_line' id='line_1_43' title="bbox 105 4480 1212 4567; baseline -0.004 -21"><span class='ocrx_word' id='word_1_372' title='bbox 105 4496 180 4546; x_wconf 86' lang='lat' dir='ltr'>utro</span> <span class='ocrx_word' id='word_1_373' title='bbox 187 4484 272 4547; x_wconf 87' lang='lat' dir='ltr'>bono</span> <span class='ocrx_word' id='word_1_374' title='bbox 293 4486 426 4547; x_wconf 81' lang='lat' dir='ltr'>lrustreri</span> <span class='ocrx_word' id='word_1_375' title='bbox 451 4506 511 4547; x_wconf 86' lang='lat' dir='ltr'>non</span> <span class='ocrx_word' id='word_1_376' title='bbox 524 4487 658 4565; x_wconf 83' lang='lat' dir='ltr'>potestis,</span> <span class='ocrx_word' id='word_1_377' title='bbox 668 4486 738 4567; x_wconf 87' lang='lat' dir='ltr'>quin</span> <span class='ocrx_word' id='word_1_378' title='bbox 754 4497 806 4547; x_wconf 84' lang='lat' dir='ltr'>eut</span> <span class='ocrx_word' id='word_1_379' title='bbox 819 4482 952 4563; x_wconf 73' lang='lat' dir='ltr'>persuasi</span> <span class='ocrx_word' id='word_1_380' title='bbox 969 4480 1130 4562; x_wconf 79' lang='lat' dir='ltr'>eademque</span> <span class='ocrx_word' id='word_1_381' title='bbox 1143 4502 1212 4543; x_wconf 83' lang='lat' dir='ltr'>aeu-</span> 
     </span>
    </p>
   </div>
   <div class='ocr_carea' id='block_1_7' title="bbox 0 0 1488 4950">
    <p class='ocr_par' dir='ltr' id='par_1_7' title="bbox 0 0 1488 4950">
     <span class='ocr_line' id='line_1_44' title="bbox 0 0 1488 4950; baseline 0 11"><span class='ocrx_word' id='word_1_382' title='bbox 0 0 1488 4950; x_wconf 95' lang='lat' dir='ltr'> </span> 
     </span>
    </p>
   </div>
  </div>
 </body>
</html>
