2967 4950
490 312 534 373 IN
557 312 915 378 OLYMPIODORUM
1189 322 1250 383 675

146 484 228 527 nunc
244 466 392 527 attendite
411 468 532 542 animos,
552 469 685 541 iudices,
704 490 740 529 ne
760 489 813 531 vos
832 469 931 530 statim
948 468 1096 577 decipiant
1109 482 1247 550 oratores,

144 560 222 637 quos
236 560 294 619 iste
307 569 411 621 contra
423 556 470 620 ιιι
482 562 660 623 subornavit.

185 653 215 710 7.
233 652 395 732 Nunquam
406 672 476 713 sane
485 654 539 713 iste
552 653 626 713 sibi'
619 674 648 711 ιι
662 654 757 714 verbis
770 663 898 728 constat,
911 655 966 716 sed
979 674 1095 737 semper
1107 658 1245 737 quicquid

142 740 173 798 in
190 756 325 805 mentem
343 746 478 805 inciderit
497 745 587 813 dicit;
610 756 698 825 atque
722 746 829 825 passim
852 766 957 809 causas
979 750 1123 811 absurdas
1145 752 1245 813 nescio

141 854 219 911 quas
242 830 475 916 ct'suspiciones
495 858 531 898 ac
551 839 767 899 criminationes
788 839 879 899 falsas
897 851 1001 901 contra
1022 860 1070 902 ιιι
1091 843 1245 903 commini-

140 928 260 997 scitur:
283 940 312 990 et
331 930 361 989 in
383 938 493 991 tota‘re
510 930 598 992 bomo
617 931 738 1007 injurius
752 941 807 991 est.
848 931 969 991 Plurimi
987 934 1065 993 enim
1079 934 1245 1010 audierunt,

140 1044 214 1085 cum
230 1046 269 1087 se
266 1016 353 1089 illam
367 1031 404 1089 ab
418 1028 536 1089 bomine
550 1030 701 1108 pecuniam
715 1029 868 1133 accepisse
879 1039 1014 1107 negaret.
1068 1031 1157 1101 Quod
1174 1052 1242 1092 cum

141 1118 311 1193 revincitur,
325 1121 366 1181 ait
389 1142 425 1183 se
438 1142 456 1182 a
476 1142 530 1182 suo
544 1142 627 1181 servo
641 1118 749 1182 babere
763 1120 934 1227 pecuniam,
944 1140 1038 1201 neque
1052 1123 1183 1184 mibivel
1203 1125 1241 1185 de

138 1209 193 1271 illa
206 1213 254 1272 vel
276 1213 314 1273 de
335 1214 443 1275 relictis
462 1234 480 1274 a
498 1215 619 1275 Conone
638 1215 723 1273 bonis
746 1214 901 1294 quicquam
922 1213 1059 1294 impertiri
1082 1215 1167 1276 velle.
1208 1218 1241 1277 Si

136 1304 207 1382 quis
220 1318 319 1366 autem
341 1327 407 1366 eum
428 1308 611 1369 familiarium
633 1319 664 1368 et
683 1326 801 1367 suorum
825 1318 856 1367 et
877 1325 1006 1367 meorum
1027 1317 1123 1386 rogat,
1137 1327 1241 1387 quam·

136 1398 241 1457 obrem
262 1399 430 1459 redditurus
444 1420 504 1461 non
527 1401 575 1473 sit,
593 1420 663 1459 cum
673 1401 779 1481 jurarit
792 1420 824 1459 se
838 1420 875 1461 ex
895 1418 982 1479 teque
1002 1418 1116 1459 mecum
1130 1398 1240 1459 divisu-

135 1507 217 1560 rum,
229 1501 260 1550 et
282 1502 370 1572 pacta
390 1492 477 1553 etiam
496 1513 575 1553 nunc
589 1491 619 1550 in
633 1492 728 1553 medio
744 1491 824 1551 sinti
859 1492 952 1553 Pacta
965 1511 1032 1553 csse
1044 1491 1154 1551 uelata
1166 1492 1208 1552 ait
1220 1512 1240 1553 a

134 1602 198 1655 me,
212 1605 246 1644 se
261 1586 375 1664 magnis
390 1606 407 1646 a
419 1596 468 1647 'me
480 1585 592 1668 injuriis
606 1584 755 1659 allectum,
767 1606 862 1666 neque
881 1606 929 1647 me
942 1586 1072 1666 unquain
1089 1584 1238 1653 adversari

133 1678 195 1736 sibi
218 1687 282 1737 tum
304 1678 429 1739 dicendo
450 1689 513 1740 tum
538 1678 655 1759 agendo
678 1678 826 1739 distitisse.
869 1680 917 1739 Ac
936 1687 1095 1759 praetextus
1118 1678 1238 1758 quidem

131 1769 217 1829 illius
235 1770 266 1830 hi
287 1781 364 1832 sunt.
406 1773 482 1842 Quae
503 1785 601 1833 autem
623 1771 703 1843 dicit,
717 1772 850 1842 ludices,
864 1771 937 1831 nibil
954 1771 1009 1832 nisi
1029 1772 1237 1836 commentitia

132 1872 208 1921 sunt
229 1863 411 1943 suspiciones
432 1872 463 1923 et
483 1878 581 1924 causeo
599 1873 629 1923 et
642 1863 760 1941 inJ'ustaa
777 1861 989 1942 improbitates,
1010 1862 1049 1923 sd
1071 1863 1237 1936 fraudanda

131 1974 170 2016 ea
196 1975 264 2034 quae
287 1956 355 2016 mibi
372 1955 523 2018 reddenda
544 1966 613 2017 sunt
633 1963 831 2035 comparate:
851 1957 883 2013 in
895 1954 930 2014 iis
942 1974 1011 2015 varo
1023 1974 1091 2033 que
1110 1975 1168 2034 ego
1181 1955 1235 2018 ad·

129 2065 240 2108 versus
250 2048 334 2107 istius
347 2047 500 2109 mendacia
513 2048 609 2107 dicam
622 2047 758 2106 omnibus
770 2044 898 2126 suspicio
911 2045 993 2105 nulla
1004 2047 1068 2118 erit,
1081 2046 1146 2127 ejus
1155 2050 1234 2107 enim

129 2140 346 2219 impudentiam
362 2139 689 2219 aperte'demonstrabo,
701 2137 882 2218 proferendis
895 2136 987 2217 signis
999 2138 1075 2198 veris
1084 2147 1115 2197 et
1125 2138 1235 2199 nemini

128 2232 302 2312 ignotis,·et
315 2230 436 2313 testibus
450 2232 486 2291 de
502 2230 636 2290 omnibus
649 2231 736 2289 rebus
749 2230 957 2308 producendis.
970 2244 974 2254 ’
997 2256 1000 2264 ·

139 2356 142 2363 ι
172 2328 204 2383 8.
226 2323 357 2384 Primum
370 2324 467 2403 igitur,
480 2322 499 2383 J
502 2324 611 2395 udices,
624 2313 682 2393 aio,
693 2318 762 2383 eum
773 2318 910 2402 cognatis
923 2332 953 2382 ιι
966 2322 1155 2383 familiaribus
1169 2324 1231 2385 suis

126 2428 165 2478 et·
175 2416 261 2490 meis,
273 2436 369 2477 rerum
383 2417 513 2478 omnium
526 2424 559 2475 ιι
580 2433 616 2476 ea
636 2434 700 2476 sese
712 2410 841 2476 babeant
860 2416 948 2495 probe
961 2415 1059 2496 gnaris
1071 2415 1178 2496 quique
1192 2420 1231 2480 ab

126 2511 216 2572 initio
242 2530 357 2590 semper
380 2510 580 2582 interfuerunt,
605 2509 753 2568 arbitrium
776 2505 931 2590 propterea
953 2507 1067 2569 deferre
1090 2510 1230 2586 noluisse,

125 2605 212 2685 quod
225 2613 307 2665 certo
321 2602 417 2676 sciret,
432 2622 464 2663 se
479 2601 575 2662 statim
590 2601 742 2682 evestigio
751 2596 754 2600 ’
763 2604 800 2662 ab
821 2601 863 2661 eis
873 2599 944 2662 'fore
958 2603 1186 2680 coarguendum,
1202 2605 1229 2664 si

125 2698 203 2779 quid
217 2697 406 2756 mentiretur:
429 2714 506 2756 nunc
520 2695 643 2755 fortasse
656 2686 796 2774 putatae
810 2693 889 2774 apud
902 2712 954 2753 vos
968 2693 1156 2756 mentientem
1167 2717 1228 2758 non

124 2790 348 2872 deprehensum
370 2789 415 2849 iri.
458 2787 572 2848 Rursus
591 2787 669 2861 dico,
682 2807 744 2849 non
763 2807 829 2848 esse
846 2796 1086 2860 consentaneum,
1099 2808 1146 2848 me
1164 2790 1225 2860 tibi,

126 2883 352 2965 Olympiodore,
367 2879 551 2941 adversatum
564 2899 639 2953 esse,
653 2890 685 2941 et
703 2879 895 2942 communiter
907 2897 967 2938 una
980 2887 1077 2939 tecum
1091 2891 1226 2961 sumptus

122 2977 236 3037 fecisse
249 2973 362 3054 quoties
374 2992 496 3033 necesse
514 2971 579 3045 fuit,
593 2983 680 3052 atque
694 2972 770 3033 ultro
784 2974 821 3032 ab
839 2971 953 3032 actione
966 2970 1115 3031 destitisse
1128 2982 1158 3031 te
1171 2974 1224 3034 ab·

124 3080 226 3140 sente,
240 3087 303 3128 cum
318 3076 348 3127 et
365 3075 417 3126 tua
429 3065 544 3126 sublata
558 3076 646 3139 esset,
660 3075 816 3147 propterea
836 3064 917 3146 quod
934 3068 996 3140 ejus
1009 3064 1112 3124 abesse
1120 3065 1225 3143 judicii
1282 3104 1295 3127 l

123 3181 223 3224 causa
237 3181 293 3222 non
308 3158 425 3240 publico
444 3157 559 3219 nomine
574 3158 721 3220 videreris.
759 3158 880 3218 Licebat
896 3155 972 3215 enim
988 3155 1057 3214 mibi
1070 3156 1101 3213 in
1121 3157 1222 3216 ιιιιίι-

122 3277 190 3317 sem
205 3251 384 3314 haereditatis
399 3270 504 3332 agere:
525 3271 619 3331 neque
640 3249 805 3311 mortalium
829 3250 983 3330 quisquam
1003 3247 1222 3323 adversabatur,

120 3360 154 3410 et
167 3345 269 3428 ipsi'id
284 3343 439 3404 adversarii
451 3343 661 3404 concedebant.
694 3342 755 3402 Sed
767 3361 804 3402 eo
816 3340 905 3412 facto,
919 3341 1017 3400 statim
1031 3343 1221 3419 pejerassem:

114 3444 251 3524 jurarem
269 3437 394 3499 enimet
414 3437 580 3517 pepigeram
596 3446 706 3508 tecum,
730 3454 787 3494 nos
806 3434 905 3493 omnia
927 3431 1074 3494 communi
1097 3433 1221 3496 consilio

118 3545 242 3596 acturos
262 3539 444 3610 quaecunque
466 3529 535 3589 mihi
553 3539 584 3589 et
602 3528 654 3589 tibi
672 3526 906 3590 consultantibus
925 3528 1035 3606 optima
1048 3526 1127 3587 facta
1139 3527 1220 3589 vide·

119 3640 235 3692 rentur.
277 3625 404 3686 Proinde
417 3623 572 3704 plusquam
591 3622 753 3702 nugatoriae
772 3631 841 3682 sunt
854 3621 1053 3682 cavillationes
1067 3630 1098 3681 et
1110 3641 1218 3696 cauere,

60 3741 63 3748 ·
116 3730 245 3834 propter
256 3739 332 3800 quas
347 3730 376 3779 te
391 3717 462 3776 nihil
483 3718 560 3796 aequi
576 3716 644 3776 mihi
658 3717 855 3797 prestiturum
870 3715 1035 3796 profiteris·

133 3819 194 3877 9.
208 3811 362 3890 Numquid
375 3811 461 3871 etiam
475 3809 625 3870 existimas
647 3830 694 3870 me
714 3810 921 3890 permissurum
935 3808 986 3867 tibi
999 3806 1100 3880 fuisse,
1115 3807 1218 3890 Olym-

117 3909 280 3996 piodores
273 3929 304 3968 m
327 3897 472 3989 postremo
491 3906 528 3966 de
550 3906 721 3967 haereditate
731 3904 853 3984 judicio,
868 3913 930 3976 aut,
944 3911 978 3960 ut
999 3921 1036 3962 ea
1056 3921 1122 3980 qure
1137 3903 1217 3982 apud
1311 3963 1315 3969 ,

113 4006 237 4088 judices
250 4000 379 4070 dicebas,
393 3999 435 4059 ita
448 4008 554 4059 temere
569 3997 692 4068 diceres,
713 4005 774 4068 ιιι,
789 4013 911 4075 quarum
934 4012 1029 4052 rerum
1051 3993 1218 4054 testimonia

115 4095 301 4180 proferebas,
314 4103 345 4152 ut
357 4093 399 4153 ita
417 4103 526 4153 temere
539 4092 693 4172 proferres,
713 4088 770 4148 nisi
770 4083 976 4148 collusissent
995 4096 1093 4146 tecum
1106 4095 1137 4145 et
1151 4106 1171 4145 a
1186 4095 1217 4144 te

117 4185 294 4267 stetissem?
317 4183 413 4244 Nam
407 4194 474 4253 rste,
489 4182 621 4256 ludices,
638 4200 704 4242 oum
719 4180 777 4240 alia
797 4199 864 4260 quae
880 4177 998 4238 bona-ei
1023 4185 1108 4237 erant
1127 4185 1216 4254 atque

115 4263 278 4344 commoda
291 4277 416 4348 dicebat,
431 4287 493 4336 tum
506 4275 557 4336 illo
569 4275 655 4335 etiam
670 4275 779 4334 abusus
791 4284 845 4345 est,
857 4291 905 4331 me
917 4271 1047 4343 domum,
1061 4286 1150 4348 quam
1163 4288 1216 4347 pro

115 4397 186 4438 mea
198 4373 330 4455 portione
344 4390 524 4453 acceperam,
545 4389 563 4430 a
581 4389 613 4430 se
636 4367 832 4429 conduxisse.
853 4374 885 4424 et
901 4363 981 4423 mille
1002 4360 1215 4431 drachmarum,
1223 4384 1227 4392 ¹

115 4470 270 4532 semissem
295 4467 332 4577 de
359 4466 453 4527 servili
476 4461 643 4544 pecunias
666 4481 696 4534 se
719 4460 811 4520 fuisse
833 4465 1016 4517 mutuatum.
1039 4471 1158 4531 neque
1157 4453 1227 4513 boc.
