<?xml version="1.0" encoding="UTF-8"?>
<!DOCTYPE html PUBLIC "-//W3C//DTD XHTML 1.0 Transitional//EN"
    "http://www.w3.org/TR/xhtml1/DTD/xhtml1-transitional.dtd">
<html xmlns="http://www.w3.org/1999/xhtml" xml:lang="en" lang="en">
 <head>
  <title>
</title>
<meta http-equiv="Content-Type" content="text/html;charset=utf-8" />
  <meta name='ocr-system' content='tesseract 3.04.00' />
  <meta name='ocr-capabilities' content='ocr_page ocr_carea ocr_par ocr_line ocrx_word'/>
</head>
<body>
  <div class='ocr_page' id='page_1' title='image "./demosthenisetsc06ulpigoog_0055.png"; bbox 0 0 2967 4950; ppageno 0'>
   <div class='ocr_carea' id='block_1_1' title="bbox 137 314 1275 570">
    <p class='ocr_par' dir='ltr' id='par_1_1' title="bbox 10 314 1275 555">
     <span class='ocr_line' id='line_1_1' title="bbox 403 314 1240 411; baseline 0.004 -21"><span class='ocrx_word' id='word_1_1' title='bbox 403 398 407 406; x_wconf 24' lang='lat'><strong><em>¹</em></strong></span> <span class='ocrx_word' id='word_1_2' title='bbox 505 332 589 391; x_wconf 74' lang='lat' dir='ltr'><strong>eno</strong></span> <span class='ocrx_word' id='word_1_3' title='bbox 611 330 877 411; x_wconf 78' lang='lat' dir='ltr'><strong>uuonmous</strong></span> <span class='ocrx_word' id='word_1_4' title='bbox 966 328 968 333; x_wconf 77' lang='grc'>’</span> <span class='ocrx_word' id='word_1_5' title='bbox 1168 314 1240 393; x_wconf 76' lang='lat'><strong>&#39;55⁶</strong></span> 
     </span>
     <span class='ocr_line' id='line_1_2' title="bbox 137 471 1275 570; baseline 0.003 -37.598"><span class='ocrx_word' id='word_1_6' title='bbox 137 484 251 570; x_wconf 69' lang='lat' dir='ltr'><strong>quaet</strong></span> <span class='ocrx_word' id='word_1_7' title='bbox 263 493 281 533; x_wconf 83' lang='lat' dir='ltr'><strong>e</strong></span> <span class='ocrx_word' id='word_1_8' title='bbox 293 472 439 533; x_wconf 65' lang='lat' dir='ltr'><strong>divinum</strong></span> <span class='ocrx_word' id='word_1_9' title='bbox 452 482 483 531; x_wconf 86' lang='lat' dir='ltr'><strong>et</strong></span> <span class='ocrx_word' id='word_1_10' title='bbox 495 472 617 532; x_wconf 55' lang='lat' dir='ltr'><strong>rusae</strong></span> <span class='ocrx_word' id='word_1_11' title='bbox 629 487 692 549; x_wconf 76' lang='lat' dir='ltr'><strong>mre</strong></span> <span class='ocrx_word' id='word_1_12' title='bbox 700 471 798 532; x_wconf 88' lang='lat' dir='ltr'><strong>alieno</strong></span> <span class='ocrx_word' id='word_1_13' title='bbox 810 481 842 537; x_wconf 81' lang='lat' dir='ltr'><strong>et</strong></span> <span class='ocrx_word' id='word_1_14' title='bbox 855 490 893 531; x_wconf 79' lang='lat' dir='ltr'><strong>en</strong></span> <span class='ocrx_word' id='word_1_15' title='bbox 910 471 1103 543; x_wconf 77' lang='lat' dir='ltr'><strong>locationibus</strong></span> <span class='ocrx_word' id='word_1_16' title='bbox 1114 472 1241 554; x_wconf 86' lang='lat' dir='ltr'><strong>accepit,</strong></span> <span class='ocrx_word' id='word_1_17' title='bbox 1274 494 1275 499; x_wconf 50' lang='lat'>¹</span> 
     </span>
    </p>
   </div>
   <div class='ocr_carea' id='block_1_2' title="bbox 138 542 1364 737">
    <p class='ocr_par' dir='ltr' id='par_1_2' title="bbox 10 542 1364 737">
     <span class='ocr_line' id='line_1_3' title="bbox 139 542 1241 649; baseline 0 -22"><span class='ocrx_word' id='word_1_18' title='bbox 139 586 205 627; x_wconf 80' lang='lat' dir='ltr'><strong>enni</strong></span> <span class='ocrx_word' id='word_1_19' title='bbox 217 566 348 644; x_wconf 82' lang='lat' dir='ltr'><strong>emplius</strong></span> <span class='ocrx_word' id='word_1_20' title='bbox 364 564 561 644; x_wconf 70' lang='lat' dir='ltr'><strong>qnadraginta</strong></span> <span class='ocrx_word' id='word_1_21' title='bbox 580 542 704 624; x_wconf 79' lang='lat' dir='ltr'><strong>talenta</strong></span> <span class='ocrx_word' id='word_1_22' title='bbox 715 564 867 649; x_wconf 85' lang='lat' dir='ltr'><strong>occepisse</strong></span> <span class='ocrx_word' id='word_1_23' title='bbox 887 565 1044 638; x_wconf 81' lang='lat' dir='ltr'><strong>constabit,</strong></span> <span class='ocrx_word' id='word_1_24' title='bbox 1057 565 1187 645; x_wconf 80' lang='lat' dir='ltr'><strong>exceptis</strong></span> <span class='ocrx_word' id='word_1_25' title='bbox 1205 569 1241 627; x_wconf 88' lang='lat' dir='ltr'><strong>iis</strong></span> 
     </span>
     <span class='ocr_line' id='line_1_4' title="bbox 138 650 1364 737; baseline 0.001 -19"><span class='ocrx_word' id='word_1_26' title='bbox 138 679 205 737; x_wconf 66' lang='lat' dir='ltr'><strong>qne</strong></span> <span class='ocrx_word' id='word_1_27' title='bbox 214 650 268 718; x_wconf 86' lang='lat' dir='ltr'><strong>hic</strong></span> <span class='ocrx_word' id='word_1_28' title='bbox 281 678 309 717; x_wconf 83' lang='lat' dir='ltr'><strong>er</strong></span> <span class='ocrx_word' id='word_1_29' title='bbox 300 657 454 727; x_wconf 81' lang='lat' dir='ltr'><strong>donarit,</strong></span> <span class='ocrx_word' id='word_1_30' title='bbox 468 668 500 715; x_wconf 88' lang='lat' dir='ltr'><strong>et</strong></span> <span class='ocrx_word' id='word_1_31' title='bbox 511 658 652 733; x_wconf 74' lang='lat' dir='ltr'><strong>maternis</strong></span> <span class='ocrx_word' id='word_1_32' title='bbox 664 655 781 735; x_wconf 88' lang='lat' dir='ltr'><strong>opibus,</strong></span> <span class='ocrx_word' id='word_1_33' title='bbox 795 656 894 717; x_wconf 86' lang='lat' dir='ltr'><strong>stillis</strong></span> <span class='ocrx_word' id='word_1_34' title='bbox 907 666 1033 735; x_wconf 76' lang='lat' dir='ltr'><strong>quatuor</strong></span> <span class='ocrx_word' id='word_1_35' title='bbox 1043 659 1161 719; x_wconf 86' lang='lat' dir='ltr'><strong>talentis</strong></span> <span class='ocrx_word' id='word_1_36' title='bbox 1173 678 1241 719; x_wconf 87' lang='lat' dir='ltr'><strong>cum</strong></span> <span class='ocrx_word' id='word_1_37' title='bbox 1288 676 1291 680; x_wconf 66' lang='grc'><strong><em>’</em></strong></span> <span class='ocrx_word' id='word_1_38' title='bbox 1361 682 1364 689; x_wconf 94' lang='lat'><em>·</em></span> 
     </span>
    </p>
   </div>
   <div class='ocr_carea' id='block_1_3' title="bbox 139 745 1257 827">
    <p class='ocr_par' dir='ltr' id='par_1_3' title="bbox 139 745 1257 827">
     <span class='ocr_line' id='line_1_5' title="bbox 139 745 1257 827; baseline -0.001 -15"><span class='ocrx_word' id='word_1_39' title='bbox 139 751 260 811; x_wconf 79' lang='lat' dir='ltr'><strong>‹hnidio</strong></span> <span class='ocrx_word' id='word_1_40' title='bbox 273 760 311 811; x_wconf 75' lang='lat' dir='ltr'><strong>et=</strong></span> <span class='ocrx_word' id='word_1_41' title='bbox 319 750 466 811; x_wconf 72' lang='lat' dir='ltr'>sexcentis</span> <span class='ocrx_word' id='word_1_42' title='bbox 480 749 638 822; x_wconf 82' lang='lat' dir='ltr'><strong>drachmis,</strong></span> <span class='ocrx_word' id='word_1_43' title='bbox 651 769 719 827; x_wconf 78' lang='lat' dir='ltr'><strong>qum</strong></span> <span class='ocrx_word' id='word_1_44' title='bbox 731 758 855 827; x_wconf 84' lang='lat' dir='ltr'><strong>eccepto</strong></span> <span class='ocrx_word' id='word_1_45' title='bbox 864 748 902 807; x_wconf 94' lang='lat' dir='ltr'><strong>de</strong></span> <span class='ocrx_word' id='word_1_46' title='bbox 915 768 1019 809; x_wconf 87' lang='lat' dir='ltr'><strong>mensa</strong></span> <span class='ocrx_word' id='word_1_47' title='bbox 1030 770 1090 811; x_wconf 85' lang='lat' dir='ltr'><strong>nnn</strong></span> <span class='ocrx_word' id='word_1_48' title='bbox 1103 752 1208 811; x_wconf 86' lang='lat' dir='ltr'><strong>reddit.</strong></span> <span class='ocrx_word' id='word_1_49' title='bbox 1254 745 1257 759; x_wconf 81' lang='lat'><em>&#39;</em></span> 
     </span>
    </p>
   </div>
   <div class='ocr_carea' id='block_1_4' title="bbox 10 838 1368 1198">
    <p class='ocr_par' dir='ltr' id='par_1_4' title="bbox 10 838 1368 1198">
     <span class='ocr_line' id='line_1_6' title="bbox 167 838 1368 929; baseline -0.001 -26"><span class='ocrx_word' id='word_1_50' title='bbox 167 845 229 903; x_wconf 77' lang='grc'><strong>-15,</strong></span> <span class='ocrx_word' id='word_1_51' title='bbox 250 843 294 902; x_wconf 82' lang='lat' dir='ltr'><strong>At</strong></span> <span class='ocrx_word' id='word_1_52' title='bbox 313 842 388 903; x_wconf 74' lang='lat' dir='ltr'><strong>binc</strong></span> <span class='ocrx_word' id='word_1_53' title='bbox 401 842 532 921; x_wconf 74' lang='lat' dir='ltr'><strong>respub,</strong></span> <span class='ocrx_word' id='word_1_54' title='bbox 553 840 676 919; x_wconf 73' lang='lat' dir='ltr'><strong>inqu&#39;aet,</strong></span> <span class='ocrx_word' id='word_1_55' title='bbox 698 842 825 919; x_wconf 79' lang='lat' dir='ltr'><strong>accepit,</strong></span> <span class='ocrx_word' id='word_1_56' title='bbox 837 850 869 900; x_wconf 81' lang='lat' dir='ltr'><strong>et</strong></span> <span class='ocrx_word' id='word_1_57' title='bbox 887 840 988 921; x_wconf 83' lang='lat' dir='ltr'><strong>inique</strong></span> <span class='ocrx_word' id='word_1_58' title='bbox 1009 862 1125 929; x_wconf 84' lang='lat' dir='ltr'><strong>mecum</strong></span> <span class='ocrx_word' id='word_1_59' title='bbox 1143 852 1240 908; x_wconf 86' lang='lat' dir='ltr'><strong>actum</strong></span> <span class='ocrx_word' id='word_1_60' title='bbox 1365 838 1368 847; x_wconf 75' lang='grc'>’</span> 
     </span>
     <span class='ocr_line' id='line_1_7' title="bbox 10 932 1250 1014; baseline 0 -18"><span class='ocrx_word' id='word_1_61' title='bbox 10 937 11 948; x_wconf 73' lang='grc'>’</span> <span class='ocrx_word' id='word_1_62' title='bbox 68 979 73 984; x_wconf 78' lang='lat'><em>-</em></span> <span class='ocrx_word' id='word_1_63' title='bbox 138 934 259 1013; x_wconf 84' lang='lat' dir='ltr'><strong>estqui</strong></span> <span class='ocrx_word' id='word_1_64' title='bbox 279 934 376 993; x_wconf 73' lang='lat' dir='ltr'><strong>nnus</strong></span> <span class='ocrx_word' id='word_1_65' title='bbox 392 934 423 993; x_wconf 90' lang='lat' dir='ltr'><strong>in</strong></span> <span class='ocrx_word' id='word_1_66' title='bbox 442 934 575 1013; x_wconf 83' lang='lat' dir='ltr'><strong>rempub.</strong></span> <span class='ocrx_word' id='word_1_67' title='bbox 595 932 793 995; x_wconf 71' lang='lat' dir='ltr'>contulerim?</span> <span class='ocrx_word' id='word_1_68' title='bbox 825 934 899 1007; x_wconf 81' lang='lat' dir='ltr'><strong>Ino,</strong></span> <span class='ocrx_word' id='word_1_69' title='bbox 914 953 980 1011; x_wconf 81' lang='lat' dir='ltr'><strong>quae</strong></span> <span class='ocrx_word' id='word_1_70' title='bbox 1002 935 1114 1013; x_wconf 85' lang='lat' dir='ltr'><strong>reipub.</strong></span> <span class='ocrx_word' id='word_1_71' title='bbox 1127 936 1250 1014; x_wconf 56' lang='lat' dir='ltr'><strong>pressi„</strong></span> 
     </span>
     <span class='ocr_line' id='line_1_8' title="bbox 10 1024 1241 1105; baseline 0.001 -19"><span class='ocrx_word' id='word_1_72' title='bbox 10 1033 12 1049; x_wconf 87' lang='lat'>&#39;</span> <span class='ocrx_word' id='word_1_73' title='bbox 137 1028 208 1101; x_wconf 75' lang='lat' dir='ltr'><strong>tisti,</strong></span> <span class='ocrx_word' id='word_1_74' title='bbox 222 1047 262 1090; x_wconf 83' lang='lat' dir='ltr'><strong>ea</strong></span> <span class='ocrx_word' id='word_1_75' title='bbox 286 1024 326 1086; x_wconf 84' lang='lat' dir='ltr'><strong>de</strong></span> <span class='ocrx_word' id='word_1_76' title='bbox 345 1025 494 1098; x_wconf 83' lang='lat' dir='ltr'><strong>communi</strong></span> <span class='ocrx_word' id='word_1_77' title='bbox 512 1025 637 1105; x_wconf 83' lang='lat' dir='ltr'><strong>pecnnia</strong></span> <span class='ocrx_word' id='word_1_78' title='bbox 649 1035 681 1085; x_wconf 90' lang='lat' dir='ltr'><strong>tu</strong></span> <span class='ocrx_word' id='word_1_79' title='bbox 702 1035 733 1085; x_wconf 92' lang='lat' dir='ltr'><strong>et</strong></span> <span class='ocrx_word' id='word_1_80' title='bbox 755 1024 845 1084; x_wconf 82' lang='lat' dir='ltr'><strong>frater</strong></span> <span class='ocrx_word' id='word_1_81' title='bbox 863 1025 1066 1103; x_wconf 73' lang='lat' dir='ltr'><strong>impendistis:</strong></span> <span class='ocrx_word' id='word_1_82' title='bbox 1087 1047 1154 1105; x_wconf 80' lang='lat' dir='ltr'><strong>quae</strong></span> <span class='ocrx_word' id='word_1_83' title='bbox 1171 1046 1241 1087; x_wconf 82' lang='lat' dir='ltr'><strong>vero</strong></span> 
     </span>
     <span class='ocr_line' id='line_1_9' title="bbox 10 1117 1241 1198; baseline -0.001 -18"><span class='ocrx_word' id='word_1_84' title='bbox 10 1119 11 1124; x_wconf 69' lang='grc'>’</span> <span class='ocrx_word' id='word_1_85' title='bbox 137 1118 258 1191; x_wconf 81' lang='lat' dir='ltr'><strong>deinde,</strong></span> <span class='ocrx_word' id='word_1_86' title='bbox 271 1126 389 1177; x_wconf 84' lang='lat' dir='ltr'><strong>tuntum</strong></span> <span class='ocrx_word' id='word_1_87' title='bbox 411 1119 497 1183; x_wconf 82' lang='lat' dir='ltr'><strong>abest</strong></span> <span class='ocrx_word' id='word_1_88' title='bbox 519 1127 552 1177; x_wconf 89' lang='lat' dir='ltr'><strong>ut</strong></span> <span class='ocrx_word' id='word_1_89' title='bbox 573 1119 700 1179; x_wconf 87' lang='lat' dir='ltr'><strong>duorum</strong></span> <span class='ocrx_word' id='word_1_90' title='bbox 721 1117 873 1189; x_wconf 68' lang='lat' dir='ltr'><strong>talentum,</strong></span> <span class='ocrx_word' id='word_1_91' title='bbox 893 1126 928 1177; x_wconf 88' lang='lat' dir='ltr'><strong>ut</strong></span> <span class='ocrx_word' id='word_1_92' title='bbox 946 1138 985 1177; x_wconf 87' lang='lat' dir='ltr'><strong>nc</strong></span> <span class='ocrx_word' id='word_1_93' title='bbox 998 1118 1107 1197; x_wconf 53' lang='lat' dir='ltr'><strong>viginti,</strong></span> <span class='ocrx_word' id='word_1_94' title='bbox 1121 1120 1241 1198; x_wconf 87' lang='lat' dir='ltr'><strong>quidem</strong></span> 
     </span>
    </p>
   </div>
   <div class='ocr_carea' id='block_1_5' title="bbox 138 1210 1243 1662">
    <p class='ocr_par' dir='ltr' id='par_1_5' title="bbox 138 1210 1243 1662">
     <span class='ocr_line' id='line_1_10' title="bbox 138 1210 1242 1291; baseline 0.002 -19"><span class='ocrx_word' id='word_1_95' title='bbox 138 1212 297 1283; x_wconf 79' lang='lat' dir='ltr'><strong>minarum,</strong></span> <span class='ocrx_word' id='word_1_96' title='bbox 309 1210 436 1269; x_wconf 85' lang='lat' dir='ltr'><strong>reditum</strong></span> <span class='ocrx_word' id='word_1_97' title='bbox 450 1219 579 1288; x_wconf 82' lang='lat' dir='ltr'><strong>oequcnt.</strong></span> <span class='ocrx_word' id='word_1_98' title='bbox 605 1210 653 1269; x_wconf 89' lang='lat' dir='ltr'><strong>Ne</strong></span> <span class='ocrx_word' id='word_1_99' title='bbox 665 1210 754 1289; x_wconf 77' lang='lat' dir='ltr'><strong>igibus</strong></span> <span class='ocrx_word' id='word_1_100' title='bbox 765 1229 857 1290; x_wconf 82' lang='lat' dir='ltr'><strong>remp.</strong></span> <span class='ocrx_word' id='word_1_101' title='bbox 874 1210 1038 1284; x_wconf 79' lang='lat' dir='ltr'><strong>criminaie,</strong></span> <span class='ocrx_word' id='word_1_102' title='bbox 1051 1232 1118 1283; x_wconf 86' lang='lat' dir='ltr'><strong>nec,</strong></span> <span class='ocrx_word' id='word_1_103' title='bbox 1128 1234 1196 1291; x_wconf 74' lang='lat' dir='ltr'><strong>qum</strong></span> <span class='ocrx_word' id='word_1_104' title='bbox 1208 1224 1242 1274; x_wconf 82' lang='lat' dir='ltr'><strong>ur</strong></span> 
     </span>
     <span class='ocr_line' id='line_1_11' title="bbox 140 1302 1241 1383; baseline 0.003 -20"><span class='ocrx_word' id='word_1_105' title='bbox 140 1304 178 1363; x_wconf 88' lang='lat' dir='ltr'><strong>de</strong></span> <span class='ocrx_word' id='word_1_106' title='bbox 190 1302 369 1383; x_wconf 86' lang='lat' dir='ltr'><strong>patrimonio</strong></span> <span class='ocrx_word' id='word_1_107' title='bbox 381 1302 526 1380; x_wconf 82' lang='lat' dir='ltr'><strong>flagitiose</strong></span> <span class='ocrx_word' id='word_1_108' title='bbox 539 1312 570 1361; x_wconf 89' lang='lat' dir='ltr'><strong>et</strong></span> <span class='ocrx_word' id='word_1_109' title='bbox 585 1303 662 1363; x_wconf 81' lang='lat' dir='ltr'><strong>male</strong></span> <span class='ocrx_word' id='word_1_110' title='bbox 674 1302 838 1383; x_wconf 78' lang='lat' dir='ltr'><strong>perth&#39;disti,</strong></span> <span class='ocrx_word' id='word_1_111' title='bbox 850 1302 984 1383; x_wconf 80' lang='lat' dir='ltr'><strong>impense</strong></span> <span class='ocrx_word' id='word_1_112' title='bbox 997 1324 1063 1365; x_wconf 85' lang='lat' dir='ltr'><strong>csse</strong></span> <span class='ocrx_word' id='word_1_113' title='bbox 1076 1305 1165 1365; x_wconf 81' lang='lat' dir='ltr'><strong>dicito</strong></span> <span class='ocrx_word' id='word_1_114' title='bbox 1186 1307 1241 1366; x_wconf 86' lang='lat' dir='ltr'><strong>rei-</strong></span> 
     </span>
     <span class='ocr_line' id='line_1_12' title="bbox 138 1394 1243 1477; baseline 0.002 -22"><span class='ocrx_word' id='word_1_115' title='bbox 138 1398 206 1475; x_wconf 86' lang='lat' dir='ltr'><strong>pub.</strong></span> <span class='ocrx_word' id='word_1_116' title='bbox 252 1397 295 1454; x_wconf 89' lang='lat' dir='ltr'><strong>Ut</strong></span> <span class='ocrx_word' id='word_1_117' title='bbox 315 1394 535 1468; x_wconf 70' lang='lat' dir='ltr'><strong>accensemus,</strong></span> <span class='ocrx_word' id='word_1_118' title='bbox 553 1395 760 1468; x_wconf 65' lang='lat' dir='ltr'><strong>Athenienses,</strong></span> <span class='ocrx_word' id='word_1_119' title='bbox 779 1405 811 1454; x_wconf 86' lang='lat' dir='ltr'><strong>et</strong></span> <span class='ocrx_word' id='word_1_120' title='bbox 826 1396 1039 1477; x_wconf 78' lang='lat' dir='ltr'><strong>multitudinem</strong></span> <span class='ocrx_word' id='word_1_121' title='bbox 1053 1399 1243 1477; x_wconf 79' lang='lat' dir='ltr'><strong>pecuniarum</strong></span> 
     </span>
     <span class='ocr_line' id='line_1_13' title="bbox 139 1471 1241 1593; baseline 0.003 -43"><span class='ocrx_word' id='word_1_122' title='bbox 139 1508 214 1567; x_wconf 78' lang='lat' dir='ltr'><strong>qm</strong></span> <span class='ocrx_word' id='word_1_123' title='bbox 236 1487 367 1567; x_wconf 86' lang='lat' dir='ltr'><strong>accepit,</strong></span> <span class='ocrx_word' id='word_1_124' title='bbox 385 1498 417 1547; x_wconf 92' lang='lat' dir='ltr'><strong>et</strong></span> <span class='ocrx_word' id='word_1_125' title='bbox 438 1504 639 1567; x_wconf 75' lang='lat' dir='ltr'><strong>muneraque</strong></span> <span class='ocrx_word' id='word_1_126' title='bbox 660 1488 742 1562; x_wconf 78' lang='lat' dir='ltr'><strong>obiit,</strong></span> <span class='ocrx_word' id='word_1_127' title='bbox 765 1471 935 1568; x_wconf 72' lang='lat' dir='ltr'><strong>singulatim</strong></span> <span class='ocrx_word' id='word_1_128' title='bbox 956 1492 1040 1553; x_wconf 70' lang='lat' dir='ltr'><strong>vohis</strong></span> <span class='ocrx_word' id='word_1_129' title='bbox 1058 1491 1106 1551; x_wconf 89' lang='lat' dir='ltr'><strong>hic</strong></span> <span class='ocrx_word' id='word_1_130' title='bbox 1123 1491 1241 1593; x_wconf 83' lang='lat' dir='ltr'><strong>libellus</strong></span> 
     </span>
     <span class='ocr_line' id='line_1_14' title="bbox 138 1582 889 1662; baseline 0.004 -21"><span class='ocrx_word' id='word_1_131' title='bbox 138 1582 264 1662; x_wconf 66' lang='lat' dir='ltr'><strong>legeuit,</strong></span> <span class='ocrx_word' id='word_1_132' title='bbox 277 1590 310 1641; x_wconf 91' lang='lat' dir='ltr'><strong>et</strong></span> <span class='ocrx_word' id='word_1_133' title='bbox 320 1582 491 1660; x_wconf 62' lang='lat' dir='ltr'><strong>prouocatio</strong></span> <span class='ocrx_word' id='word_1_134' title='bbox 503 1582 581 1654; x_wconf 81' lang='lat' dir='ltr'><strong>hoec,</strong></span> <span class='ocrx_word' id='word_1_135' title='bbox 593 1583 699 1643; x_wconf 83' lang='lat' dir='ltr'><strong>etbsse</strong></span> <span class='ocrx_word' id='word_1_136' title='bbox 711 1584 889 1644; x_wconf 67' lang='lat' dir='ltr'><strong>testimoium</strong></span> 
     </span>
    </p>
   </div>
   <div class='ocr_carea' id='block_1_6' title="bbox 237 1790 1116 1924">
    <p class='ocr_par' dir='ltr' id='par_1_6' title="bbox 237 1790 1116 1924">
     <span class='ocr_line' id='line_1_15' title="bbox 237 1790 1116 1924; baseline 0.001 -45"><span class='ocrx_word' id='word_1_137' title='bbox 237 1813 474 1924; x_wconf 77' lang='lat' dir='ltr'><strong>‚nmssnps</strong></span> <span class='ocrx_word' id='word_1_138' title='bbox 517 1790 801 1877; x_wconf 77' lang='grc' dir='ltr'>ιιιονοοιιιο.</span> <span class='ocrx_word' id='word_1_139' title='bbox 841 1792 1116 1881; x_wconf 61' lang='lat' dir='ltr'><strong>nummorum,</strong></span> 
     </span>
    </p>
   </div>
   <div class='ocr_carea' id='block_1_7' title="bbox 138 1967 1241 2421">
    <p class='ocr_par' dir='ltr' id='par_1_7' title="bbox 138 1967 1241 2421">
     <span class='ocr_line' id='line_1_16' title="bbox 141 1967 1241 2047; baseline 0.005 -20"><span class='ocrx_word' id='word_1_140' title='bbox 141 1968 269 2027; x_wconf 79' lang='lat' dir='ltr'><strong>Tantam</strong></span> <span class='ocrx_word' id='word_1_141' title='bbox 286 1967 378 2047; x_wconf 73' lang='lat' dir='ltr'><strong>igitur</strong></span> <span class='ocrx_word' id='word_1_142' title='bbox 390 1969 542 2045; x_wconf 82' lang='lat' dir='ltr'><strong>pecuniam</strong></span> <span class='ocrx_word' id='word_1_143' title='bbox 554 1986 621 2026; x_wconf 92' lang='lat' dir='ltr'><strong>cum</strong></span> <span class='ocrx_word' id='word_1_144' title='bbox 643 1970 790 2046; x_wconf 84' lang='lat' dir='ltr'><strong>acceperit</strong></span> <span class='ocrx_word' id='word_1_145' title='bbox 803 1979 834 2028; x_wconf 90' lang='lat' dir='ltr'><strong>et</strong></span> <span class='ocrx_word' id='word_1_146' title='bbox 846 1970 966 2029; x_wconf 85' lang='lat' dir='ltr'><strong>nomina</strong></span> <span class='ocrx_word' id='word_1_147' title='bbox 981 1970 1134 2031; x_wconf 88' lang='lat' dir='ltr'><strong>multorum</strong></span> <span class='ocrx_word' id='word_1_148' title='bbox 1148 1976 1241 2035; x_wconf 85' lang='lat' dir='ltr'><strong>talen-</strong></span> 
     </span>
     <span class='ocr_line' id='line_1_17' title="bbox 139 2054 1241 2140; baseline 0.005 -20"><span class='ocrx_word' id='word_1_149' title='bbox 139 2074 202 2120; x_wconf 89' lang='lat' dir='ltr'><strong>tum</strong></span> <span class='ocrx_word' id='word_1_150' title='bbox 216 2060 317 2120; x_wconf 81' lang='lat' dir='ltr'><strong>sdlrnc</strong></span> <span class='ocrx_word' id='word_1_151' title='bbox 330 2060 449 2131; x_wconf 87' lang='lat' dir='ltr'><strong>habeat,</strong></span> <span class='ocrx_word' id='word_1_152' title='bbox 463 2079 588 2137; x_wconf 88' lang='lat' dir='ltr'><strong>quorum</strong></span> <span class='ocrx_word' id='word_1_153' title='bbox 600 2059 659 2120; x_wconf 84' lang='lat' dir='ltr'><strong>slis</strong></span> <span class='ocrx_word' id='word_1_154' title='bbox 673 2078 691 2119; x_wconf 91' lang='lat' dir='ltr'><strong>a</strong></span> <span class='ocrx_word' id='word_1_155' title='bbox 703 2054 869 2123; x_wconf 78' lang='lat' dir='ltr'><strong>volentibus</strong></span> <span class='ocrx_word' id='word_1_156' title='bbox 883 2062 988 2139; x_wconf 75' lang='lat' dir='ltr'><strong>exigit,</strong></span> <span class='ocrx_word' id='word_1_157' title='bbox 998 2057 1177 2140; x_wconf 83' lang='lat' dir='ltr'><strong>aliajudicio</strong></span> <span class='ocrx_word' id='word_1_158' title='bbox 1191 2086 1241 2125; x_wconf 79' lang='lat' dir='ltr'><strong>cn-</strong></span> 
     </span>
     <span class='ocr_line' id='line_1_18' title="bbox 139 2150 1240 2231; baseline 0.005 -19"><span class='ocrx_word' id='word_1_159' title='bbox 139 2161 268 2231; x_wconf 83' lang='lat' dir='ltr'><strong>torquet,</strong></span> <span class='ocrx_word' id='word_1_160' title='bbox 289 2171 357 2230; x_wconf 84' lang='lat' dir='ltr'><strong>qnse</strong></span> <span class='ocrx_word' id='word_1_161' title='bbox 380 2161 463 2211; x_wconf 87' lang='lat' dir='ltr'><strong>extra</strong></span> <span class='ocrx_word' id='word_1_162' title='bbox 483 2170 593 2211; x_wconf 86' lang='lat' dir='ltr'><strong>mensae</strong></span> <span class='ocrx_word' id='word_1_163' title='bbox 613 2150 785 2211; x_wconf 79' lang='lat' dir='ltr'><strong>locationem</strong></span> <span class='ocrx_word' id='word_1_164' title='bbox 802 2162 833 2211; x_wconf 91' lang='lat' dir='ltr'><strong>et</strong></span> <span class='ocrx_word' id='word_1_165' title='bbox 854 2154 976 2212; x_wconf 71' lang='lat' dir='ltr'><strong>&#39;coet&#39;eras</strong></span> <span class='ocrx_word' id='word_1_166' title='bbox 999 2172 1068 2231; x_wconf 90' lang='lat' dir='ltr'><strong>opes</strong></span> <span class='ocrx_word' id='word_1_167' title='bbox 1083 2174 1101 2214; x_wconf 86' lang='lat' dir='ltr'><strong>a</strong></span> <span class='ocrx_word' id='word_1_168' title='bbox 1115 2154 1240 2218; x_wconf 89' lang='lat' dir='ltr'><strong>Pasione</strong></span> 
     </span>
     <span class='ocr_line' id='line_1_19' title="bbox 138 2237 1241 2328; baseline 0.003 -23"><span class='ocrx_word' id='word_1_169' title='bbox 138 2237 256 2305; x_wconf 78' lang='lat' dir='ltr'><strong>relictas</strong></span> <span class='ocrx_word' id='word_1_170' title='bbox 273 2242 302 2303; x_wconf 92' lang='lat' dir='ltr'><strong>ei</strong></span> <span class='ocrx_word' id='word_1_171' title='bbox 320 2244 511 2314; x_wconf 78' lang='lat' dir='ltr'><strong>debebantur,</strong></span> <span class='ocrx_word' id='word_1_172' title='bbox 529 2261 652 2323; x_wconf 86' lang='lat' dir='ltr'><strong>qneeque</strong></span> <span class='ocrx_word' id='word_1_173' title='bbox 674 2263 755 2303; x_wconf 88' lang='lat' dir='ltr'><strong>nunc</strong></span> <span class='ocrx_word' id='word_1_174' title='bbox 780 2244 819 2303; x_wconf 88' lang='lat' dir='ltr'><strong>sd</strong></span> <span class='ocrx_word' id='word_1_175' title='bbox 841 2244 915 2304; x_wconf 85' lang='lat' dir='ltr'><strong>istos</strong></span> <span class='ocrx_word' id='word_1_176' title='bbox 937 2246 1092 2320; x_wconf 83' lang='lat' dir='ltr'><strong>redierunt,</strong></span> <span class='ocrx_word' id='word_1_177' title='bbox 1116 2267 1241 2328; x_wconf 88' lang='lat' dir='ltr'><strong>cumque</strong></span> 
     </span>
     <span class='ocr_line' id='line_1_20' title="bbox 139 2333 1241 2421; baseline 0.005 -23"><span class='ocrx_word' id='word_1_178' title='bbox 139 2337 269 2398; x_wconf 82' lang='lat' dir='ltr'><strong>tantillos</strong></span> <span class='ocrx_word' id='word_1_179' title='bbox 284 2347 417 2417; x_wconf 83' lang='lat' dir='ltr'><strong>sumptus</strong></span> <span class='ocrx_word' id='word_1_180' title='bbox 431 2336 531 2404; x_wconf 82' lang='lat' dir='ltr'><strong>lecerit</strong></span> <span class='ocrx_word' id='word_1_181' title='bbox 555 2333 713 2415; x_wconf 85' lang='lat' dir='ltr'><strong>quantulos</strong></span> <span class='ocrx_word' id='word_1_182' title='bbox 727 2354 781 2397; x_wconf 83' lang='lat' dir='ltr'><strong>vos</strong></span> <span class='ocrx_word' id='word_1_183' title='bbox 800 2337 962 2413; x_wconf 80' lang='lat' dir='ltr'><strong>audivistis,</strong></span> <span class='ocrx_word' id='word_1_184' title='bbox 981 2360 1020 2399; x_wconf 88' lang='lat' dir='ltr'><strong>ne</strong></span> <span class='ocrx_word' id='word_1_185' title='bbox 1041 2339 1160 2402; x_wconf 82' lang='lat' dir='ltr'><strong>minima</strong></span> <span class='ocrx_word' id='word_1_186' title='bbox 1177 2341 1241 2421; x_wconf 88' lang='lat' dir='ltr'><strong>qui·</strong></span> 
     </span>
    </p>
   </div>
   <div class='ocr_carea' id='block_1_8' title="bbox 10 2427 1240 2514">
    <p class='ocr_par' dir='ltr' id='par_1_8' title="bbox 10 2427 1240 2514">
     <span class='ocr_line' id='line_1_21' title="bbox 10 2427 1240 2514; baseline 0.011 -30"><span class='ocrx_word' id='word_1_187' title='bbox 10 2478 11 2484; x_wconf 74' lang='grc'>,</span> <span class='ocrx_word' id='word_1_188' title='bbox 138 2431 207 2492; x_wconf 86' lang='lat' dir='ltr'><strong>dem</strong></span> <span class='ocrx_word' id='word_1_189' title='bbox 227 2427 373 2489; x_wconf 81' lang='lat' dir='ltr'><strong>redituum</strong></span> <span class='ocrx_word' id='word_1_190' title='bbox 387 2438 479 2508; x_wconf 87' lang='lat' dir='ltr'><strong>parte,</strong></span> <span class='ocrx_word' id='word_1_191' title='bbox 492 2428 601 2489; x_wconf 89' lang='lat' dir='ltr'><strong>nedum</strong></span> <span class='ocrx_word' id='word_1_192' title='bbox 615 2438 694 2503; x_wconf 84' lang='lat' dir='ltr'><strong>sorte</strong></span> <span class='ocrx_word' id='word_1_193' title='bbox 707 2430 782 2510; x_wconf 86' lang='lat' dir='ltr'><strong>ipse,</strong></span> <span class='ocrx_word' id='word_1_194' title='bbox 794 2430 824 2489; x_wconf 85' lang='lat' dir='ltr'><strong>in</strong></span> <span class='ocrx_word' id='word_1_195' title='bbox 838 2430 956 2510; x_wconf 84' lang='lat' dir='ltr'><strong>publica</strong></span> <span class='ocrx_word' id='word_1_196' title='bbox 967 2452 1088 2494; x_wconf 86' lang='lat' dir='ltr'><strong>munera</strong></span> <span class='ocrx_word' id='word_1_197' title='bbox 1098 2434 1240 2514; x_wconf 88' lang='lat' dir='ltr'><strong>impensa,</strong></span> 
     </span>
    </p>
   </div>
   <div class='ocr_carea' id='block_1_9' title="bbox 127 2523 1241 2883">
    <p class='ocr_par' dir='ltr' id='par_1_9' title="bbox 127 2523 1241 2883">
     <span class='ocr_line' id='line_1_22' title="bbox 127 2523 1239 2606; baseline 0.003 -20"><span class='ocrx_word' id='word_1_198' title='bbox 127 2537 239 2586; x_wconf 72' lang='lat' dir='ltr'><strong>‹tamen</strong></span> <span class='ocrx_word' id='word_1_199' title='bbox 261 2524 436 2602; x_wconf 80' lang='lat' dir='ltr'><strong>gloriabitur</strong></span> <span class='ocrx_word' id='word_1_200' title='bbox 447 2533 478 2584; x_wconf 89' lang='lat' dir='ltr'><strong>et</strong></span> <span class='ocrx_word' id='word_1_201' title='bbox 490 2523 697 2584; x_wconf 74' lang='lat' dir='ltr'><strong>instructiones</strong></span> <span class='ocrx_word' id='word_1_202' title='bbox 710 2523 868 2584; x_wconf 78' lang='lat' dir='ltr'><strong>triremium</strong></span> <span class='ocrx_word' id='word_1_203' title='bbox 885 2523 1088 2586; x_wconf 79' lang='lat' dir='ltr'><strong>etaedilitates</strong></span> <span class='ocrx_word' id='word_1_204' title='bbox 1097 2528 1239 2606; x_wconf 86' lang='lat' dir='ltr'><strong>jactabit:</strong></span> 
     </span>
     <span class='ocr_line' id='line_1_23' title="bbox 140 2611 1240 2698; baseline 0 -18"><span class='ocrx_word' id='word_1_205' title='bbox 140 2611 197 2698; x_wconf 70' lang='lat' dir='ltr'><strong>e&#39;go</strong></span> <span class='ocrx_word' id='word_1_206' title='bbox 210 2637 292 2688; x_wconf 78' lang='lat' dir='ltr'><strong>vero,</strong></span> <span class='ocrx_word' id='word_1_207' title='bbox 307 2636 344 2676; x_wconf 89' lang='lat' dir='ltr'><strong>ea</strong></span> <span class='ocrx_word' id='word_1_208' title='bbox 355 2616 433 2676; x_wconf 77' lang='lat' dir='ltr'><strong>falso</strong></span> <span class='ocrx_word' id='word_1_209' title='bbox 447 2615 602 2690; x_wconf 87' lang='lat' dir='ltr'><strong>dicturum,</strong></span> <span class='ocrx_word' id='word_1_210' title='bbox 617 2617 743 2676; x_wconf 86' lang='lat' dir='ltr'><strong>ostendi.</strong></span> <span class='ocrx_word' id='word_1_211' title='bbox 785 2616 860 2684; x_wconf 80' lang='lat' dir='ltr'><strong>Quae</strong></span> <span class='ocrx_word' id='word_1_212' title='bbox 882 2617 907 2676; x_wconf 92' lang='lat' dir='ltr'><strong>si</strong></span> <span class='ocrx_word' id='word_1_213' title='bbox 924 2637 993 2678; x_wconf 84' lang='lat' dir='ltr'><strong>vers</strong></span> <span class='ocrx_word' id='word_1_214' title='bbox 1014 2629 1115 2679; x_wconf 86' lang='lat' dir='ltr'><strong>essent</strong></span> <span class='ocrx_word' id='word_1_215' title='bbox 1134 2619 1240 2692; x_wconf 78' lang='lat' dir='ltr'><strong>omnia,</strong></span> 
     </span>
     <span class='ocr_line' id='line_1_24' title="bbox 139 2708 1241 2792; baseline 0.001 -21"><span class='ocrx_word' id='word_1_216' title='bbox 139 2711 293 2772; x_wconf 79' lang='lat' dir='ltr'><strong>honestius</strong></span> <span class='ocrx_word' id='word_1_217' title='bbox 305 2719 407 2785; x_wconf 84' lang='lat' dir='ltr'><strong>tamen</strong></span> <span class='ocrx_word' id='word_1_218' title='bbox 421 2719 450 2768; x_wconf 90' lang='lat' dir='ltr'><strong>et</strong></span> <span class='ocrx_word' id='word_1_219' title='bbox 458 2708 566 2788; x_wconf 88' lang='lat' dir='ltr'><strong>justius</strong></span> <span class='ocrx_word' id='word_1_220' title='bbox 581 2709 684 2788; x_wconf 88' lang='lat' dir='ltr'><strong>opinor</strong></span> <span class='ocrx_word' id='word_1_221' title='bbox 693 2709 781 2768; x_wconf 82' lang='lat' dir='ltr'><strong>fuerit</strong></span> <span class='ocrx_word' id='word_1_222' title='bbox 799 2709 887 2768; x_wconf 86' lang='lat' dir='ltr'><strong>istum</strong></span> <span class='ocrx_word' id='word_1_223' title='bbox 900 2710 983 2774; x_wconf 84' lang='lat' dir='ltr'><strong>vobis</strong></span> <span class='ocrx_word' id='word_1_224' title='bbox 1002 2710 1039 2769; x_wconf 89' lang='lat' dir='ltr'><strong>de</strong></span> <span class='ocrx_word' id='word_1_225' title='bbox 1059 2731 1113 2770; x_wconf 86' lang='lat' dir='ltr'><strong>suc</strong></span> <span class='ocrx_word' id='word_1_226' title='bbox 1133 2710 1241 2792; x_wconf 81' lang='lat' dir='ltr'><strong>largiri,</strong></span> 
     </span>
     <span class='ocr_line' id='line_1_25' title="bbox 139 2801 1241 2883; baseline 0.002 -20"><span class='ocrx_word' id='word_1_227' title='bbox 139 2823 239 2883; x_wconf 86' lang='lat' dir='ltr'><strong>quam,</strong></span> <span class='ocrx_word' id='word_1_228' title='bbox 256 2821 309 2867; x_wconf 85' lang='lat' dir='ltr'><strong>vos</strong></span> <span class='ocrx_word' id='word_1_229' title='bbox 330 2801 418 2881; x_wconf 84' lang='lat' dir='ltr'><strong>hujus</strong></span> <span class='ocrx_word' id='word_1_230' title='bbox 441 2821 516 2880; x_wconf 84' lang='lat' dir='ltr'><strong>opes</strong></span> <span class='ocrx_word' id='word_1_231' title='bbox 531 2802 581 2862; x_wconf 88' lang='lat' dir='ltr'><strong>isti</strong></span> <span class='ocrx_word' id='word_1_232' title='bbox 595 2803 721 2874; x_wconf 84' lang='lat' dir='ltr'><strong>tradere,</strong></span> <span class='ocrx_word' id='word_1_233' title='bbox 739 2805 774 2861; x_wconf 85' lang='lat' dir='ltr'><strong>ut</strong></span> <span class='ocrx_word' id='word_1_234' title='bbox 793 2802 849 2882; x_wconf 84' lang='lat' dir='ltr'><strong>ipsi</strong></span> <span class='ocrx_word' id='word_1_235' title='bbox 867 2802 964 2882; x_wconf 72' lang='lat' dir='ltr'><strong>parvis</strong></span> <span class='ocrx_word' id='word_1_236' title='bbox 982 2803 1187 2864; x_wconf 76' lang='lat' dir='ltr'><strong>emolumentis</strong></span> <span class='ocrx_word' id='word_1_237' title='bbox 1205 2825 1241 2865; x_wconf 85' lang='lat' dir='ltr'><strong>ex</strong></span> 
     </span>
    </p>
   </div>
   <div class='ocr_carea' id='block_1_10' title="bbox 141 2895 1360 3066">
    <p class='ocr_par' dir='ltr' id='par_1_10' title="bbox 141 2895 1360 3066">
     <span class='ocr_line' id='line_1_26' title="bbox 141 2895 1360 2974; baseline 0 -18"><span class='ocrx_word' id='word_1_238' title='bbox 141 2897 277 2956; x_wconf 85' lang='lat' dir='ltr'><strong>omnibns</strong></span> <span class='ocrx_word' id='word_1_239' title='bbox 298 2895 451 2973; x_wconf 81' lang='lat' dir='ltr'><strong>perceptis,</strong></span> <span class='ocrx_word' id='word_1_240' title='bbox 462 2895 540 2954; x_wconf 87' lang='lat' dir='ltr'><strong>hunc</strong></span> <span class='ocrx_word' id='word_1_241' title='bbox 553 2906 683 2954; x_wconf 81' lang='lat' dir='ltr'><strong>extrema</strong></span> <span class='ocrx_word' id='word_1_242' title='bbox 703 2895 801 2974; x_wconf 88' lang='lat' dir='ltr'><strong>inopia</strong></span> <span class='ocrx_word' id='word_1_243' title='bbox 814 2895 1041 2964; x_wconf 78' lang='lat' dir='ltr'><strong>conflictantem,</strong></span> <span class='ocrx_word' id='word_1_244' title='bbox 1055 2895 1142 2956; x_wconf 88' lang='lat' dir='ltr'><strong>istum</strong></span> <span class='ocrx_word' id='word_1_245' title='bbox 1162 2899 1240 2958; x_wconf 74' lang='lat' dir='ltr'><strong>inso‘·</strong></span> <span class='ocrx_word' id='word_1_246' title='bbox 1354 2933 1360 2942; x_wconf 81' lang='lat'><em>-</em></span> 
     </span>
     <span class='ocr_line' id='line_1_27' title="bbox 141 2986 1335 3066; baseline -0.002 -19"><span class='ocrx_word' id='word_1_247' title='bbox 141 2989 235 3050; x_wconf 92' lang='lat' dir='ltr'><strong>lenter</strong></span> <span class='ocrx_word' id='word_1_248' title='bbox 249 3009 281 3047; x_wconf 88' lang='lat' dir='ltr'><strong>se</strong></span> <span class='ocrx_word' id='word_1_249' title='bbox 295 2998 445 3066; x_wconf 86' lang='lat' dir='ltr'><strong>gerentem</strong></span> <span class='ocrx_word' id='word_1_250' title='bbox 458 2997 488 3046; x_wconf 92' lang='lat' dir='ltr'><strong>et</strong></span> <span class='ocrx_word' id='word_1_251' title='bbox 500 2988 531 3046; x_wconf 88' lang='lat' dir='ltr'><strong>in</strong></span> <span class='ocrx_word' id='word_1_252' title='bbox 543 3007 655 3066; x_wconf 83' lang='lat' dir='ltr'><strong>eaquae</strong></span> <span class='ocrx_word' id='word_1_253' title='bbox 669 2987 745 3047; x_wconf 87' lang='lat' dir='ltr'><strong>solet</strong></span> <span class='ocrx_word' id='word_1_254' title='bbox 757 2987 981 3065; x_wconf 84' lang='lat' dir='ltr'><strong>profundentem</strong></span> <span class='ocrx_word' id='word_1_255' title='bbox 997 2986 1160 3047; x_wconf 78' lang='lat' dir='ltr'><strong>tideatls.‘</strong></span> <span class='ocrx_word' id='word_1_256' title='bbox 1215 3013 1217 3018; x_wconf 96' lang='lat'>·</span> <span class='ocrx_word' id='word_1_257' title='bbox 1333 2987 1335 2990; x_wconf 72' lang='grc'>’</span> 
     </span>
    </p>
   </div>
   <div class='ocr_carea' id='block_1_11' title="bbox 65 3079 1283 3164">
    <p class='ocr_par' dir='ltr' id='par_1_11' title="bbox 65 3079 1283 3164">
     <span class='ocr_line' id='line_1_28' title="bbox 65 3079 1283 3164; baseline 0.002 -25"><span class='ocrx_word' id='word_1_258' title='bbox 65 3094 69 3101; x_wconf 79' lang='grc'>’</span> <span class='ocrx_word' id='word_1_259' title='bbox 184 3085 231 3141; x_wconf 89' lang='grc'><strong>16.</strong></span> <span class='ocrx_word' id='word_1_260' title='bbox 251 3080 325 3164; x_wconf 24' lang='lat' dir='ltr'><strong>..lam</strong></span> <span class='ocrx_word' id='word_1_261' title='bbox 340 3079 378 3138; x_wconf 90' lang='lat' dir='ltr'><strong>de</strong></span> <span class='ocrx_word' id='word_1_262' title='bbox 389 3079 504 3157; x_wconf 90' lang='lat' dir='ltr'><strong>opibus,</strong></span> <span class='ocrx_word' id='word_1_263' title='bbox 518 3080 669 3158; x_wconf 84' lang='lat' dir='ltr'><strong>possidere</strong></span> <span class='ocrx_word' id='word_1_264' title='bbox 687 3079 767 3138; x_wconf 91' lang='lat' dir='ltr'><strong>hunc</strong></span> <span class='ocrx_word' id='word_1_265' title='bbox 782 3099 831 3148; x_wconf 85' lang='lat' dir='ltr'><strong>eas</strong></span> <span class='ocrx_word' id='word_1_266' title='bbox 846 3087 958 3157; x_wconf 80' lang='lat' dir='ltr'><strong>epatre</strong></span> <span class='ocrx_word' id='word_1_267' title='bbox 972 3089 1023 3136; x_wconf 90' lang='lat' dir='ltr'><strong>tuo</strong></span> <span class='ocrx_word' id='word_1_268' title='bbox 1037 3089 1185 3156; x_wconf 81' lang='lat' dir='ltr'><strong>acceptas,</strong></span> <span class='ocrx_word' id='word_1_269' title='bbox 1201 3093 1241 3154; x_wconf 90' lang='lat' dir='ltr'><strong>et,</strong></span> <span class='ocrx_word' id='word_1_270' title='bbox 1281 3147 1283 3151; x_wconf 66' lang='lat'><strong>,</strong></span> 
     </span>
    </p>
   </div>
   <div class='ocr_carea' id='block_1_12' title="bbox 141 3170 1334 3252">
    <p class='ocr_par' dir='ltr' id='par_1_12' title="bbox 141 3170 1334 3252">
     <span class='ocr_line' id='line_1_29' title="bbox 141 3170 1334 3252; baseline -0.001 -18"><span class='ocrx_word' id='word_1_271' title='bbox 141 3173 179 3234; x_wconf 90' lang='lat' dir='ltr'><strong>de</strong></span> <span class='ocrx_word' id='word_1_272' title='bbox 193 3172 323 3250; x_wconf 90' lang='lat' dir='ltr'><strong>eoquod</strong></span> <span class='ocrx_word' id='word_1_273' title='bbox 337 3180 366 3230; x_wconf 89' lang='lat' dir='ltr'><strong>te</strong></span> <span class='ocrx_word' id='word_1_274' title='bbox 381 3182 551 3249; x_wconf 79' lang='lat' dir='ltr'><strong>rogaturum</strong></span> <span class='ocrx_word' id='word_1_275' title='bbox 565 3172 696 3243; x_wconf 81' lang='lat' dir='ltr'><strong>dicebas,</strong></span> <span class='ocrx_word' id='word_1_276' title='bbox 710 3171 788 3230; x_wconf 92' lang='lat' dir='ltr'><strong>unde</strong></span> <span class='ocrx_word' id='word_1_277' title='bbox 809 3191 870 3230; x_wconf 90' lang='lat' dir='ltr'><strong>rem</strong></span> <span class='ocrx_word' id='word_1_278' title='bbox 890 3172 1012 3249; x_wconf 83' lang='lat' dir='ltr'><strong>baberet</strong></span> <span class='ocrx_word' id='word_1_279' title='bbox 1026 3170 1174 3243; x_wconf 89' lang='lat' dir='ltr'><strong>Phormio,</strong></span> <span class='ocrx_word' id='word_1_280' title='bbox 1188 3173 1241 3233; x_wconf 90' lang='lat' dir='ltr'><strong>tibi</strong></span> <span class='ocrx_word' id='word_1_281' title='bbox 1326 3239 1334 3252; x_wconf 56' lang='grc'>,</span> 
     </span>
    </p>
   </div>
   <div class='ocr_carea' id='block_1_13' title="bbox 141 3261 1330 3434">
    <p class='ocr_par' dir='ltr' id='par_1_13' title="bbox 141 3261 1330 3434">
     <span class='ocr_line' id='line_1_30' title="bbox 141 3261 1240 3349; baseline -0.004 -23"><span class='ocrx_word' id='word_1_282' title='bbox 141 3263 329 3326; x_wconf 72' lang='grc' dir='ltr'>ιοΙίἓιιιίιιὶιιιε</span> <span class='ocrx_word' id='word_1_283' title='bbox 342 3264 473 3349; x_wconf 79' lang='lat' dir='ltr'><strong>omnium</strong></span> <span class='ocrx_word' id='word_1_284' title='bbox 492 3264 657 3322; x_wconf 83' lang='lat' dir='ltr'><strong>mortalium</strong></span> <span class='ocrx_word' id='word_1_285' title='bbox 678 3281 715 3322; x_wconf 84' lang='lat' dir='ltr'><strong>ee</strong></span> <span class='ocrx_word' id='word_1_286' title='bbox 732 3269 824 3321; x_wconf 83' lang='lat' dir='ltr'><strong>eausa</strong></span> <span class='ocrx_word' id='word_1_287' title='bbox 844 3261 1021 3321; x_wconf 74' lang='lat' dir='ltr'><strong>adducenda</strong></span> <span class='ocrx_word' id='word_1_288' title='bbox 1037 3271 1091 3322; x_wconf 85' lang='lat' dir='ltr'><strong>est.</strong></span> <span class='ocrx_word' id='word_1_289' title='bbox 1134 3263 1240 3342; x_wconf 84' lang='lat' dir='ltr'><strong>Neque</strong></span> 
     </span>
     <span class='ocr_line' id='line_1_31' title="bbox 141 3354 1330 3434; baseline -0.004 -15"><span class='ocrx_word' id='word_1_290' title='bbox 141 3359 219 3418; x_wconf 81' lang='lat' dir='ltr'><strong>enim</strong></span> <span class='ocrx_word' id='word_1_291' title='bbox 231 3356 324 3414; x_wconf 86' lang='lat' dir='ltr'><strong>Pasio</strong></span> <span class='ocrx_word' id='word_1_292' title='bbox 335 3365 422 3432; x_wconf 73' lang='lat' dir='ltr'><strong>peter</strong></span> <span class='ocrx_word' id='word_1_293' title='bbox 432 3366 501 3416; x_wconf 84' lang='lat' dir='ltr'><strong>tuus</strong></span> <span class='ocrx_word' id='word_1_294' title='bbox 514 3375 565 3414; x_wconf 90' lang='lat' dir='ltr'><strong>eas</strong></span> <span class='ocrx_word' id='word_1_295' title='bbox 579 3355 627 3414; x_wconf 81' lang='lat' dir='ltr'><strong>sel</strong></span> <span class='ocrx_word' id='word_1_296' title='bbox 640 3354 741 3414; x_wconf 82' lang='lat' dir='ltr'><strong>labore</strong></span> <span class='ocrx_word' id='word_1_297' title='bbox 755 3361 865 3432; x_wconf 84' lang='lat' dir='ltr'><strong>partas,</strong></span> <span class='ocrx_word' id='word_1_298' title='bbox 880 3354 927 3413; x_wconf 89' lang='lat' dir='ltr'><strong>vel</strong></span> <span class='ocrx_word' id='word_1_299' title='bbox 943 3373 961 3413; x_wconf 92' lang='lat' dir='ltr'><strong>a</strong></span> <span class='ocrx_word' id='word_1_300' title='bbox 977 3364 1102 3434; x_wconf 82' lang='lat' dir='ltr'><strong>parente</strong></span> <span class='ocrx_word' id='word_1_301' title='bbox 1114 3357 1239 3431; x_wconf 84' lang='lat' dir='ltr'><strong>relictas,</strong></span> <span class='ocrx_word' id='word_1_302' title='bbox 1324 3380 1330 3390; x_wconf 74' lang='grc'><em>’</em></span> 
     </span>
    </p>
   </div>
   <div class='ocr_carea' id='block_1_14' title="bbox 12 3446 1355 3619">
    <p class='ocr_par' dir='ltr' id='par_1_14' title="bbox 12 3446 1355 3619">
     <span class='ocr_line' id='line_1_32' title="bbox 12 3446 1242 3531; baseline 0 -21"><span class='ocrx_word' id='word_1_303' title='bbox 12 3514 16 3531; x_wconf 41' lang='grc' dir='ltr'>Ι</span> <span class='ocrx_word' id='word_1_304' title='bbox 140 3449 294 3530; x_wconf 81' lang='lat' dir='ltr'><strong>possedit:</strong></span> <span class='ocrx_word' id='word_1_305' title='bbox 313 3449 369 3508; x_wconf 87' lang='lat' dir='ltr'><strong>sed</strong></span> <span class='ocrx_word' id='word_1_306' title='bbox 382 3467 451 3508; x_wconf 80' lang='lat' dir='ltr'><strong>cem</strong></span> <span class='ocrx_word' id='word_1_307' title='bbox 469 3449 532 3507; x_wconf 89' lang='lat' dir='ltr'><strong>suis</strong></span> <span class='ocrx_word' id='word_1_308' title='bbox 545 3446 683 3517; x_wconf 87' lang='lat' dir='ltr'><strong>dominis,</strong></span> <span class='ocrx_word' id='word_1_309' title='bbox 695 3446 865 3506; x_wconf 84' lang='lat' dir='ltr'><strong>Antistheni</strong></span> <span class='ocrx_word' id='word_1_310' title='bbox 878 3457 911 3506; x_wconf 90' lang='lat' dir='ltr'><strong>et</strong></span> <span class='ocrx_word' id='word_1_311' title='bbox 921 3448 1121 3518; x_wconf 85' lang='lat' dir='ltr'><strong>Archestrato,</strong></span> <span class='ocrx_word' id='word_1_312' title='bbox 1136 3467 1242 3528; x_wconf 79' lang='lat' dir='ltr'><strong>argen-</strong></span> 
     </span>
     <span class='ocr_line' id='line_1_33' title="bbox 139 3537 1355 3619; baseline 0.002 -17"><span class='ocrx_word' id='word_1_313' title='bbox 139 3543 246 3602; x_wconf 69' lang='lat' dir='ltr'><strong>talium</strong></span> <span class='ocrx_word' id='word_1_314' title='bbox 257 3539 471 3611; x_wconf 75' lang='lat' dir='ltr'><strong>factitantibus,</strong></span> <span class='ocrx_word' id='word_1_315' title='bbox 477 3537 652 3598; x_wconf 81' lang='lat' dir='ltr'><strong>industriam</strong></span> <span class='ocrx_word' id='word_1_316' title='bbox 665 3548 695 3598; x_wconf 87' lang='lat' dir='ltr'><strong>et</strong></span> <span class='ocrx_word' id='word_1_317' title='bbox 708 3537 883 3617; x_wconf 80' lang='lat' dir='ltr'><strong>probitatem</strong></span> <span class='ocrx_word' id='word_1_318' title='bbox 897 3559 980 3600; x_wconf 77' lang='lat' dir='ltr'><strong>snum</strong></span> <span class='ocrx_word' id='word_1_319' title='bbox 993 3541 1156 3619; x_wconf 80' lang='lat' dir='ltr'><strong>probasset,</strong></span> <span class='ocrx_word' id='word_1_320' title='bbox 1167 3542 1240 3604; x_wconf 83' lang='lat' dir='ltr'><strong>tides</strong></span> <span class='ocrx_word' id='word_1_321' title='bbox 1354 3602 1355 3610; x_wconf 71' lang='grc'>,</span> 
     </span>
    </p>
   </div>
   <div class='ocr_carea' id='block_1_15' title="bbox 140 3630 1242 3899">
    <p class='ocr_par' dir='ltr' id='par_1_15' title="bbox 140 3630 1242 3899">
     <span class='ocr_line' id='line_1_34' title="bbox 140 3630 1240 3728; baseline 0 -34"><span class='ocrx_word' id='word_1_322' title='bbox 140 3637 168 3694; x_wconf 90' lang='lat' dir='ltr'><strong>ei</strong></span> <span class='ocrx_word' id='word_1_323' title='bbox 180 3642 229 3693; x_wconf 82' lang='lat' dir='ltr'><strong>est</strong></span> <span class='ocrx_word' id='word_1_324' title='bbox 240 3632 351 3692; x_wconf 74' lang='lat' dir='ltr'><strong>bebius</strong></span> <span class='ocrx_word' id='word_1_325' title='bbox 394 3631 453 3690; x_wconf 86' lang='lat' dir='ltr'><strong>Est</strong></span> <span class='ocrx_word' id='word_1_326' title='bbox 464 3641 563 3690; x_wconf 80' lang='lat' dir='ltr'><strong>sutem</strong></span> <span class='ocrx_word' id='word_1_327' title='bbox 575 3630 607 3688; x_wconf 90' lang='lat' dir='ltr'><strong>in</strong></span> <span class='ocrx_word' id='word_1_328' title='bbox 620 3640 751 3728; x_wconf 79' lang='lat' dir='ltr'><strong>mercatu</strong></span> <span class='ocrx_word' id='word_1_329' title='bbox 763 3641 794 3689; x_wconf 87' lang='lat' dir='ltr'><strong>et</strong></span> <span class='ocrx_word' id='word_1_330' title='bbox 806 3632 880 3706; x_wconf 82' lang='lat' dir='ltr'><strong>inter</strong></span> <span class='ocrx_word' id='word_1_331' title='bbox 893 3631 1028 3696; x_wconf 84' lang='lat' dir='ltr'><strong>homines</strong></span> <span class='ocrx_word' id='word_1_332' title='bbox 1039 3633 1240 3711; x_wconf 77' lang='lat' dir='ltr'><strong>pecuniarium</strong></span> 
     </span>
     <span class='ocr_line' id='line_1_35' title="bbox 140 3722 1241 3806; baseline 0 -20"><span class='ocrx_word' id='word_1_333' title='bbox 140 3735 292 3806; x_wconf 69' lang='lat' dir='ltr'><strong>questum</strong></span> <span class='ocrx_word' id='word_1_334' title='bbox 301 3724 457 3795; x_wconf 76' lang='lat' dir='ltr'><strong>incientes,</strong></span> <span class='ocrx_word' id='word_1_335' title='bbox 468 3724 593 3783; x_wconf 84' lang='lat' dir='ltr'><strong>eundem</strong></span> <span class='ocrx_word' id='word_1_336' title='bbox 609 3722 783 3784; x_wconf 85' lang='lat' dir='ltr'><strong>industrium</strong></span> <span class='ocrx_word' id='word_1_337' title='bbox 797 3723 889 3783; x_wconf 80' lang='lat' dir='ltr'><strong>rideri</strong></span> <span class='ocrx_word' id='word_1_338' title='bbox 910 3730 941 3783; x_wconf 87' lang='lat' dir='ltr'><strong>et</strong></span> <span class='ocrx_word' id='word_1_339' title='bbox 959 3726 1082 3804; x_wconf 82' lang='lat' dir='ltr'><strong>probum</strong></span> <span class='ocrx_word' id='word_1_340' title='bbox 1100 3743 1175 3795; x_wconf 85' lang='lat' dir='ltr'><strong>csse,</strong></span> <span class='ocrx_word' id='word_1_341' title='bbox 1195 3728 1241 3786; x_wconf 86' lang='lat' dir='ltr'><strong>in·</strong></span> 
     </span>
     <span class='ocr_line' id='line_1_36' title="bbox 142 3814 1242 3899; baseline -0.001 -21"><span class='ocrx_word' id='word_1_342' title='bbox 142 3830 218 3899; x_wconf 76' lang='lat' dir='ltr'><strong>gens</strong></span> <span class='ocrx_word' id='word_1_343' title='bbox 232 3816 416 3876; x_wconf 74' lang='lat' dir='ltr'><strong>miraculum,</strong></span> <span class='ocrx_word' id='word_1_344' title='bbox 438 3816 546 3896; x_wconf 87' lang='lat' dir='ltr'><strong>Neque</strong></span> <span class='ocrx_word' id='word_1_345' title='bbox 557 3815 646 3895; x_wconf 75' lang='lat' dir='ltr'><strong>igitur</strong></span> <span class='ocrx_word' id='word_1_346' title='bbox 659 3815 703 3875; x_wconf 90' lang='lat' dir='ltr'><strong>illi</strong></span> <span class='ocrx_word' id='word_1_347' title='bbox 718 3814 773 3875; x_wconf 87' lang='lat' dir='ltr'><strong>bas</strong></span> <span class='ocrx_word' id='word_1_348' title='bbox 786 3814 910 3876; x_wconf 77' lang='lat' dir='ltr'><strong>virtutes</strong></span> <span class='ocrx_word' id='word_1_349' title='bbox 923 3815 1036 3876; x_wconf 84' lang='lat' dir='ltr'><strong>domini</strong></span> <span class='ocrx_word' id='word_1_350' title='bbox 1047 3817 1242 3893; x_wconf 78' lang='lat' dir='ltr'><strong>tradiderunt,</strong></span> 
     </span>
    </p>
   </div>
   <div class='ocr_carea' id='block_1_16' title="bbox 140 3903 1355 3988">
    <p class='ocr_par' dir='ltr' id='par_1_16' title="bbox 140 3903 1355 3988">
     <span class='ocr_line' id='line_1_37' title="bbox 140 3903 1355 3988; baseline -0.002 -19"><span class='ocrx_word' id='word_1_351' title='bbox 140 3909 196 3970; x_wconf 89' lang='lat' dir='ltr'><strong>sed</strong></span> <span class='ocrx_word' id='word_1_352' title='bbox 217 3911 282 3988; x_wconf 88' lang='lat' dir='ltr'><strong>ipse</strong></span> <span class='ocrx_word' id='word_1_353' title='bbox 302 3909 399 3967; x_wconf 83' lang='lat' dir='ltr'><strong>bonus</strong></span> <span class='ocrx_word' id='word_1_354' title='bbox 423 3917 532 3968; x_wconf 74' lang='lat' dir='ltr'><strong>murro</strong></span> <span class='ocrx_word' id='word_1_355' title='bbox 548 3907 615 3981; x_wconf 80' lang='lat' dir='ltr'><strong>init,</strong></span> <span class='ocrx_word' id='word_1_356' title='bbox 636 3925 733 3986; x_wconf 71' lang='lat' dir='ltr'><strong>neque</strong></span> <span class='ocrx_word' id='word_1_357' title='bbox 751 3905 822 3966; x_wconf 87' lang='lat' dir='ltr'><strong>hnic</strong></span> <span class='ocrx_word' id='word_1_358' title='bbox 846 3903 914 3966; x_wconf 81' lang='lat' dir='ltr'><strong>tuus</strong></span> <span class='ocrx_word' id='word_1_359' title='bbox 934 3917 1034 3986; x_wconf 80' lang='lat' dir='ltr'><strong>peter:</strong></span> <span class='ocrx_word' id='word_1_360' title='bbox 1056 3927 1137 3981; x_wconf 80' lang='lat' dir='ltr'><strong>nsua,</strong></span> <span class='ocrx_word' id='word_1_361' title='bbox 1153 3909 1243 3988; x_wconf 80' lang='lat' dir='ltr'><strong>siqui·</strong></span> <span class='ocrx_word' id='word_1_362' title='bbox 1352 3969 1355 3977; x_wconf 17' lang='grc' dir='ltr'><strong>Α</strong></span> 
     </span>
    </p>
   </div>
   <div class='ocr_carea' id='block_1_17' title="bbox 141 3997 1313 4498">
    <p class='ocr_par' dir='ltr' id='par_1_17' title="bbox 141 3997 1313 4452">
     <span class='ocr_line' id='line_1_38' title="bbox 141 3997 1254 4080; baseline 0 -19"><span class='ocrx_word' id='word_1_363' title='bbox 141 4001 212 4062; x_wconf 82' lang='lat' dir='ltr'><strong>dens</strong></span> <span class='ocrx_word' id='word_1_364' title='bbox 223 4000 256 4060; x_wconf 90' lang='lat' dir='ltr'><strong>id</strong></span> <span class='ocrx_word' id='word_1_365' title='bbox 268 4019 364 4080; x_wconf 90' lang='lat' dir='ltr'><strong>penes</strong></span> <span class='ocrx_word' id='word_1_366' title='bbox 371 3999 471 4078; x_wconf 77' lang='lat' dir='ltr'><strong>ipsun</strong></span> <span class='ocrx_word' id='word_1_367' title='bbox 482 4001 597 4073; x_wconf 77' lang='lat' dir='ltr'><strong>inisset,</strong></span> <span class='ocrx_word' id='word_1_368' title='bbox 610 4010 641 4059; x_wconf 84' lang='lat' dir='ltr'><strong>te</strong></span> <span class='ocrx_word' id='word_1_369' title='bbox 653 3997 753 4079; x_wconf 86' lang='lat' dir='ltr'><strong>potius</strong></span> <span class='ocrx_word' id='word_1_370' title='bbox 767 4017 857 4077; x_wconf 84' lang='lat' dir='ltr'><strong>quum</strong></span> <span class='ocrx_word' id='word_1_371' title='bbox 869 3999 949 4058; x_wconf 86' lang='lat' dir='ltr'><strong>bunc</strong></span> <span class='ocrx_word' id='word_1_372' title='bbox 959 4000 1083 4078; x_wconf 85' lang='lat' dir='ltr'><strong>probum</strong></span> <span class='ocrx_word' id='word_1_373' title='bbox 1097 3999 1254 4062; x_wconf 60' lang='lat' dir='ltr'><strong>reddidit:</strong></span> 
     </span>
     <span class='ocr_line' id='line_1_39' title="bbox 142 4091 1242 4166; baseline -0.003 -11"><span class='ocrx_word' id='word_1_374' title='bbox 142 4106 206 4155; x_wconf 74' lang='lat' dir='ltr'><strong>set:</strong></span> <span class='ocrx_word' id='word_1_375' title='bbox 219 4093 253 4153; x_wconf 84' lang='lat' dir='ltr'><strong>Si</strong></span> <span class='ocrx_word' id='word_1_376' title='bbox 262 4112 335 4153; x_wconf 89' lang='lat' dir='ltr'><strong>vero</strong></span> <span class='ocrx_word' id='word_1_377' title='bbox 344 4094 401 4152; x_wconf 88' lang='lat' dir='ltr'><strong>boe</strong></span> <span class='ocrx_word' id='word_1_378' title='bbox 413 4092 522 4166; x_wconf 85' lang='lat' dir='ltr'><strong>nescis,</strong></span> <span class='ocrx_word' id='word_1_379' title='bbox 531 4093 621 4152; x_wconf 77' lang='lat' dir='ltr'><strong>fidem</strong></span> <span class='ocrx_word' id='word_1_380' title='bbox 629 4092 817 4153; x_wconf 63' lang='lat' dir='ltr'><strong>oecumenem</strong></span> <span class='ocrx_word' id='word_1_381' title='bbox 830 4091 951 4152; x_wconf 80' lang='lat' dir='ltr'><strong>esse&#39;rei</strong></span> <span class='ocrx_word' id='word_1_382' title='bbox 962 4093 1105 4152; x_wconf 71' lang='lat' dir='ltr'><strong>faciende</strong></span> <span class='ocrx_word' id='word_1_383' title='bbox 1114 4094 1242 4153; x_wconf 85' lang='lat' dir='ltr'><strong>omnium</strong></span> 
     </span>
     <span class='ocr_line' id='line_1_40' title="bbox 142 4184 1243 4264; baseline -0.001 -17"><span class='ocrx_word' id='word_1_384' title='bbox 142 4186 312 4257; x_wconf 78' lang='lat' dir='ltr'><strong>maximam,</strong></span> <span class='ocrx_word' id='word_1_385' title='bbox 325 4185 541 4246; x_wconf 86' lang='lat' dir='ltr'><strong>nescisomnia.</strong></span> <span class='ocrx_word' id='word_1_386' title='bbox 581 4185 642 4244; x_wconf 88' lang='lat' dir='ltr'><strong>Sed</strong></span> <span class='ocrx_word' id='word_1_387' title='bbox 655 4184 995 4258; x_wconf 65' lang='lat' dir='ltr'><strong>hisomimisimmultm</strong></span> <span class='ocrx_word' id='word_1_388' title='bbox 1010 4196 1106 4244; x_wconf 85' lang='lat' dir='ltr'><strong>ettuc</strong></span> <span class='ocrx_word' id='word_1_389' title='bbox 1125 4185 1243 4264; x_wconf 83' lang='lat' dir='ltr'><strong>patriet</strong></span> 
     </span>
     <span class='ocr_line' id='line_1_41' title="bbox 143 4264 1243 4358; baseline 0.001 -18"><span class='ocrx_word' id='word_1_390' title='bbox 143 4279 206 4349; x_wconf 84' lang='lat' dir='ltr'><strong>tibi,</strong></span> <span class='ocrx_word' id='word_1_391' title='bbox 220 4279 330 4340; x_wconf 82' lang='lat' dir='ltr'><strong>vestris</strong></span> <span class='ocrx_word' id='word_1_392' title='bbox 341 4264 475 4358; x_wconf 62' lang='lat' dir='ltr'><strong>deumne</strong></span> <span class='ocrx_word' id='word_1_393' title='bbox 494 4279 596 4352; x_wconf 87' lang='lat' dir='ltr'><strong>rebus,</strong></span> <span class='ocrx_word' id='word_1_394' title='bbox 606 4278 686 4338; x_wconf 88' lang='lat' dir='ltr'><strong>utilis</strong></span> <span class='ocrx_word' id='word_1_395' title='bbox 702 4277 847 4338; x_wconf 79' lang='lat' dir='ltr'><strong>Phormio</strong></span> <span class='ocrx_word' id='word_1_396' title='bbox 854 4278 932 4340; x_wconf 81' lang='lat' dir='ltr'><strong>furt</strong></span> <span class='ocrx_word' id='word_1_397' title='bbox 949 4277 1003 4338; x_wconf 83' lang='lat' dir='ltr'><strong>sed</strong></span> <span class='ocrx_word' id='word_1_398' title='bbox 1021 4287 1103 4338; x_wconf 84' lang='lat' dir='ltr'><strong>tuam</strong></span> <span class='ocrx_word' id='word_1_399' title='bbox 1122 4279 1243 4341; x_wconf 84' lang='lat' dir='ltr'><strong>insutis·</strong></span> 
     </span>
     <span class='ocr_line' id='line_1_42' title="bbox 145 4370 1313 4498; baseline 0.003 -68"><span class='ocrx_word' id='word_1_400' title='bbox 145 4370 235 4430; x_wconf 87' lang='lat' dir='ltr'><strong>bilem</strong></span> <span class='ocrx_word' id='word_1_401' title='bbox 253 4370 452 4485; x_wconf 82' lang='lat' dir='ltr'><strong>eupidltstem</strong></span> <span class='ocrx_word' id='word_1_402' title='bbox 454 4372 538 4451; x_wconf 88' lang='lat' dir='ltr'><strong>quis</strong></span> <span class='ocrx_word' id='word_1_403' title='bbox 561 4381 613 4433; x_wconf 87' lang='lat' dir='ltr'><strong>ant</strong></span> <span class='ocrx_word' id='word_1_404' title='bbox 632 4371 751 4452; x_wconf 79' lang='lat' dir='ltr'><strong>explere</strong></span> <span class='ocrx_word' id='word_1_405' title='bbox 775 4381 833 4430; x_wconf 83' lang='lat' dir='ltr'><strong>snt</strong></span> <span class='ocrx_word' id='word_1_406' title='bbox 847 4371 904 4430; x_wconf 85' lang='lat' dir='ltr'><strong>tuis</strong></span> <span class='ocrx_word' id='word_1_407' title='bbox 858 4371 1095 4498; x_wconf 75' lang='lat' dir='ltr'><strong>mthfccere</strong></span> <span class='ocrx_word' id='word_1_408' title='bbox 1115 4371 1241 4492; x_wconf 77' lang='lat' dir='ltr'><strong>moribus</strong></span> <span class='ocrx_word' id='word_1_409' title='bbox 1287 4411 1313 4434; x_wconf 44' lang='grc' dir='ltr'><strong>ιι</strong></span> 
     </span>
    </p>
   </div>
   <div class='ocr_carea' id='block_1_18' title="bbox 147 4451 322 4542">
    <p class='ocr_par' dir='ltr' id='par_1_18' title="bbox 147 4451 322 4542">
     <span class='ocr_line' id='line_1_43' title="bbox 147 4451 322 4542; baseline 0 -22"><span class='ocrx_word' id='word_1_410' title='bbox 147 4451 322 4542; x_wconf 69' lang='lat' dir='ltr'><strong>puss&#39;ml</strong></span> 
     </span>
    </p>
   </div>
   <div class='ocr_carea' id='block_1_19' title="bbox 0 0 1493 4950">
    <p class='ocr_par' dir='ltr' id='par_1_19' title="bbox 0 0 1493 4950">
     <span class='ocr_line' id='line_1_44' title="bbox 0 0 1493 4950; baseline 0 0"><span class='ocrx_word' id='word_1_411' title='bbox 0 0 1493 4950; x_wconf 95' lang='lat' dir='ltr'><strong> </strong></span> 
     </span>
    </p>
   </div>
  </div>
 </body>
</html>
