2967 4950
265 344 325 402 652
618 342 662 401 IN
684 338 939 403 STEPHANUM
961 338 1004 399 11.

265 504 440 575 stamentum
463 494 601 570 condere,
615 496 776 575 praesertim
799 494 838 555 de
858 494 988 564 muliere,
1009 509 1077 553 cum
1096 492 1128 553 id
1145 511 1240 572 neque
1259 490 1359 553 liceret

263 586 390 668 legibus,
402 596 433 647 et
445 587 528 649 liberi
541 596 650 649 esseut.
692 586 885 649 Considerate
898 604 995 667 porro,
1013 604 1103 665 quare
1122 604 1178 646 nec
1191 582 1218 644 si
1229 583 1297 665 quis
1313 603 1360 644 or·

265 681 321 741 bus
342 681 399 755 ebt,
420 680 568 741 condendi
586 680 753 742 testamenti
776 688 953 760 potestatem
974 678 1100 738 habeat·
1120 678 1156 750 si,
1169 676 1274 757 inquit,
1288 676 1361 738 deli·

265 780 320 845 ret,
332 781 386 832 eut
403 781 536 854 aegrotet,
555 784 608 834 aut
626 790 772 834 venenum
788 770 904 846 biberit,
920 780 972 833 aut
993 770 1107 831 mulieri
1121 771 1293 849 obsecutus,
1312 781 1362 831 aut

265 866 358 939 senio,
372 875 423 925 ent
445 866 621 940 intereant
642 864 738 945 aliqua
762 864 938 925 necessitate
950 864 995 925 ιιι
1015 850 1242 936 circumventus,
1260 863 1289 924 ei
1310 884 1362 943 po·

264 959 400 1017 testatem
419 956 500 1037 leges
522 966 642 1037 negant.
683 956 752 1017 Jam
779 956 947 1036 expendite,
968 976 1007 1017 an
1028 956 1091 1017 sani
1111 955 1239 1017 hominis
1266 955 1299 1016 id
1319 966 1363 1017 te·

265 1060 444 1111 stamentnm
462 1050 611 1133 uideatur,
630 1050 710 1131 quod
730 1049 779 1110 isti
799 1060 911 1131 petrem
933 1050 1038 1111 scum
1065 1058 1209 1111 asserunt
1256 1048 1361 1130 Neque

264 1160 334 1203 vero
357 1140 447 1202 idad
470 1142 551 1203 aliud
572 1144 738 1223 exemplum
760 1143 926 1217 conferetis,
945 1162 1034 1223 quam
1058 1143 1097 1204 ad
1116 1142 1306 1217 locationem,
1325 1164 1361 1205 an

264 1234 347 1296 vobis
362 1244 593 1297 consentaneum
612 1254 679 1296 esse
696 1233 840 1309 videatur,
863 1236 911 1296 cni
933 1237 1003 1296 artis
1023 1254 1084 1294 una
1104 1234 1259 1295 nobiscnm
1279 1255 1362 1297 exer·

266 1326 369 1388 cendoe
384 1336 561 1408 potestatem
582 1326 705 1407 negarit,
719 1326 747 1389 ei
764 1344 886 1387 uxorem
908 1344 997 1392 snam,
1006 1327 1051 1386 uti
1063 1326 1188 1401 dederit,
1201 1335 1232 1387 et
1252 1329 1361 1388 socium

265 1439 384 1481 suorum
407 1420 530 1481 liberum
552 1438 616 1479 esse
638 1438 744 1499 passus
765 1418 814 1479 sit
854 1417 960 1499 Neque
979 1417 1131 1489 miremini,
1143 1418 1169 1478 si
1180 1436 1241 1491 eos,
1260 1430 1363 1479 cerem

265 1512 372 1573 callide
395 1520 575 1572 commentos
595 1528 662 1590 qnae
683 1511 714 1571 in
735 1510 883 1572 locatione
900 1518 979 1585 sunt,
991 1508 1049 1572 hoc
1062 1510 1176 1572 fefellit.
1217 1512 1362 1573 Fortassis

266 1603 388 1665 enimin
401 1604 482 1665 aliud
495 1603 566 1665 nihil
580 1603 683 1665 intenti
701 1602 832 1676 fuerunt,
846 1602 901 1665 nisi
921 1613 956 1663 ut
968 1601 1094 1685 pecunia
1106 1622 1161 1679 nos
1181 1603 1361 1691 fraudarent,

266 1705 298 1757 et
309 1706 423 1777 patrem
435 1704 470 1757 ut
482 1696 642 1758 obseratum
654 1698 863 1758 inscriberent:
885 1694 992 1758 deinde
1005 1716 1052 1757 me
1074 1716 1134 1759 non
1153 1696 1196 1758 ita
1216 1696 1281 1757 fore
1294 1715 1360 1759 acu·

267 1797 330 1848 tum
344 1790 500 1869 putabant,
513 1801 548 1851 ut
559 1790 589 1851 in
598 1790 663 1851 haee
676 1799 816 1853 accurate
830 1789 1012 1871 inquirerem.

311 1881 358 1941 ll.
379 1881 572 1945 Considerate
587 1902 674 1964 porro
698 1882 841 1963 aquibus
862 1882 943 1964 leges
963 1882 1140 1965 desponderi
1160 1882 1300 1945 mulieres
1316 1888 1360 1960 ju-

267 1974 366 2045 beant,
379 1983 412 2035 ut
425 1993 461 2033 ex
475 1972 510 2035 iis
525 1974 613 2036 etiam
628 1974 819 2036 commentitii
837 1976 1002 2038 testamenti
1023 1975 1131 2038 salsum
1148 1974 1241 2039 tuisse
1258 1986 1361 2038 testem

270 2064 451 2147 Stephanum
464 2066 645 2149 intelligatis.
688 2068 805 2130 Recita.

795 2222 886 2284 ιιι.
951 2294 955 2301 ,

280 2342 281 2349 “
296 2348 374 2408 Quum
384 2348 489 2413 legitime
497 2352 648 2413 desponderit
655 2318 806 2409 nxorsrn,rel
817 2354 1018 2414 perseverasse
1029 2339 1161 2415 germanus,
1171 2353 1210 2402 vel
1221 2369 1279 2403 evus
1289 2360 1360 2417 pster-

269 2442 322 2485 nnr,
330 2441 362 2475 ex
380 2441 409 2475 ιι
422 2426 491 2476 liberi
503 2427 606 2490 germani
617 2434 693 2476 snntu.
725 2426 831 2484 Quodsi
844 2443 914 2476 nemu
924 2427 1006 2476 boren
1016 2428 1097 2486 tuerit,
1108 2429 1129 2477 si
1139 2430 1197 2479 orbs
1210 2437 1257 2489 est,
1269 2430 1291 2480 is
1301 2433 1363 2494 cujus
1447 2502 1448 2505 Ἴ

271 2511 310 2552 ιιι
319 2503 446 2552 auctoritas
456 2519 506 2552 eam
516 2504 600 2552 babent
610 2519 616 2550 ι
634 2502 656 2552 ιί
666 2518 711 2552 usn
723 2503 897 2566 institistis·
906 2502 947 2552 sni
955 2519 982 2553 ss
992 2505 1126 2568 permiserit
1134 2512 1253 2568 potestate
1262 2509 1322 2557 esto.

226 2683 228 2688 ,
272 2617 347 2678 llas
359 2616 409 2678 lex
422 2593 529 2696 quibus
544 2591 748 2678 auctoritatem
767 2615 886 2690 tribuat,
909 2596 1079 2678 audiristis:
1108 2617 1215 2678 borum
1232 2639 1302 2682 vero
1313 2640 1361 2679 ne·

271 2709 379 2770 minem
411 2709 497 2770 matri
525 2720 673 2770 auctorem
693 2707 798 2784 fuisse,
817 2708 874 2791 ipsi
898 2709 970 2770 mibi
992 2710 1150 2771 adversarii
1171 2712 1362 2793 testimoninm

272 2801 417 2872 dixerunt.
459 2801 537 2863 Nam
559 2801 584 2862 si
607 2801 744 2873 fuissent,
764 2800 976 2863 exhibuissent.
1016 2805 1065 2863 An
1084 2821 1154 2864 vero
1172 2803 1360 2866 t'elsostestes

272 2894 351 2954 ab
325 2914 369 2955 ers
382 2893 501 2956 creditis
515 2896 690 2956 subornatos
704 2904 735 2956 et
748 2903 924 2956 testamenta
937 2914 997 2955 non
1009 2895 1106 2956 lecta:
1128 2895 1247 2956 fratrem
1260 2905 1360 2967 auum,

271 2997 325 3048 aut
348 3007 446 3059 arum,
461 2998 513 3049 aut
535 2997 657 3068 patrem,
673 2989 698 3049 si
717 2988 857 3060 licuisset,
877 3008 939 3049 non
956 2987 1048 3049 tuisse
1064 2988 1269 3076 producturos
1278 3006 1362 3048 eausa

272 3081 479 3161 pecuniarum?
507 3079 583 3142 Cum
604 3082 703 3143 autern
714 3079 819 3141 borum
832 3081 979 3141 neminem
996 3079 1183 3161 superstitem
1195 3079 1286 3142 fnisse
1296 3099 1360 3140 eon·

274 3183 343 3249 stet,
356 3184 419 3240 tum
432 3195 553 3236 necesse
567 3184 615 3236 est
624 3184 747 3236 matrem
760 3183 891 3236 nostram
900 3172 994 3260 fuisse
1006 3174 1157 3256 pupillam.

317 3269 366 3331 12.
387 3267 533 3350 Pupillam
548 3279 645 3329 antem
660 3268 690 3328 in
697 3268 787 3350 cujus
801 3287 867 3330 esse
883 3252 1035 3350 potestate
1049 3267 1131 3348 leges
1152 3267 1285 3350 jubeant,
1295 3284 1360 3328 oon·

275 3357 409 3422 siderate.
451 3360 557 3422 Recita
569 3361 674 3441 legem.

779 3505 869 3565 LEX.

310 3621 381 3680 Quod
397 3621 418 3669 si
433 3621 486 3684 quis
498 3639 511 3672 e
523 3623 615 3686 pupilla
625 3621 695 3672 tuerit
705 3628 782 3681 uatus,
793 3623 835 3671 ubi
847 3639 932 3672 snnurn
947 3621 1024 3672 utatis
1034 3619 1151 3671 decimum
1165 3629 1257 3672 ιιιιιιι
1270 3617 1358 3681 conti*

278 3698 348 3755 verit,
355 3699 465 3762 peonniss
476 3706 563 3758 ιιιιιι,
572 3706 598 3748 ιι
610 3699 698 3749 viotnnr
708 3701 778 3748 matri
787 3699 935 3748 «laedatur.

278 3826 407 3888 Proinde
420 3827 468 3888 lex
474 3828 561 3909 jubet
570 3837 694 3890 matrem
707 3827 738 3887 in
748 3825 873 3888 liliorum
888 3826 1029 3906 puberum
1043 3843 1105 3886 esse
1115 3832 1280 3905 potentatu
1301 3838 1354 3880 eos·
1385 3860 1389 3869 .

278 3939 337 4000 qne
349 3920 458 3981 vietum
471 3921 497 3982 ei
507 3921 648 3982 dem'etiri.
677 3918 742 3984 'Me
758 3929 856 3980 autem
869 3927 986 3979 constat
999 3927 1030 3980 et
1039 3917 1177 3978 militasse
1190 3927 1220 3978 et
1230 3916 1354 3977 triremem

278 4003 448 4074 instrunisse
461 4005 555 4087 vobis,
569 4033 637 4075 cum
659 4013 715 4075 iste
733 4021 856 4074 matrem
878 4031 975 4072 meam
996 4012 1027 4071 in
1048 4009 1233 4090 matrimonio
1252 4007 1353 4068 bobert
1443 4054 1444 4073 ι

280 4107 390 4168 Verum
411 4117 446 4164 ut
467 4115 617 4187 appareat,
639 4125 686 4166 me
704 4105 813 4165 triremi
833 4104 1005 4184 prefectum
1026 4101 1161 4173 affuisse3
1181 4111 1288 4183 patrem
1302 4097 1356 4177 jum

278 4199 359 4273 olim,
376 4217 444 4259 eum
466 4197 584 4278 nuptias
601 4197 656 4258 iste
669 4199 846 4268 celebraret,
857 4197 982 4264 obiisses
1004 4215 1052 4256 me
1065 4194 1190 4255 ancillas
1208 4196 1245 4255 ab
1262 4211 1295 4252 eo
1312 4205 1354 4268 po

280 4291 404 4352 stulasse
418 4285 457 4352 ad
473 4290 681 4370 quaestionem
702 4289 736 4350 iis
756 4290 826 4370 ipsis
843 4289 891 4350 de
900 4289 1048 4366 rebus,au
1063 4281 1198 4394 eoeverre
1216 4292 1317 4358 emeat,
1329 4285 1353 4337 ti

281 4401 348 4443 sum
361 4380 553 4466 provocasse,
562 4401 636 4464 cape
648 4382 717 4480 mihi
732 4382 939 4445 testimonium.

836 4548 851 4580 Ι
