2967 4950
275 580 577 694 ARGUmENTUM
608 625 886 691 EXCEPTIONiS
912 628 1135 692 ADVERSUS
1208 655 1212 662 ·

551 721 863 785 PANTAENETUM.
1187 751 1194 758 ·

185 875 246 924 Cum
260 875 411 922 Pentenetus
429 875 608 922 n'i'eiemsrcbo
624 874 726 936 quodam
746 857 861 922 officinam
876 873 900 920 in
916 874 1032 920 bisronen
1046 870 1259 919 metellicnm-est

150 947 232 1000 utitem
242 951 264 1014 is
275 951 362 999 Attice
373 951 498 1000 iocus-et
507 967 559 1000 cnm
569 949 659 998 efficiet
670 949 767 1012 trigiuts
776 962 858 996 serrce
869 957 966 1004 emeret,
976 954 1095 996 mutuetur
1111 964 1126 995 s
1142 947 1258 995 iiiuesicle

155 1027 276 1083 talentum,
286 1043 301 1076 e
312 1027 407 1075 Pbiietc
418 1034 442 1076 et
452 1028 554 1076 Piistore
563 1027 663 1089 quinque
675 1032 699 1074 ct
710 1026 862 1088 qusdrngiutr
873 1027 961 1074 mines:
974 1035 1043 1088 eique
1050 1033 1143 1088 emptor
1152 1026 1260 1073 inscribi-

155 1111 195 1152 tur
205 1104 340 1162 binesieies,
350 1105 538 1166 emptionemque
549 1104 601 1167 ipsc
611 1105 690 1152 brbet.
722 1104 783 1152 Post
794 1119 847 1150 cum
858 1102 978 1164 argentum
991 1110 1155 1166 reposceretur
1164 1103 1257 1150 Pente·

153 1187 222 1228 uetus
244 1181 360 1228 secundos
378 1179 448 1228 sumit
464 1171 603 1235 creditores,
622 1187 670 1227 tunt
689 1195 744 1226 euru
765 1179 806 1241 qui
824 1180 883 1226 benc
900 1177 1061 1239 exceptionem
1079 1193 1140 1226 nuuc
1161 1177 1260 1240 apponit

154 1256 298 1304 Nicobulum
317 1260 364 1303 ium
382 1257 500 1319 Erergum
518 1256 641 1318 quendem,
659 1254 746 1317 bisque'
762 1255 903 1317 oppignerat
920 1259 945 1302 et
964 1254 1076 1301 cilicinam
1093 1262 1118 1301 et
1131 1254 1261 1319 menoipis3

154 1326 293 1394 t'sbuinsque
312 1349 359 1380 non
377 1332 578 1395 oppigneretionis
594 1327 636 1380 secl
653 1329 796 1380 venditionis
811 1330 912 1388 coniicit,
932 1330 1003 1392 fitque
1021 1329 1132 1378 venditor
1141 1335 1166 1378 et
1176 1331 1261 1378 nenbr-

153 1417 229 1456 netor
256 1409 367 1456 secundis
385 1409 543 1457 creditoribns
569 1409 635 1472 prior
653 1409 757 1456 creditor
778 1409 905 1456 bincsicies
922 1405 963 1468 qni
983 1407 1125 1468 emptionem
1152 1408 1260 1456 istbcbst.

154 1489 244 1538 [mni
255 1480 332 1548 igitur
346 1487 485 1554 Pentenetc
502 1486 618 1548 metcipie
628 1493 654 1534 et
665 1487 778 1534 cffic'urnsn
795 1488 901 1546 ,iirergns
917 1501 945 1533 sc
958 1484 1217 1541 Nicobulnsuiutirese
1232 1493 1260 1534 nt

154 1563 244 1612 domini
256 1567 308 1632 ejus
319 1564 388 1632 isoti:
400 1565 459 1616 tenti
469 1569 546 1630 entem
555 1564 633 1632 icocut
643 1571 755 1626 quantum
766 1578 843 1611 usuro
853 1563 943 1617 credita
952 1562 1053 1624 pecunie
1062 1561 1179 1623 periebat.
1198 1563 1258 1612 (intr

154 1641 214 1688 enim
234 1646 326 1688 centum
344 1640 445 1702 quinque
462 1640 536 1690 minna
554 1646 707 1697 mutunsseut,
719 1640 821 1699 debebat
836 1654 905 1686 usura
921 1639 945 1684 in
960 1639 1045 1685 miusm
1064 1653 1118 1684 esse
1134 1638 1260 1685 dreobmss

154 1720 294 1767 conreneiat
312 1717 385 1778 igitur
395 1717 457 1764 iuter
468 1733 509 1765 ecs
521 1724 547 1764 nt
558 1710 685 1765 centum'et
697 1717 799 1778 quinque
811 1714 933 1775 drnobmt's
950 1715 1092 1776 reciperent,
1110 1718 1134 1761 ei
1148 1715 1194 1763 fuit
1208 1713 1260 1761 beo

153 1793 232 1854 reipsa
242 1806 323 1848 seon,
334 1793 407 1839 verbo
418 1791 512 1840 iocstic.
538 1789 585 1840 ilis
597 1793 664 1849 actis,
674 1791 807 1839 Nicobuius
816 1803 916 1852 peregre
926 1789 989 1849 sbit3
997 1804 1041 1851 per
1050 1791 1119 1851 cuine
1130 1790 1259 1838 absentiam

154 1872 274 1918 honest
284 1869 392 1918 Athenis.
426 1867 543 1932 Brsrgss,
560 1869 657 1916 creditne
673 1868 781 1930 pecunie
796 1867 1055 1921 seciss,Pssttenstnn
1071 1865 1147 1928 pectis
1161 1873 1188 1914 et
1204 1879 1268 1914 ocu-⁴

154 1945 232 1996 sentis
242 1961 292 1994 neu
299 1951 362 1994 siste
370 1959 526 2006 conquerens,
533 1945 675 2008 aggreditur
685 1944 800 1994 officinm
812 1951 837 1991 et
844 1951 959 2005 oecnpst;
975 1952 1048 2007 etque,
1056 1944 1127 1992 etit·
1136 1945 1261 1992 observetc

154 2028 250 2086 argento
266 2023 333 2083 quod
349 2039 363 2070 e
378 2022 466 2072 fodinis
485 2018 622 2070 Pantteneto
640 2023 787 2078 efferebntur,
798 2022 906 2084 quodque
923 2014 984 2068 is'in
1000 2021 1119 2082 pubiicum
1134 2020 1261 2068 collaturus

155 2109 213 2170 erat,
232 2101 320 2148 iemuio
341 2100 367 2148 id
385 2100 467 2150 ferenti
486 2101 510 2148 vi
522 2100 601 2161 eripit.
636 2101 793 2162 Quamobrem
804 2100 874 2146 etiem
886 2099 1004 2160 duplicem
1014 2099 1038 2144 in
1049 2099 1178 2160 pubiicum,
1189 2104 1215 2144 ut
1223 2114 1263 2145 ιι·

158 2173 261 2232 berebet,
289 2176 396 2238 pecunie
423 2191 543 2224 numerum
563 2177 662 2224 contulit
682 2175 848 2233 'Peutoeuetus,
875 2174 1003 2237 impeditus
1033 2173 1062 2221 sb
1089 2173 1184 2236 Evergo
1215 2190 1261 2234 quo

153 2255 229 2302 minus
245 2251 276 2302 nd
297 2251 434 2315 presulem
450 2253 513 2300 diem
529 2254 645 2300 reiteret:
666 2258 691 2310 et
706 2255 798 2300 nodone
815 2250 839 2312 in
857 2251 974 2313 Brcrgum
992 2250 1041 2298 deti
1057 2247 1135 2298 damni
1150 2247 1261 2298 institute

155 2330 236 2378 vincit.
269 2329 306 2378 Ui
317 2345 373 2377 sero
384 2335 409 2378 et
419 2329 549 2378 Nicobuius
557 2340 658 2399 peregre
666 2330 762 2376 donum
771 2329 841 2385 redit,
853 2329 965 2391 multique
978 2329 1107 2375 Pentencti
1118 2327 1261 2393 creditorec,

154 2408 221 2470 prius
235 2407 349 2470 ignorati,
358 2406 485 2462 ex'sistnst,
496 2407 576 2454 multis
592 2407 670 2454 serbis
687 2405 763 2461 iestis,
779 2421 911 2456 convenere
927 2406 1031 2461 tendere,
1047 2411 1074 2452 ut
1090 2405 1221 2461 Niocbnlns
1235 2412 1261 2452 et
1352 2449 1358 2455 ,

156 2484 272 2545 Esergus,
288 2483 389 2545 receptis
407 2480 498 2531 centum
515 2489 539 2530 et
550 2482 652 2545 quinque
668 2482 748 2539 minis,
758 2482 849 2530 officins
865 2487 890 2529 et
904 2481 1028 2553 mancipiis
1048 2483 1172 2541 cederent,
1188 2497 1262 2543 seqne

155 2560 222 2607 alteri
234 2560 364 2607 creditores
376 2568 489 2607 emerent.
522 2562 614 2607 Rursus
631 2566 710 2607 nutem
726 2560 858 2607 nolentibus
874 2558 1030 2606 creditoribus
1045 2573 1122 2606 emere
1132 2558 1262 2620 possessio·

156 2642 205 2690 bes,
217 2634 264 2684 uisi
278 2636 412 2691 venditores
420 2642 490 2697 utque
502 2642 609 2682 auctores
620 2635 752 2683 Nicobulus
761 2641 786 2683 et
798 2636 905 2697 iirergus
916 2633 963 2695 ipsi
975 2633 1065 2689 tierent,
1076 2640 1145 2696 peret
1156 2634 1262 2683 Nican-
1330 2675 1332 2679 .

155 2711 192 2759 ins
194 2713 268 2774 ,ipso
280 2714 361 2771 etism,
377 2717 404 2760 nt
420 2710 461 2770 sit,
474 2712 610 2759 i’sntreeeto
621 2718 722 2773 petente,
733 2712 777 2759 sed
794 2726 838 2759 scu
853 2712 920 2774 prins
935 2710 961 2758 id
976 2710 1099 2772 pollicitus
1111 2718 1157 2767 est,
1169 2724 1236 2772 qessn
1247 2726 1263 2759 s

156 2789 294 2837 i’nntemto
305 2796 369 2837 esset
380 2789 442 2836 cessi
455 2787 868 2849 psrtsuioiiborstcs.1’snteuetus
877 2788 992 2849 periculo
989 2800 1047 2835 eum
1057 2788 1155 2843 libem,
1161 2799 1262 2849 portes·

156 2868 403 2915 eoneezseeduntnr
416 2867 458 2913 sesi
475 2865 624 2913 nibilominss
639 2867 736 2936 cendenn
753 2865 820 2923 baio,
838 2881 906 2926 qur·
924 2870 949 2913 et
966 2866 1070 2926 iivsrgo,
1090 2866 1158 2919 iiten
1172 2870 1264 2921 moret,

126 2942 127 2949 ’
156 2918 247 2989 ¹notione
259 2942 399 2990 metuilicn'
392 2941 515 3003 rescripte,
527 2950 554 2989 ut
563 2943 604 3003 qui
615 2949 639 2990 et
650 2958 679 2989 ex
691 2940 722 2989 iis
733 2956 793 2989 unus
801 2949 868 2989 esset
884 2940 925 3003 qui
940 2942 1035 2989 metelle
1051 2946 1190 2989 exercerent
1201 2940 1261 3020 etip

157 3018 256 3066 metallis
268 3026 333 3065 esset
343 3017 422 3065 iesca
455 3018 532 3081 Atque
541 3018 610 3065 etiem
619 3018 761 3065 Nicobulum
773 3024 797 3064 et
807 3016 838 3064 de
848 3018 968 3080 ereptione
979 3013 1086 3079 pecunie
1096 3032 1167 3079 quem
1178 3023 1262 3065 serruis

157 3097 257 3152 tulisset,
274 3103 299 3143 et
315 3096 346 3143 de
363 3094 459 3143 cilicinae
474 3095 687 3163 mancipiorumque
698 3094 832 3142 venditione
845 3101 927 3141 contre
940 3101 1011 3155 pecte
1028 3100 1052 3141 et
1068 3093 1264 3148 ccureuttitctt,

157 3181 224 3235 atque
236 3172 297 3222 eden
307 3174 338 3220 de
349 3172 401 3219 silis
412 3174 559 3234 quibusdem,
571 3179 671 3221 eccuset.
695 3170 827 3219 Nicobuins
835 3177 912 3219 nutem
921 3166 1101 3231 prescriptione
1113 3168 1197 3224 utitur,
1207 3165 1261 3230 iege

157 3250 197 3298 iiis
212 3251 292 3298 nitens
308 3262 361 3311 qne
381 3255 455 3305 vetet,
471 3246 600 3310 emplius
617 3260 718 3307 sesan¹
734 3259 832 3295 resurr
851 3256 939 3308 egere
955 3257 1020 3307 qne
1039 3252 1110 3293 ecte
1124 3251 1155 3292 et
1168 3252 1264 3293 trees·

143 3338 228 3377 uectse
250 3329 322 3385 sint,
347 3328 491 3387 citemus
508 3327 587 3373 serbis
605 3326 695 3387 apertis
707 3333 732 3373 et
742 3324 874 3386 perspicuis
893 3324 974 3371 debuit
992 3323 1098 3385 qeibst
1117 3323 1156 3371 de
1176 3326 1267 3371 rebus

157 3405 263 3452 denda
287 3404 348 3451 sint
368 3402 531 3451 metallice
552 3401 697 3459 notiones,
723 3415 795 3463 quum
812 3407 889 3447 netem
913 3400 959 3447 iaie
985 3398 1043 3447 nibil
1065 3400 1201 3447 Pantoeueto
1223 3415 1268 3447 ec·

156 3472 248 3537 ciderit,
260 3482 362 3528 nbsurde
379 3480 412 3527 ait
431 3494 484 3525 enm
503 3494 573 3539 cgere
592 3479 683 3526 actione
700 3478 830 3525 metallice:
847 3477 901 3539 quin
918 3484 941 3523 et
958 3475 1051 3523 tertiam
1067 3470 1162 3523 adducit
1177 3478 1263 3537 legent,
1331 3491 1335 3494 ’

156 3574 208 3619 quee
226 3556 354 3619 distinguit
378 3546 552 3615 quse‘cense
570 3554 682 3615 quibus
703 3554 734 3600 in
747 3552 882 3614 judiciis
896 3552 1104 3614 disceptendee
1121 3552 1180 3600 sint
1197 3559 1225 3599 et
1248 3566 1264 3598 n

157 3632 268 3696 lpuibus
288 3628 527 3695 magistratibus
548 3628 656 3679 'rlsndse
675 3630 819 3687 notiones,
838 3628 1000 3680 Pentenetum
1018 3636 1097 3677 sutem
1113 3644 1163 3677 enm
1185 3632 1275 3691 legem

137 3757 139 3765 ,
156 3712 268 3767 riciecse,
281 3708 353 3757 vtriis
363 3708 500 3756 criminibus
511 3709 534 3755 in
545 3720 614 3761 numu
625 3708 700 3756 soluti
718 3722 817 3755 masena
828 3708 932 3755 condetis
940 3708 1017 3769 deque
1027 3708 1136 3754 omnibns
1147 3708 1171 3755 m
1180 3706 1263 3753 nsetsb

156 3788 202 3847 lico
210 3788 302 3850 jndicio
312 3792 468 3835 accusantem.
501 3788 537 3835 Ao
547 3786 601 3848 iege
611 3788 642 3835 de
653 3785 809 3835 trsnssctione
819 3786 887 3833 initio
898 3792 937 3832 ost
947 3800 1013 3840 usus,
1014 3786 1116 3831 ,dusbns
1129 3782 1245 3845 reliqnis
1236 3798 1261 3834 sn

158 3864 211 3920 tine,
227 3866 257 3911 nb
269 3863 409 3925 exceptione
421 3863 590 3929 etnuspicetus
601 3862 769 3911 etdesineus
761 3879 786 3910 sn
797 3863 902 3911 eandem
935 3864 963 3908 Iu
983 3862 1061 3909 medio
1079 3869 1158 3909 entem
1174 3867 1262 3909 recttm
1295 3861 1302 3873 ¹

157 3940 316 3989 defensionem
329 3938 463 3995 collocerit,
475 3943 540 3999 cujus
552 3940 577 3986 id
589 3946 625 3987 ert
636 3939 765 3986 meximurn
778 3946 803 3985 et
814 3932 980 3997 firmissimum
982 3925 1133 3987 Nicobulum
1144 3945 1192 3985 tum
1208 3952 1262 3997 per·
1309 3924 1315 3933 ¹

157 4034 213 4078 egre
225 4014 338 4079 abluisse,
349 4028 401 4063 ottm
413 4014 548 4064 Pentaeueto
560 4014 603 4073 ¹iila
613 4016 749 4075 acciderint,
759 4023 855 4079 propter
866 4032 917 4079 quea
928 4022 952 4064 et
963 4016 1151 4077 tuncilvergum,
1161 4020 1185 4061 et
1202 4023 1261 4061 nnnc

158 4092 327 4150 Nicobulum,
319 4110 342 4141 sn
349 4110 389 4155 prs
400 4094 498 4141 vocarit.
558 4118 560 4123 ·
