<?xml version="1.0" encoding="UTF-8"?>
<!DOCTYPE html PUBLIC "-//W3C//DTD XHTML 1.0 Transitional//EN"
    "http://www.w3.org/TR/xhtml1/DTD/xhtml1-transitional.dtd">
<html xmlns="http://www.w3.org/1999/xhtml" xml:lang="en" lang="en">
 <head>
  <title>
</title>
<meta http-equiv="Content-Type" content="text/html;charset=utf-8" />
  <meta name='ocr-system' content='tesseract 3.04.00' />
  <meta name='ocr-capabilities' content='ocr_page ocr_carea ocr_par ocr_line ocrx_word'/>
</head>
<body>
  <div class='ocr_page' id='page_1' title='image "./demosthenisetsc06ulpigoog_0020.png"; bbox 0 0 2967 4950; ppageno 0'>
   <div class='ocr_carea' id='block_1_1' title="bbox 153 310 1041 393">
    <p class='ocr_par' dir='ltr' id='par_1_1' title="bbox 153 310 1041 393">
     <span class='ocr_line' id='line_1_1' title="bbox 153 310 1041 393; baseline -0.008 1"><span class='ocrx_word' id='word_1_1' title='bbox 153 343 158 350; x_wconf 84' lang='lat'>&#39;</span> <span class='ocrx_word' id='word_1_2' title='bbox 202 334 263 393; x_wconf 71' lang='lat'>520</span> <span class='ocrx_word' id='word_1_3' title='bbox 399 337 408 346; x_wconf 72' lang='grc'><strong>“</strong></span> <span class='ocrx_word' id='word_1_4' title='bbox 448 328 668 389; x_wconf 78' lang='lat' dir='ltr'>ADVERSUS</span> <span class='ocrx_word' id='word_1_5' title='bbox 690 310 1041 387; x_wconf 77' lang='lat' dir='ltr'><strong>ZENOTHEMIDEM.</strong></span> 
     </span>
    </p>
   </div>
   <div class='ocr_carea' id='block_1_2' title="bbox 199 483 1301 1397">
    <p class='ocr_par' dir='ltr' id='par_1_2' title="bbox 201 483 1300 661">
     <span class='ocr_line' id='line_1_2' title="bbox 202 483 1300 568; baseline 0 -19"><span class='ocrx_word' id='word_1_6' title='bbox 202 488 295 568; x_wconf 84' lang='lat' dir='ltr'>Cujus</span> <span class='ocrx_word' id='word_1_7' title='bbox 310 486 351 547; x_wconf 88' lang='lat' dir='ltr'>rei</span> <span class='ocrx_word' id='word_1_8' title='bbox 366 494 570 564; x_wconf 80' lang='lat' dir='ltr'>argumentum</span> <span class='ocrx_word' id='word_1_9' title='bbox 584 484 657 543; x_wconf 92' lang='lat' dir='ltr'>illud</span> <span class='ocrx_word' id='word_1_10' title='bbox 671 483 790 543; x_wconf 86' lang='lat' dir='ltr'>evidens</span> <span class='ocrx_word' id='word_1_11' title='bbox 801 493 860 543; x_wconf 82' lang='lat' dir='ltr'>est.</span> <span class='ocrx_word' id='word_1_12' title='bbox 895 484 960 563; x_wconf 79' lang='lat' dir='ltr'>Ego</span> <span class='ocrx_word' id='word_1_13' title='bbox 978 502 1045 543; x_wconf 89' lang='lat' dir='ltr'>eum</span> <span class='ocrx_word' id='word_1_14' title='bbox 1060 484 1176 546; x_wconf 77' lang='lat' dir='ltr'>citabo:</span> <span class='ocrx_word' id='word_1_15' title='bbox 1197 493 1230 546; x_wconf 90' lang='lat' dir='ltr'>tu</span> <span class='ocrx_word' id='word_1_16' title='bbox 1243 506 1300 549; x_wconf 88' lang='lat' dir='ltr'>neo</span> 
     </span>
     <span class='ocr_line' id='line_1_3' title="bbox 201 574 938 661; baseline -0.009 -20"><span class='ocrx_word' id='word_1_17' title='bbox 201 578 359 661; x_wconf 77' lang='lat' dir='ltr'>sponsione</span> <span class='ocrx_word' id='word_1_18' title='bbox 373 576 518 656; x_wconf 84' lang='lat' dir='ltr'>obligasti,</span> <span class='ocrx_word' id='word_1_19' title='bbox 531 595 628 654; x_wconf 84' lang='lat' dir='ltr'>neque</span> <span class='ocrx_word' id='word_1_20' title='bbox 641 595 720 635; x_wconf 90' lang='lat' dir='ltr'>nunc</span> <span class='ocrx_word' id='word_1_21' title='bbox 735 574 849 637; x_wconf 77' lang='lat' dir='ltr'><strong>citabis.</strong></span> <span class='ocrx_word' id='word_1_22' title='bbox 937 604 938 609; x_wconf 41' lang='lat'>1</span> 
     </span>
    </p>

    <p class='ocr_par' dir='ltr' id='par_1_3' title="bbox 199 668 1301 1397">
     <span class='ocr_line' id='line_1_4' title="bbox 242 668 1300 755; baseline -0.001 -23"><span class='ocrx_word' id='word_1_23' title='bbox 242 677 272 733; x_wconf 90' lang='lat'>8.</span> <span class='ocrx_word' id='word_1_24' title='bbox 295 673 443 755; x_wconf 83' lang='lat' dir='ltr'>Praeterea</span> <span class='ocrx_word' id='word_1_25' title='bbox 456 689 525 749; x_wconf 83' lang='lat' dir='ltr'>spes</span> <span class='ocrx_word' id='word_1_26' title='bbox 539 668 627 728; x_wconf 84' lang='lat' dir='ltr'>etium</span> <span class='ocrx_word' id='word_1_27' title='bbox 642 668 700 728; x_wconf 83' lang='lat' dir='ltr'>alia</span> <span class='ocrx_word' id='word_1_28' title='bbox 713 668 757 727; x_wconf 90' lang='lat' dir='ltr'>eis</span> <span class='ocrx_word' id='word_1_29' title='bbox 771 676 817 729; x_wconf 85' lang='lat' dir='ltr'>est</span> <span class='ocrx_word' id='word_1_30' title='bbox 829 668 914 747; x_wconf 84' lang='lat' dir='ltr'>vestri</span> <span class='ocrx_word' id='word_1_31' title='bbox 929 668 1177 730; x_wconf 77' lang='lat' dir='ltr'>circumveniendi</span> <span class='ocrx_word' id='word_1_32' title='bbox 1197 680 1228 745; x_wconf 79' lang='lat' dir='ltr'>et</span> <span class='ocrx_word' id='word_1_33' title='bbox 1245 672 1300 732; x_wconf 84' lang='lat' dir='ltr'>fal·</span> 
     </span>
     <span class='ocr_line' id='line_1_5' title="bbox 200 760 1301 840; baseline 0.001 -14"><span class='ocrx_word' id='word_1_34' title='bbox 200 762 291 836; x_wconf 86' lang='lat' dir='ltr'>lendi.</span> <span class='ocrx_word' id='word_1_35' title='bbox 337 761 586 821; x_wconf 82' lang='lat' dir='ltr'>&#39;criminabuntur</span> <span class='ocrx_word' id='word_1_36' title='bbox 609 760 854 834; x_wconf 77' lang='lat' dir='ltr'>Demosthenem,</span> <span class='ocrx_word' id='word_1_37' title='bbox 877 763 970 840; x_wconf 83' lang='lat' dir='ltr'>eoque</span> <span class='ocrx_word' id='word_1_38' title='bbox 990 768 1044 839; x_wconf 30' lang='lat' dir='ltr'>‚me</span> <span class='ocrx_word' id='word_1_39' title='bbox 1066 761 1172 823; x_wconf 80' lang='lat' dir='ltr'>fretum</span> <span class='ocrx_word' id='word_1_40' title='bbox 1200 762 1301 827; x_wconf 86' lang='lat' dir='ltr'>dicent</span> 
     </span>
     <span class='ocr_line' id='line_1_6' title="bbox 200 852 1299 936; baseline 0.003 -21"><span class='ocrx_word' id='word_1_41' title='bbox 200 856 337 919; x_wconf 77' lang='lat' dir='ltr'>eduxisse</span> <span class='ocrx_word' id='word_1_42' title='bbox 351 854 450 928; x_wconf 85' lang='lat' dir='ltr'>istum,</span> <span class='ocrx_word' id='word_1_43' title='bbox 463 852 633 914; x_wconf 69' lang='lat' dir='ltr'>esietimont</span> <span class='ocrx_word' id='word_1_44' title='bbox 644 853 731 936; x_wconf 79' lang='lat' dir='ltr'>enim,</span> <span class='ocrx_word' id='word_1_45' title='bbox 742 854 813 933; x_wconf 90' lang='lat' dir='ltr'>quia</span> <span class='ocrx_word' id='word_1_46' title='bbox 825 862 857 914; x_wconf 90' lang='lat' dir='ltr'>et</span> <span class='ocrx_word' id='word_1_47' title='bbox 870 862 966 914; x_wconf 86' lang='lat' dir='ltr'>orator</span> <span class='ocrx_word' id='word_1_48' title='bbox 985 852 1036 933; x_wconf 81' lang='lat' dir='ltr'>ille</span> <span class='ocrx_word' id='word_1_49' title='bbox 1048 853 1092 914; x_wconf 71' lang='lat' dir='ltr'>&#39;sit</span> <span class='ocrx_word' id='word_1_50' title='bbox 1116 864 1147 915; x_wconf 87' lang='lat' dir='ltr'>et</span> <span class='ocrx_word' id='word_1_51' title='bbox 1166 856 1299 930; x_wconf 84' lang='lat' dir='ltr'>celebris,</span> 
     </span>
     <span class='ocr_line' id='line_1_7' title="bbox 200 945 1300 1030; baseline 0.004 -21"><span class='ocrx_word' id='word_1_52' title='bbox 200 946 352 1030; x_wconf 78' lang='lat' dir='ltr'>probabile</span> <span class='ocrx_word' id='word_1_53' title='bbox 366 964 399 1005; x_wconf 90' lang='lat' dir='ltr'>se</span> <span class='ocrx_word' id='word_1_54' title='bbox 413 946 525 1005; x_wconf 83' lang='lat' dir='ltr'>crimen</span> <span class='ocrx_word' id='word_1_55' title='bbox 538 945 652 1007; x_wconf 84' lang='lat' dir='ltr'>offerre.</span> <span class='ocrx_word' id='word_1_56' title='bbox 693 946 770 1005; x_wconf 80' lang='lat' dir='ltr'>Mihi</span> <span class='ocrx_word' id='word_1_57' title='bbox 782 964 862 1018; x_wconf 80' lang='lat' dir='ltr'>vero,</span> <span class='ocrx_word' id='word_1_58' title='bbox 877 946 1086 1021; x_wconf 83' lang='lat' dir='ltr'>Athenienses,</span> <span class='ocrx_word' id='word_1_59' title='bbox 1104 968 1210 1029; x_wconf 82' lang='lat' dir='ltr'>genere</span> <span class='ocrx_word' id='word_1_60' title='bbox 1229 969 1300 1013; x_wconf 88' lang='lat' dir='ltr'>sane</span> 
     </span>
     <span class='ocr_line' id='line_1_8' title="bbox 200 1038 1301 1127; baseline 0.002 -25"><span class='ocrx_word' id='word_1_61' title='bbox 200 1041 378 1121; x_wconf 87' lang='lat' dir='ltr'>conjunctus</span> <span class='ocrx_word' id='word_1_62' title='bbox 391 1046 438 1099; x_wconf 86' lang='lat' dir='ltr'>est</span> <span class='ocrx_word' id='word_1_63' title='bbox 451 1038 689 1099; x_wconf 87' lang='lat' dir='ltr'>Demosthenes:</span> <span class='ocrx_word' id='word_1_64' title='bbox 711 1048 801 1117; x_wconf 84' lang='lat' dir='ltr'>etque</span> <span class='ocrx_word' id='word_1_65' title='bbox 819 1058 872 1117; x_wconf 87' lang='lat' dir='ltr'>per</span> <span class='ocrx_word' id='word_1_66' title='bbox 890 1058 991 1099; x_wconf 89' lang='lat' dir='ltr'>omnes</span> <span class='ocrx_word' id='word_1_67' title='bbox 1003 1040 1087 1101; x_wconf 87' lang='lat' dir='ltr'>vobis</span> <span class='ocrx_word' id='word_1_68' title='bbox 1101 1040 1204 1123; x_wconf 79' lang='lat' dir='ltr'>adjuro</span> <span class='ocrx_word' id='word_1_69' title='bbox 1218 1043 1301 1127; x_wconf 89' lang='lat' dir='ltr'>deos,</span> 
     </span>
     <span class='ocr_line' id='line_1_9' title="bbox 199 1130 1301 1204; baseline 0.003 -10"><span class='ocrx_word' id='word_1_70' title='bbox 199 1153 248 1194; x_wconf 91' lang='lat' dir='ltr'>me</span> <span class='ocrx_word' id='word_1_71' title='bbox 261 1151 331 1193; x_wconf 83' lang='lat' dir='ltr'>vera</span> <span class='ocrx_word' id='word_1_72' title='bbox 343 1131 499 1192; x_wconf 87' lang='lat' dir='ltr'>dicturum.</span> <span class='ocrx_word' id='word_1_73' title='bbox 528 1132 602 1191; x_wconf 85' lang='lat' dir='ltr'>&#39;Sed</span> <span class='ocrx_word' id='word_1_74' title='bbox 614 1150 681 1191; x_wconf 89' lang='lat' dir='ltr'>cum</span> <span class='ocrx_word' id='word_1_75' title='bbox 691 1131 730 1190; x_wconf 83' lang='lat' dir='ltr'>ad</span> <span class='ocrx_word' id='word_1_76' title='bbox 744 1148 811 1190; x_wconf 88' lang='lat' dir='ltr'>eum</span> <span class='ocrx_word' id='word_1_77' title='bbox 826 1130 1027 1204; x_wconf 73' lang='lat' dir='ltr'>accessissem,</span> <span class='ocrx_word' id='word_1_78' title='bbox 1043 1142 1073 1194; x_wconf 89' lang='lat' dir='ltr'>et</span> <span class='ocrx_word' id='word_1_79' title='bbox 1087 1142 1120 1192; x_wconf 91' lang='lat' dir='ltr'>ut</span> <span class='ocrx_word' id='word_1_80' title='bbox 1132 1132 1201 1193; x_wconf 91' lang='lat' dir='ltr'>mihi</span> <span class='ocrx_word' id='word_1_81' title='bbox 1215 1136 1301 1197; x_wconf 87' lang='lat' dir='ltr'>ades·</span> 
     </span>
     <span class='ocr_line' id='line_1_10' title="bbox 201 1214 1299 1306; baseline 0.003 -20"><span class='ocrx_word' id='word_1_82' title='bbox 201 1235 247 1287; x_wconf 86' lang='lat' dir='ltr'>set</span> <span class='ocrx_word' id='word_1_83' title='bbox 269 1244 414 1306; x_wconf 85' lang='lat' dir='ltr'>opemque</span> <span class='ocrx_word' id='word_1_84' title='bbox 443 1222 542 1294; x_wconf 87' lang='lat' dir='ltr'>ferret,</span> <span class='ocrx_word' id='word_1_85' title='bbox 566 1224 591 1282; x_wconf 90' lang='lat' dir='ltr'>si</span> <span class='ocrx_word' id='word_1_86' title='bbox 613 1224 685 1302; x_wconf 91' lang='lat' dir='ltr'>quid</span> <span class='ocrx_word' id='word_1_87' title='bbox 707 1231 820 1303; x_wconf 85' lang='lat' dir='ltr'>posset,</span> <span class='ocrx_word' id='word_1_88' title='bbox 841 1214 1039 1305; x_wconf 83' lang='lat' dir='ltr'>postularem:</span> <span class='ocrx_word' id='word_1_89' title='bbox 1074 1224 1148 1305; x_wconf 80' lang='lat' dir='ltr'>Ego,</span> <span class='ocrx_word' id='word_1_90' title='bbox 1172 1214 1299 1305; x_wconf 86' lang='lat' dir='ltr'>Demon,</span> 
     </span>
     <span class='ocr_line' id='line_1_11' title="bbox 200 1314 1300 1397; baseline 0.005 -20"><span class='ocrx_word' id='word_1_91' title='bbox 200 1320 305 1397; x_wconf 88' lang='lat' dir='ltr'>inquit,</span> <span class='ocrx_word' id='word_1_92' title='bbox 318 1317 516 1378; x_wconf 80' lang='lat' dir='ltr'>faciamuttu</span> <span class='ocrx_word' id='word_1_93' title='bbox 526 1314 662 1396; x_wconf 86' lang='lat' dir='ltr'>jusseris.</span> <span class='ocrx_word' id='word_1_94' title='bbox 706 1315 772 1377; x_wconf 81' lang='lat' dir='ltr'>Nec</span> <span class='ocrx_word' id='word_1_95' title='bbox 794 1315 871 1377; x_wconf 88' lang='lat' dir='ltr'>enim</span> <span class='ocrx_word' id='word_1_96' title='bbox 890 1316 970 1377; x_wconf 87' lang='lat' dir='ltr'>alind</span> <span class='ocrx_word' id='word_1_97' title='bbox 989 1337 1037 1378; x_wconf 90' lang='lat' dir='ltr'>me</span> <span class='ocrx_word' id='word_1_98' title='bbox 1056 1316 1198 1381; x_wconf 85' lang='lat' dir='ltr'>decuerit.</span> <span class='ocrx_word' id='word_1_99' title='bbox 1239 1320 1300 1383; x_wconf 89' lang='lat' dir='ltr'>Sed</span> 
     </span>
    </p>
   </div>
   <div class='ocr_carea' id='block_1_3' title="bbox 199 1408 1404 1492">
    <p class='ocr_par' dir='ltr' id='par_1_4' title="bbox 199 1408 1404 1492">
     <span class='ocr_line' id='line_1_12' title="bbox 199 1408 1404 1492; baseline 0.002 -20"><span class='ocrx_word' id='word_1_100' title='bbox 199 1420 297 1472; x_wconf 88' lang='lat' dir='ltr'>tamen</span> <span class='ocrx_word' id='word_1_101' title='bbox 310 1409 397 1470; x_wconf 81' lang='lat' dir='ltr'>sttui</span> <span class='ocrx_word' id='word_1_102' title='bbox 411 1419 442 1469; x_wconf 87' lang='lat' dir='ltr'>et</span> <span class='ocrx_word' id='word_1_103' title='bbox 462 1408 520 1468; x_wconf 89' lang='lat' dir='ltr'>mei</span> <span class='ocrx_word' id='word_1_104' title='bbox 539 1418 587 1469; x_wconf 88' lang='lat' dir='ltr'>est</span> <span class='ocrx_word' id='word_1_105' title='bbox 604 1408 744 1469; x_wconf 85' lang='lat' dir='ltr'>habende</span> <span class='ocrx_word' id='word_1_106' title='bbox 765 1410 848 1471; x_wconf 89' lang='lat' dir='ltr'>ratio.</span> <span class='ocrx_word' id='word_1_107' title='bbox 892 1408 966 1469; x_wconf 87' lang='lat' dir='ltr'>Mihi</span> <span class='ocrx_word' id='word_1_108' title='bbox 980 1411 1115 1473; x_wconf 82' lang='lat' dir='ltr'>usuvenit</span> <span class='ocrx_word' id='word_1_109' title='bbox 1135 1431 1171 1472; x_wconf 84' lang='lat' dir='ltr'>ex</span> <span class='ocrx_word' id='word_1_110' title='bbox 1188 1414 1299 1492; x_wconf 90' lang='lat' dir='ltr'>quode</span> <span class='ocrx_word' id='word_1_111' title='bbox 1394 1422 1404 1440; x_wconf 91' lang='lat'><em>&#39;</em></span> 
     </span>
    </p>
   </div>
   <div class='ocr_carea' id='block_1_4' title="bbox 129 1490 1299 1749">
    <p class='ocr_par' dir='ltr' id='par_1_5' title="bbox 129 1490 1299 1749">
     <span class='ocr_line' id='line_1_13' title="bbox 199 1490 1299 1585; baseline 0.002 -21"><span class='ocrx_word' id='word_1_112' title='bbox 199 1490 350 1583; x_wconf 75' lang='lat' dir='ltr'>republica</span> <span class='ocrx_word' id='word_1_113' title='bbox 363 1498 522 1562; x_wconf 81' lang='lat' dir='ltr'>conciones</span> <span class='ocrx_word' id='word_1_114' title='bbox 541 1503 649 1563; x_wconf 88' lang='lat' dir='ltr'>habere</span> <span class='ocrx_word' id='word_1_115' title='bbox 667 1502 753 1583; x_wconf 83' lang='lat' dir='ltr'>coepi,</span> <span class='ocrx_word' id='word_1_116' title='bbox 773 1512 807 1562; x_wconf 88' lang='lat' dir='ltr'>ut</span> <span class='ocrx_word' id='word_1_117' title='bbox 829 1502 867 1563; x_wconf 83' lang='lat' dir='ltr'>ad</span> <span class='ocrx_word' id='word_1_118' title='bbox 891 1503 1001 1566; x_wconf 85' lang='lat' dir='ltr'>nullam</span> <span class='ocrx_word' id='word_1_119' title='bbox 1010 1498 1142 1584; x_wconf 78' lang='lat' dir='ltr'>unquam</span> <span class='ocrx_word' id='word_1_120' title='bbox 1156 1505 1299 1585; x_wconf 84' lang='lat' dir='ltr'>privatam</span> 
     </span>
     <span class='ocr_line' id='line_1_14' title="bbox 199 1593 1298 1677; baseline 0.004 -20"><span class='ocrx_word' id='word_1_121' title='bbox 199 1609 320 1657; x_wconf 80' lang='lat' dir='ltr'>causam</span> <span class='ocrx_word' id='word_1_122' title='bbox 334 1594 527 1654; x_wconf 85' lang='lat' dir='ltr'>accesserim:</span> <span class='ocrx_word' id='word_1_123' title='bbox 548 1595 602 1657; x_wconf 88' lang='lat' dir='ltr'>sed</span> <span class='ocrx_word' id='word_1_124' title='bbox 625 1594 657 1655; x_wconf 87' lang='lat' dir='ltr'>in</span> <span class='ocrx_word' id='word_1_125' title='bbox 679 1594 745 1675; x_wconf 85' lang='lat' dir='ltr'>ipsa</span> <span class='ocrx_word' id='word_1_126' title='bbox 758 1593 845 1655; x_wconf 82' lang='lat' dir='ltr'>etiam</span> <span class='ocrx_word' id='word_1_127' title='bbox 860 1595 1110 1658; x_wconf 80' lang='lat' dir='ltr'>administratione</span> <span class='ocrx_word' id='word_1_128' title='bbox 1129 1596 1298 1677; x_wconf 80' lang='lat' dir='ltr'>reipublicae</span> 
     </span>
     <span class='ocr_line' id='line_1_15' title="bbox 129 1686 1181 1749; baseline -0.005 -3"><span class='ocrx_word' id='word_1_129' title='bbox 129 1738 134 1746; x_wconf 84' lang='lat'><strong>.</strong></span> <span class='ocrx_word' id='word_1_130' title='bbox 200 1686 271 1749; x_wconf 89' lang='lat' dir='ltr'>talis</span> <span class='ocrx_word' id='word_1_131' title='bbox 284 1686 466 1749; x_wconf 86' lang='lat' dir='ltr'>declinarim.</span> <span class='ocrx_word' id='word_1_132' title='bbox 1179 1686 1181 1693; x_wconf 89' lang='lat'>&#39;</span> 
     </span>
    </p>
   </div>
   <div class='ocr_carea' id='block_1_5' title="bbox 0 0 1488 4950">
    <p class='ocr_par' dir='ltr' id='par_1_6' title="bbox 0 0 1488 4950">
     <span class='ocr_line' id='line_1_16' title="bbox 0 0 1488 4950; baseline 0 2"><span class='ocrx_word' id='word_1_133' title='bbox 0 0 1488 4950; x_wconf 95' lang='lat' dir='ltr'> </span> 
     </span>
    </p>
   </div>
  </div>
 </body>
</html>
