2967 4950
481 259 525 316 IN
547 255 888 318 CTBSFPHONTEM.
1201 262 1238 316 77

135 419 206 477 here
222 410 286 487 sus,
305 415 358 493 qni
374 433 411 474 ex
426 401 562 472 tribubus
582 413 691 475 deiecti
712 413 783 482 sint,
806 423 963 492 postquam
981 415 1011 473 in
1022 414 1156 495 judiciali
1175 416 1240 476 foro

135 511 339 590 preberentur,
360 495 534 584 magistratu
547 505 653 585 fungi:
674 507 756 583 atqui
770 505 864 565 trihus
877 505 1042 567 Pandionia
1065 507 1241 569 Demosthe-

136 621 206 662 nem
225 600 431 680 magistratum
445 607 477 660 et
494 599 636 676 incenium
648 597 871 659 instauratorem
889 599 1012 678 delegit,
1031 601 1102 678 quin
1119 602 1158 660 ad
1177 621 1242 662 earn

137 713 200 754 rem
218 692 310 772 paulo
328 693 426 751 minus
445 692 548 752 decem
570 691 687 751 talentis
707 710 745 751 ex
764 692 869 751 aenrio
890 691 1001 752 habet:
1014 693 1164 772 jamsvero
1185 696 1244 756 alia
1279 757 1281 762 ,

137 788 186 846 lex
199 795 284 846 vetat
303 785 510 864 magistratum
527 794 597 844 ante
618 784 748 844 rationes
767 784 874 844 rdetaa
894 785 1046 856 coronari:
1069 805 1123 846 voa
1144 797 1242 847 autem

136 877 330 960 jurejurando
344 877 444 938 adacti
456 877 528 937 estis
543 876 718 937 sententiam
732 877 809 936 ferre
823 877 989 938 seeundum
1004 878 1104 956 leges:
1126 887 1158 938 at
1179 898 1244 940 ora·

140 983 186 1032 tor
196 971 255 1031 iate
266 970 408 1042 decrevit,
420 969 571 1029 hominem
587 969 750 1033 rationibus
766 969 927 1028 reddendis
940 969 1099 1030 obnoxium
1113 989 1179 1030 esse
1194 989 1246 1032 oe-

139 1064 318 1135 ronandum,
331 1083 429 1143 neque
439 1061 630 1143 illudadjecit
643 1071 896 1143 posteaquam
915 1061 1097 1122 rationes
1115 1063 1246 1124 reddi-

140 1155 258 1216 derit:
278 1175 335 1235 ego
343 1155 530 1216 vernmimen
540 1154 686 1235 plebisciti
696 1165 800 1218 cenna
813 1154 894 1234 leges
905 1153 976 1214 iacti
988 1164 1051 1214 tum
1063 1155 1173 1233 legum,
1184 1165 1247 1217 tum
1372 1183 1377 1194 ·

141 1247 339 1321 deoremrom,
356 1256 420 1306 tum
441 1246 674 1307 minimorum
693 1247 870 1310 testimoniis
891 1247 1006 1321 erincq.
1040 1247 1109 1313 Quo
1126 1249 1248 1309 tandem

140 1347 232 1420 paeto
244 1340 375 1419 apertius
388 1339 546 1420 quisquam
567 1340 768 1402 demonstrare
782 1340 877 1420 possit
889 1339 1039 1400 hominem
1056 1339 1173 1418 legibus
1191 1343 1247 1401 ini-

141 1431 301 1497 unissima
313 1431 489 1512 scripsisset

183 1527 235 1584 14.
256 1523 350 1585 Petro
359 1535 390 1584 et
401 1543 519 1586 corones
529 1525 772 1604 praedicationne
785 1544 854 1585 eum
866 1527 897 1586 in
908 1527 984 1587 scite
998 1545 1053 1586 sno
1057 1525 1166 1605 jubere
1176 1546 1249 1588 eon·

142 1628 191 1677 tra
203 1617 289 1696 leges
307 1617 381 1692 fieri,
394 1619 426 1684 id
439 1637 559 1697 qnoque
570 1637 625 1678 ros
643 1618 784 1678 edocebo.
817 1619 878 1678 Lex
897 1621 974 1680 enim
989 1619 1097 1685 diserte
1113 1621 1209 1700 jubet,
1224 1621 1250 1682 si
1320 1640 1322 1649 ⁴

143 1729 235 1790 quens
247 1729 359 1771 emona
370 1711 461 1771 donet
475 1720 607 1784 mans,
619 1721 655 1770 ut
665 1711 697 1769 in
710 1712 793 1771 euris
806 1713 992 1791 predicetur,
1006 1713 1054 1772 sin
1066 1715 1204 1794 populas,
1217 1716 1249 1781 in

145 1802 300 1878 concione,
313 1803 382 1871 aiibi
393 1823 462 1864 vero
472 1821 630 1882 numum
651 1803 758 1868 Recita
769 1805 840 1864 mihi
853 1805 961 1885 legem.

654 2011 746 2071 LEX.

27 2142 31 2149 ς
146 2155 297 2222 Preciana
306 2175 377 2220 sane
388 2158 441 2219 tex
454 2135 513 2219 ista
525 2123 582 2230 est,
592 2157 800 2222 Athenienses.
831 2157 938 2237 Neque
950 2159 1038 2232 enirn,
1052 2159 1166 2238 opinor,
1179 2179 1249 2222 cen·

147 2249 208 2313 suit
226 2249 378 2328 legislator
397 2260 544 2314 oratorem
561 2250 666 2314 decere
681 2271 715 2314 sc
727 2251 807 2330 apud
824 2259 940 2314 exteros
954 2251 1109 2330 ninguidos
1126 2255 1251 2330 jactare,

148 2340 205 2400 sed
225 2341 297 2402 satis
317 2342 435 2416 habere,
450 2343 475 2402 si
493 2342 523 2400 in
537 2343 610 2401 urbe
630 2363 649 2402 a
666 2345 776 2422 populo
795 2353 924 2417 ornetur,
948 2346 1086 2422 usquein
1101 2346 1253 2424 praeceniis
1359 2349 1362 2356 '

148 2443 297 2511 questum
310 2434 461 2515 auerrpari.
483 2434 581 2514 Atque
594 2433 637 2495 ite
649 2435 767 2515 quidem
778 2435 853 2497 lator
863 2436 957 2515 legis:
980 2436 1143 2525 Ctesiphon
1157 2448 1252 2515 autern
1296 2439 1299 2450 ¹

149 2527 320 2605 quomodo?
340 2528 444 2593 Recita
457 2529 619 2587 decretum.

570 2744 825 2840 *nscnnrun
854 2789 860 2803 .

151 2882 280 2961 Auditis,
293 2886 502 2960 Athenienses,
517 2888 622 2967 jubere
636 2886 848 2965 legislatorem,
862 2896 897 2945 ut
913 2888 966 2965 qni¹
982 2908 1001 2946 a
1017 2889 1127 2965 populo
1145 2908 1257 2951 corone
1326 2962 1330 2969 ⁸

151 2978 288 3050 donetur,
301 2978 338 3038 de
352 2998 389 3039 eo
402 2980 482 3057 apud
496 2980 638 3059 populum
649 2978 678 3037 in
693 2979 795 3058 Pnyce
810 2977 954 3039 concione
966 2978 1067 3039 hahita
1074 2981 1255 3057 praeconium

151 3063 215 3141 fiat,
226 3070 295 3130 alibi
305 3090 376 3131 vero
389 3091 555 3150 nusquam:
573 3081 605 3131 at
616 3070 780 3150 Ctesiphon
790 3071 821 3129 in
831 3070 956 3143 theatro,
972 3091 1032 3132 non
1042 3072 1158 3151 legibus
1168 3074 1258 3135 modo

151 3162 269 3241 spretis,
283 3164 337 3225 sed
346 3164 434 3224 etiarn
443 3164 512 3225 loco
520 3173 710 3236 conmutato,
721 3182 781 3225 non
792 3162 1022 3223 Atheniensibus
1033 3164 1075 3225 'ad
1086 3166 1258 3227 concionem

152 3247 333 3327 conuocatis,
342 3255 396 3315 sed
406 3256 491 3319 novis
501 3254 640 3334 tragedis
649 3255 767 3316 fabulas
779 3255 944 3333 agentibus,
957 3276 1017 3317 non
1028 3275 1126 3319 eorem
1136 3260 1258 3337 populo,

154 3348 209 3408 sed
223 3348 425 3426 spectantibus
439 3348 563 3420 Graecis,
578 3359 612 3407 ut
621 3349 707 3408 nobis
720 3348 829 3409 eonseii
842 3348 911 3419 sint,
926 3350 1005 3427 quali
1019 3369 1075 3411 nos
1087 3350 1152 3411 siro·
1162 3351 1257 3414 hono·

153 3464 218 3510 rem
230 3444 408 3508 habeamus.
1035 3522 1040 3526 ,

200 3539 247 3597 15.
270 3538 348 3604 Cune
360 3529 448 3616 igitur
460 3547 521 3601 tem
531 3546 631 3617 aperte
645 3536 760 3615 legibus
769 3537 915 3599 centraria
925 3538 1086 3619 scripserit,
1093 3540 1266 3620 conjunctis,

156 3649 227 3697 curu
245 3631 452 3697 Demosthene
463 3630 573 3694 viribus
590 3629 714 3695 technas
728 3630 873 3710 quasdam
890 3630 1005 3711 legibus
1020 3632 1164 3704 intendet,
1185 3654 1260 3713 quas

156 3716 217 3804 'ego
227 3723 463 3798 sohisindieebo
477 3733 508 3785 et
519 3724 697 3801 praedicans,
709 3743 748 3784 ne
768 3724 971 3803 inprudentes
987 3726 1017 3783 in
1034 3742 1162 3787 errorem
1174 3728 1260 3787 indir-

157 3816 278 3880 oenint.
309 3816 429 3895 Negare
442 3815 520 3879 enim
533 3816 583 3879 isti
603 3836 664 3879 nun
684 3808 832 3895 poterunt,
852 3818 926 3895 quin
942 3818 1024 3897 leges
1043 3828 1159 3891 vetent,
1175 3840 1218 3879 ne
1234 3822 1260 3881 is

157 3930 249 3991 quern
258 3910 387 3990 populus
398 3917 521 3973 minuet
532 3918 617 3972 extra
630 3910 804 3973 concinnens
814 3909 1011 3990 praedicetur:
1028 3912 1180 3973 adducent
1192 3931 1265 3973 vern

100 4006 105 4012 ’
157 4021 222 4082 qun
236 4021 271 4067 aa
290 4001 454 4065 defendent
474 4002 575 4081 legens·
592 4002 814 4083 Dionysncam,
839 4004 961 4083 ejusque
981 4014 1094 4084 partem
1112 4004 1268 4082 qnandarn

159 4095 306 4170 cinnat,
319 4116 383 4176 qun.
399 4096 519 4158 auribus
532 4096 638 4159 vestris
652 4098 820 4169 abutantur,
844 4096 944 4177 legem
957 4098 1092 4175 'denique
1113 4096 1266 4175 merent,

159 4188 232 4253 nih'd
244 4188 284 4252 ad
296 4188 355 4251 hoc
370 4189 515 4269 judicium
531 4189 738 4269 pertinentem,
758 4189 916 4270 dicentque
929 4192 1005 4252 duma
1018 4208 1085 4251 esse
1098 4188 1129 4249 in
1144 4188 1263 4251 einitsoe

159 4280 200 4341 de
209 4282 365 4366 psaeeomn
377 4291 512 4362 receptas
521 4281 616 4362 leges,
626 4302 728 4356 mam,
740 4300 831 4361 quam.
842 4302 900 4363 ego
919 4302 998 4343 nune
1012 4281 1139 4360 profero,
1152 4282 1262 4343 ‹iissrtn

161 4384 313 4449 retentem
326 4376 364 4443 de
377 4395 416 4438 eo
428 4394 518 4456 quem
533 4376 661 4457 popuius
675 4375 890 4439 corenedonet
903 4385 985 4437 extra
1001 4375 1176 4439 oondmnn
1188 4396 1262 4456 pss-
