2967 4950
400 280 457 341 nn
478 280 593 342 mssa
612 281 751 344 casm
774 280 1024 344 taetrioris.
1097 253 1099 256 ’
1225 281 1263 338 sr

156 435 272 518 amicos
284 434 463 499 habiturum.
492 439 540 504 Ne
556 457 627 500 vero
645 439 830 501 sermonibus
844 439 903 500 illic
915 437 1023 500 habitis
1034 446 1172 499 accurate
1184 435 1264 516 apud

156 549 215 590 vos
236 532 501 594 commemorandis
521 533 665 605 immorer,
686 533 736 592 ubi
758 532 926 606 summatim
936 532 982 594 ,de
997 531 1133 590 omnibus
1152 529 1263 598 dinero,

157 621 307 682 desinam.
336 622 432 683 Penes
453 623 600 685 fortunam
624 635 655 684 et
677 625 857 706 Bhilippum,
875 644 970 684 rerum
993 622 1187 703 gerendarum
1207 621 1264 682 fuit

155 715 339 777 auctoritas:
360 735 452 796 penes
465 737 524 788 me,
536 718 750 779 benevolentiae
764 738 834 797 erga
847 737 909 790 vos,
923 728 954 778 et
966 715 1104 778 orationis
1118 714 1262 776 habenda
1371 774 1375 782 ,

156 819 311 893 potestas,
332 811 378 872 Ea
389 831 476 889 porro
495 831 516 872 a
532 831 580 872 me
593 811 767 884 dictasunt,
781 831 847 891 quse
858 811 916 871 dici
929 811 985 872 init
997 828 1126 889 aequum,
1138 827 1262 887 qumque

155 923 176 962 e
190 923 221 962 re
236 913 332 964 vestra
344 903 479 963 fuerunt:
501 914 625 966 eventus
640 915 738 964 eutem
752 905 777 964 is
798 912 977 964 consecutus
997 911 1054 972 est,
1064 902 1125 979 'qui
1145 918 1205 968 non
1227 920 1261 961 o·

155 995 249 1075 pteris
258 997 378 1068 nostris
388 986 443 1056 sed
450 996 579 1078 Philippi
593 997 667 1058 actis
675 996 835 1103 respondit.
863 995 971 1056 Utrum
980 995 1069 1072 igitur
1082 993 1194 1072 aquius
1205 1001 1261 1066 est,

146 1088 335 1150 auctoritate
360 1089 474 1161 florere,
495 1109 563 1150 enm
583 1111 632 1164 ne,
655 1091 706 1169 qui
725 1109 777 1150 ne
790 1087 904 1150 studuit
926 1087 1045 1166 quidem
1074 1085 1261 1146 commodare

154 1179 325 1259 quicquam,
339 1199 377 1240 an
395 1199 473 1252 eum,
487 1201 538 1260 qm
528 1181 622 1242 nihil
634 1177 714 1261 quod
727 1181 824 1261 potuit
835 1178 1039 1262 praetermisit?
1052 1177 1148 1240 Nunc
1162 1187 1261 1288 autem

144 1281 277 1357 ¹propter
291 1282 434 1352 tempora,
447 1273 540 1334 multa
557 1275 759 1354 pretermitto.

149 1409 154 1414 .
199 1367 250 1423 37.
283 1365 366 1423 Dixit
391 1375 501 1436 autem,
529 1367 683 1426 mentitum
711 1379 776 1426 esse
808 1375 867 1436 me,
899 1387 969 1428 cum
995 1365 1261 1444 pmiiterer,.1ntra

153 1475 270 1537 paucos
292 1457 355 1516 dies
372 1457 490 1515 Thebas
511 1456 573 1516 iore
596 1456 723 1515 humiles
734 1478 744 1525 ;
766 1467 797 1516 et
818 1457 1032 1517 Euboeensibus
1049 1466 1195 1526 terrorem
1214 1455 1259 1522 in-

152 1547 296 1618 cussisse,
310 1566 378 1606 cnm
397 1565 450 1606 ros
463 1565 516 1626 spe
527 1547 628 1625 aliqua
641 1547 845 1624 producerem.
870 1547 949 1616 Quid
964 1559 1062 1620 autem
1075 1547 1174 1619 faciat,
1187 1565 1259 1626 cog-

154 1642 285 1721 noscite,
297 1641 505 1702 Athenienses.
541 1642 606 1721 Ego
619 1641 692 1700 dum
704 1642 784 1723 apud
794 1641 963 1722 Philippum
977 1659 1083 1714 essem,
1098 1642 1179 1722 petii,
1192 1661 1260 1702 cum

146 1736 198 1796 ⁴ad
217 1754 272 1796 vos
282 1741 453 1806 reverterer,
472 1734 652 1808 renunciavi,
665 1752 785 1795 censere
803 1755 861 1809 mc,
874 1755 937 1795 esse
955 1755 1084 1813 aequnm,
1098 1745 1131 1794 ut
1151 1734 1259 1794 'ibeboe
1307 1773 1312 1782 ι

144 1838 257 1890 ‘essent
275 1827 407 1897 Boeotira,
420 1846 491 1899 non,
503 1836 539 1886 ιιι
550 1827 672 1888 :Boeotia
687 1827 853 1888 Thebarum
873 1836 961 1888 esset
984 1827 1051 1886 Hoc
1068 1829 1259 1912 istejmenon

146 1920 355 1990 renunciasse,
370 1921 424 1981 sed
437 1920 607 2000 promisisse
626 1920 677 1980 ait.
698 1920 770 1980 Dixi
785 1929 882 1980 autem
896 1920 976 1998 apud
990 1939 1053 1994 vos,
1065 1920 1259 1982 ¹Cleocharem

155 2012 388 2074 Chalcidensem
406 2012 527 2084 dixisse,
541 2012 640 2073 mirari
653 2033 686 2073 se
698 2022 827 2073 uestram
847 2021 877 2071 et
891 2011 1019 2091 Philippi
1040 2012 1166 2074 subitam
1186 2031 1259 2072 con-

153 2105 297 2178 cordiam,
321 2116 412 2184 atque
438 2104 519 2165 illam
540 2105 628 2166 etiam
651 2105 858 2166 mandatorum
882 2115 1048 2168 nostrorum
1072 2123 1116 2170 ex
1137 2103 1258 2173 decreto

152 2200 331 2271 clausulam,
343 2198 492 2278 amodum
506 2218 573 2258 esse
591 2199 676 2260 nobis
695 2198 834 2278 quioquid
853 2207 995 2278 praterea
1012 2174 1159 2304 ppssimus
1176 2195 1258 2265 boni.

148 2291 300 2371 Numqui
312 2311 478 2372 porrorum,
497 2301 532 2351 ut
543 2291 609 2371 ipsi,
623 2291 798 2371 oppidorum
811 2297 913 2351 essent
925 2290 1014 2361 eires,
1029 2289 1064 2350 iis
1075 2288 1178 2351 terrori
1190 2309 1257 2353 esse

145 2403 265 2445 ‹arcana
281 2390 422 2462 majorum
440 2383 601 2444 civitatum.
623 2383 725 2444 Haec
716 2393 771 2443 rste
785 2403 832 2444 me
851 2403 913 2443 non
929 2373 1116 2452 renunciasse
1130 2382 1189 2453 ait,
1202 2382 1258 2444 sed
1305 2437 1306 2442 ,

54 2464 58 2480 ’
146 2477 334 2558 promisisse,
347 2477 431 2539 vobis
451 2477 596 2538 Enboeam
610 2476 813 2537 traditurum
825 2477 890 2555 Ego
909 2496 978 2537 vero
998 2476 1028 2535 in
1048 2496 1084 2537 ea
1100 2486 1179 2539 eram
1193 2476 1256 2556 opi·
1295 2537 1297 2548 ,

147 2572 253 2645 mione,
265 2572 367 2632 urbem
375 2572 441 2631 de'
428 2591 544 2632 summa
553 2590 650 2633 rernm
661 2570 898 2645 deliberaturum,
911 2569 1023 2631 nullam
1036 2587 1097 2630 non
1110 2590 1129 2632 a
1141 2570 1256 2632 Graecis

152 2663 453 2725 habitamoratsonem
465 2665 568 2725 audire
580 2674 725 2745 oportere
1273 2672 1275 2676 '

146 2758 242 2817 -.38
267 2757 353 2817 iilam
365 2759 455 2819 etiam
469 2757 631 2819 orationem
642 2757 785 2820 insidiosa
794 2758 1187 2836 distinctionecelumniatus
1197 2770 1255 2832 est,

145 2870 197 2923 se,
209 2870 281 2913 vera
293 2852 544 2924 renunciaturum,
562 2871 581 2912 a
593 2871 641 2912 me
654 2862 685 2913 et
699 2852 866 2913 Philocrate
883 2856 951 2913 esse
969 2854 1159 2933 prohibitum.
1181 2853 1254 2934 ¹Ego

151 2964 224 3006 vero
236 2963 297 3005 vos
307 2946 425 3023 rogatos
439 2944 516 3019 volo,
529 2964 569 3004 an
580 2964 711 3023 nuquam
724 2946 881 3024 quisquam
900 2945 1122 3007 Atheniensium
1137 2945 1255 3024 legatus

145 3036 317 3118 prohibitus
326 3037 423 3111 fuerit,
437 3056 497 3117 qno
509 3036 604 3097 minus
617 3047 686 3098 acta
697 3057 753 3097 sua
765 3038 876 3118 populo
889 3038 1084 3112 renunciaret,
1098 3037 1188 3116 id'que
1201 3057 1254 3117 per

146 3130 296 3209 collega,
316 3141 347 3189 et
368 3131 405 3190 ab
422 3130 527 3191 iisdem
546 3130 733 3192 contumeliis
754 3130 887 3203 affectus,
904 3139 1004 3191 tamen
1025 3130 1183 3208 scripserit,
1201 3148 1253 3193 eos

144 3222 332 3295 'laudandos
345 3233 376 3283 et
389 3224 428 3283 ad
446 3243 562 3284 coenam
575 3224 753 3284 invitandos.
781 3222 997 3283 Demosthenes
1011 3226 1110 3283 autem
1122 3243 1143 3283 a
1154 3234 1254 3302 poste·

150 3315 228 3397 ripre
236 3316 389 3395 legatione¹
397 3314 545 3389 reversus,
557 3334 618 3396 qna
627 3326 737 3377 statum
751 3316 877 3377 Graeciae
888 3317 1025 3395 queritur
1032 3328 1177 3389 eversum,
1189 3320 1253 3377 'non

145 3408 275 3469 -decr‘eto
301 3409 446 3469 duntaxat
463 3431 523 3471 nos
544 3408 690 3479 laudarit,
712 3409 768 3469 sed
791 3429 860 3469 cum
880 3407 960 3487 apud
977 3409 1254 3488 populumrennn·

121 3553 126 3567 ,
149 3501 277 3561 ciassem
288 3501 417 3561 habitam
428 3511 493 3562 tum
501 3501 539 3562 de
551 3501 815 3581 Amphictyonihns
825 3500 997 3573 orationem,
1011 3492 1254 3580 deq'neBoeotiis,

89 3630 93 3635 ‚
151 3612 214 3653 non
226 3612 279 3671 per
291 3593 498 3673 compendium
510 3603 542 3654 et
555 3594 782 3662 festinationem,
800 3600 836 3651 ιιι
854 3612 943 3662 nunc,
957 3592 1011 3651 sed
1030 3595 1120 3670 quam
1133 3598 1253 3655 accura-

150 3686 262 3747 tissime
275 3688 367 3765 potui,
385 3686 508 3746 totidem
521 3687 628 3756 verbis,
649 3705 774 3765 eamque
794 3684 920 3764 populns
940 3683 1128 3766 vehementer
1146 3694 1255 3766 appro-

149 3778 264 3848 basset,
279 3777 440 3846 adrocatus
451 3794 470 3835 a
482 3796 529 3835 me
542 3786 573 3836 et
586 3776 717 3857 collegis,
731 3786 762 3836 et
775 3784 911 3836 accurate
930 3784 1051 3854 rogatus
1064 3775 1102 3835 de
1116 3778 1251 3858 singulis,

150 3882 250 3931 atrum
260 3888 330 3929 vera
342 3879 373 3929 et
381 3869 487 3929 eadem
493 3868 693 3929 renunciarem
706 3868 787 3948 apud
796 3867 1004 3945 Athenienses,
1014 3887 1080 3948 qum
1091 3871 1174 3949 apud
1182 3871 1252 3935 Phi·
1344 3886 1348 3893 ·

149 3964 263 4044 lippum
273 3962 421 4034 dixissem,
431 3962 566 4031 omnibus
576 3960 682 4040 legatis
691 3959 910 4032 attestantibus,
919 3968 949 4021 et
954 3978 999 4021 me
1005 3960 1252 4036 collaudantibus,

147 4056 276 4117 sumesit
288 4064 358 4134 post
370 4073 485 4127 omnes,
497 4063 529 4114 et
541 4053 625 4125 dixit,
639 4073 687 4113 me
700 4072 772 4124 nou,
785 4049 1034 4131 quemadmodum
1048 4053 1078 4113 in
1093 4054 1253 4131 praesentia

148 4148 289 4219 dicerem,
302 4157 376 4208 tunc
385 4146 474 4209 etiam
484 4146 607 4219 dixisse,
616 4146 671 4209 sed
680 4144 741 4208 illic
754 4145 847 4226 duplo
857 4146 982 4209 melius·
994 4146 1111 4210 Horum
1123 4165 1187 4220 vos,
1201 4149 1252 4226 qui
1331 4166 1333 4171 ’

148 4240 289 4319 suffragia
298 4239 410 4313 feretis,
422 4239 623 4301 testimoninm
632 4238 703 4299 mihi
715 4238 914 4319 perhibebitis.
936 4240 1091 4299 Enimvero
1105 4258 1171 4317 quse
1184 4242 1251 4320 pul-

146 4333 226 4396 crior
239 4333 339 4394 cidari
355 4333 453 4413 potuit
471 4331 590 4393 occasio
604 4330 801 4413 redarguendi
814 4330 882 4408 mei,
901 4350 990 4411 quam
1010 4339 1073 4390 tum
1092 4330 1202 4406 statim,
1225 4335 1251 4399 si

146 4444 313 4508 quamne
306 4426 409 4487 urbem
423 4424 644 4533 decipiebami
671 4517 692 4558 ι

712 4537 726 4579 1
