2967 4950
229 286 267 344 38
471 282 528 342 DE
545 280 664 343 MALE
683 279 816 340 GESTA
838 269 1087 340 LEGATIONE.

192 464 195 473 ·
227 457 286 518 que
298 438 341 498 ita
358 457 391 498 se
406 436 576 532 paravit-,
597 437 651 497 sed
676 445 800 497 vestram
822 436 1002 498 iracundiam
1022 437 1206 496 inflammare
1225 434 1341 508 voluit,

226 552 332 611 tneque
345 540 535 612 acceptorum
549 549 701 589 munerum
716 531 879 610 accusavit,
895 530 983 590 homo
1002 531 1042 591 ad
1055 547 1119 590 eam
1133 527 1342 608 suspicionem

225 624 407 686 inserendam
425 624 554 702 ineptus.
576 622 654 682 Nam
672 623 723 700 qur
714 603 1004 700 'judiceshortatur,
1017 632 1051 681 ιιι
1064 621 1252 700 largitionum
1266 641 1344 682 cor-

225 716 366 796 ruptelis'
358 726 533 788 irascantur,
546 735 614 810 eum
627 715 763 794 oportet
755 736 851 796 ipsum
866 719 903 822 ιιι
916 715 1059 816 ejusmodi
1073 715 1161 775 sactis
1173 715 1340 794 plurimum
1402 771 1407 782 ,

226 809 392 870 abhorrere
435 820 438 826 '

266 903 367 962 asto
386 912 485 962 autern
499 900 615 973 accidit,
629 899 837 972 Athenienses,
853 910 886 960 ut
898 901 1001 962 audita
1015 899 1224 960 Demosthenis
1239 919 1338 960 accu-

225 997 351 1077 satione,
369 1014 465 1073 neque
477 1012 612 1074 unquam
623 992 665 1052 sic
685 1001 720 1051 ιιι
736 993 793 1052 hoc
812 992 859 1053 dic
873 994 1085 1072 pertimuerim,
1105 1011 1160 1054 nec
1179 991 1340 1070 magisin-

201 1104 205 1110 ·
225 1086 364 1165 dignatus
375 1084 431 1147 sim
443 1105 532 1164 quam
543 1105 633 1163 nunc,
642 1103 738 1162 neque
750 1084 839 1146 etiam
853 1085 915 1165 pari
925 1084 1030 1147 lautitia
1040 1085 1206 1165 exultarim.
1230 1085 1340 1146 Timui

225 1180 315 1251 enim,
329 1179 419 1257 idque
432 1199 511 1240 nuuc
522 1178 612 1238 etiam
623 1197 669 1236 me
680 1178 790 1250 turbat,
804 1197 841 1238 ne
854 1179 905 1257 qui
918 1189 1049 1242 vestrum
1059 1197 1107 1242 nte
1117 1178 1266 1257 ignorent,
1277 1177 1338 1240 de-

223 1272 299 1332 liniti
313 1271 462 1332 insidiosis
477 1270 542 1332 istis
554 1280 587 1329 et
599 1269 753 1329 malitiosis
766 1270 987 1350 contrapositis.
1020 1271 1060 1330 Et
1066 1280 1155 1329 «esna
1168 1289 1214 1330 rue
1231 1269 1337 1348 ipsum

226 1373 327 1444 raptus
341 1383 418 1437 suut,
437 1365 606 1442 crimenque
621 1362 749 1441 graviter
772 1361 836 1434 tuli,
854 1382 922 1422 curn
942 1383 990 1423 me
1005 1363 1191 1423 contumeliae
1210 1371 1242 1422 et
1263 1380 1339 1442 pro·

225 1457 369 1518 territatis
383 1457 414 1515 in
428 1456 579 1514 mulierem
594 1457 752 1534 iugenuam
766 1464 797 1515 et
808 1475 916 1534 genere
938 1454 1109 1534 Olynthium
1130 1453 1267 1516 admissae
1281 1475 1337 1514 ac-

224 1560 352 1616 cusaret·
380 1548 557 1608 Delectatus
575 1558 675 1608 autem
695 1567 771 1619 sum,
794 1567 862 1608 curu
881 1567 950 1609 eum
970 1547 1002 1608 id
1022 1547 1133 1608 crimen
1154 1539 1341 1610 tractantem

225 1641 368 1721 ejecistis,
381 1659 442 1719 quo
459 1639 551 1711 fecto,
569 1640 639 1699 vita
659 1640 796 1702 modeste
816 1649 892 1700 actm
910 1639 1036 1720 gratiam
1056 1639 1129 1702 mihi
1149 1639 1336 1720 persolutam

225 1751 296 1794 esse
308 1733 452 1793 ιιίιιίιιιο.

178 1874 185 1883 ,
268 1828 296 1891 3,
321 1826 384 1885 Vos
410 1825 498 1904 igitur
524 1825 625 1898 laudo,
654 1834 687 1885 et
707 1825 850 1905 singulari
874 1843 972 1886 amore
997 1839 1169 1906 pmsequor,
1188 1825 1240 1904 qui
1262 1825 1337 1884 vitm

10 1961 15 1970 .
108 1960 111 1964 -
225 1936 343 2000 reorum
365 1918 460 1996 magis
478 1915 627 1989 credatis,
653 1912 742 1995 quam
764 1917 1016 1977 criminationibus
1042 1915 1234 1987 inimicorum,
1266 1917 1337 1996 ipso

226 2022 326 2072 mmen
339 2011 397 2072 hac
416 2010 590 2072 (ιιιιιιιίοιιι
602 2029 663 2071 non
683 2009 801 2071 cedam.
843 2011 921 2072 Nam
943 2012 1004 2080 sive
1024 2009 1095 2072 loris
1113 2009 1337 2070 circumstantis

223 2123 358 2175 coruum,
359 2105 474 2168 r-fere
469 2115 592 2164 autem
602 2103 732 2164 maxima
751 2124 819 2184 pars
832 2104 944 2165 cisimn
964 2103 1099 2174 adesim,
1110 2104 1182 2162 aisa
1202 2111 1338 2162 ussum

224 2197 278 2276 qui
291 2216 345 2275 pro
363 2196 503 2256 tribunali
516 2196 627 2256 sedetis
640 2195 787 2274 cuiquam
794 2213 968 2278 persuasum
992 2207 1048 2268 est,
1071 2213 1118 2256 me
1137 2195 1205 2262 tale.
1221 2195 1337 2274 aliquid

209 2285 411 2361 ‘commisisse
424 2307 484 2347 non
498 2298 613 2348 tantum
628 2289 659 2374 iu
677 2289 860 2350 hominem
852 2307 1025 2370 ingenuum,
1038 2289 1091 2350 sed
1111 2289 1186 2349 vel
1178 2309 1208 2352 ιιι
1226 2307 1335 2368 quem-

208 2381 309 2452 libet,
325 2381 471 2462 reliquum
486 2380 553 2440 vitae
566 2381 637 2439 mihi
658 2390 776 2462 tempus
791 2383 927 2442 acerbum
942 2391 1025 2461 puto.
1063 2381 1193 2451 Quod
1166 2379 1220 2440 ursi
1233 2381 1264 2439 in
1279 2381 1335 2440 de·

224 2472 366 2535 tensionis
380 2492 550 2553 progressu,
565 2483 598 2533 et
609 2472 719 2534 crimen
732 2474 805 2533 illud
819 2494 885 2539 esse
898 2474 1007 2535 falsum
1016 2474 1229 2546 demonstraro,
1239 2474 1336 2579 etqui

223 2565 256 2625 id
270 2564 373 2625 afferre
387 2584 477 2625 ausus
489 2566 557 2639 fuit,
570 2566 714 2626 nefarmm
728 2566 983 2641 calumniatorem,
997 2567 1053 2627 etsi
1066 2576 1166 2627 cetera
1177 2566 1258 2626 omni
1274 2566 1334 2625 cri·

225 2655 302 2715 mine
315 2674 433 2727 vacaro,
448 2656 521 2716 mori
534 2675 595 2715 nou
608 2675 723 2716 recuso.
1019 2641 1021 2649 ¹

266 2750 298 2807 4.
320 2745 507 2808 Admirabilis
524 2747 575 2807 illa
589 2747 677 2807 etiam
697 2749 768 2808 mihi
786 2750 849 2811 visa
872 2761 919 2812 est
932 2750 1036 2823 oratio,
1050 2761 1081 2811 et
1097 2770 1186 2829 supra
1207 2750 1331 2810 modum

224 2843 345 2924 injusta,
366 2862 434 2902 cum
447 2861 501 2909 vos
522 2852 754 2925 percontaremur,
762 2864 840 2903 uum
857 2844 919 2905 tisri
932 2855 1042 2925 posset,
1056 2854 1090 2905 ut
1113 2845 1143 2903 in
1161 2845 1265 2906 eadem
1288 2844 1332 2905 ci-

226 2937 314 2995 vitate
336 2934 519 2996 Philocrates
540 2935 646 3016 capitis
661 2936 917 3008 condemnaretur,
934 2926 1016 3016 quod
1030 2938 1193 2998 facinorum
1214 2938 1330 2998 consci-

226 3027 308 3087 entra
316 3025 496 3107 perterritus
506 3026 621 3106 Judrcro
631 3047 664 3087 se
674 3048 733 3089 non
745 3028 891 3088 stitisset:
913 3049 970 3108 ego
981 3049 1052 3090 vero
1064 3031 1241 3091 absolverer
1265 3032 1333 3110 Ego

224 3138 294 3180 vcro
306 3118 484 3197 obidipsum
496 3120 626 3183 maxime
634 3108 867 3179 conservandum
877 3137 945 3180 esse
959 3138 1006 3181 me
1018 3122 1151 3182 arbitror.
1172 3122 1288 3183 Nam'
1265 3144 1290 3183 ιι
1303 3125 1330 3183 is

224 3213 277 3292 qui
289 3212 352 3293 ipse
372 3230 439 3271 sese
452 3210 671 3282 condemnavit,
686 3224 775 3289 atque
790 3231 806 3271 e
821 3212 918 3271 medio
929 3213 1056 3273 excessit
1058 3224 1197 3294 ,p,emat
1209 3216 1234 3275 is
1245 3216 1332 3275 nimi·

224 3324 290 3365 rum
298 3305 350 3385 qui
363 3323 428 3364 sese
439 3302 576 3375 absolvit,
591 3313 620 3363 et
630 3323 738 3385 corpus
751 3324 840 3365 surim
853 3305 970 3385 legibus
985 3306 1135 3411 etcivibus
1154 3308 1255 3381 tradit,
1271 3328 1332 3368 non

225 3407 342 3477 peccat.

222 3497 298 3571 ..5,
318 3494 366 3553 De
379 3492 758 3569 reliquaaccusationeuos
771 3512 835 3566 oro,
855 3493 1064 3573 Athenienses„
1083 3495 1195 3573 siquid
1206 3507 1333 3575 proeter·

219 3563 342 3669 ,miserm
363 3594 395 3644 et
411 3584 528 3649 silentio
546 3586 723 3664 praeteriero,
745 3595 780 3645 ιιι
797 3605 845 3645 me
871 3586 1070 3661 sciscitemini,
1094 3599 1125 3648 et
1147 3587 1333 3667 significetis,

220 3678 294 3758 ‚quid
309 3677 520 3739 ex.meaudire
535 3677 639 3749 velitis,
648 3698 760 3757 meque
781 3679 844 3741 sinc
859 3680 1029 3759 praejudicio
1044 3681 1134 3741 ullius
1148 3681 1262 3754 delicti,
1277 3682 1333 3746 sed

184 3786 188 3790 ·
218 3771 287 3853 pari
305 3770 509 3839 benevolentia
529 3770 669 3833 audiatis.
704 3772 819 3835 Dubito
837 3783 938 3833 sutem
951 3774 1031 3842 unde
1052 3773 1123 3849 mihi
1145 3774 1275 3853 primum
1293 3774 1335 3833 sit

221 3864 408 3939 ordiendum,
426 3863 469 3924 'ob
490 3866 690 3927 accusationis
709 3866 926 3927 confusionem.
959 3867 1053 3943 Cujus
1077 3865 1272 3927 dubitationis
1293 3887 1332 3939 an

223 3978 348 4035 causam
366 3956 501 4028 babeam,
514 3957 559 4022 sic
579 3959 790 4027 considerata,
812 3959 878 4039 Ego
891 3979 974 4019 nunc
992 3960 1023 4019 in
1043 3959 1148 4038 capitis
1168 3959 1331 4035 discrimen

219 4071 288 4126 ‚sum
319 4049 485 4110 adductus:
508 4051 706 4112 accusationis
728 4053 979 4113 autenmaxima
1001 4072 1068 4131 pars
1093 4063 1334 4132 cousumptaest

220 4144 403 4205 criminando
416 4142 593 4215 Philocrate,
607 4145 776 4225 Phrynone,
788 4155 820 4205 ct
832 4145 952 4225 reliquis
966 4145 1084 4225 legatis,
1098 4144 1236 4225 Philippo
1249 4147 1334 4217 iren,

218 4236 506 4316 ‚etpacaetEobuli
518 4236 603 4297 actis.
624 4238 723 4317 Atque
733 4240 770 4299 iis
781 4240 981 4318 omnibusego
990 4260 1056 4309 sum
1065 4239 1204 4302 insertus·
1226 4238 1333 4299 Solum

225 4338 323 4387 mrtem
336 4331 366 4389 iu
386 4340 450 4391 tota
469 4330 601 4390 oratione
622 4330 659 4403 de
678 4351 740 4410 rep.
760 4331 916 4394 sollicitum
931 4324 997 4399 esse
1016 4336 1137 4413 apparet
1150 4332 1333 4393 Demosthe-

219 4436 315 4488 uerns
334 4422 424 4481 ceteri
442 4443 545 4497 omncs
567 4432 638 4483 sunt
656 4424 830 4502 proditores.
852 4424 1196 4518 -Nunquarujeuimsnos
1217 4426 1332 4505 probris
