2967 4950
291 294 348 354 818
389 302 393 310 '
591 293 787 356 EXORDIA
808 291 1071 358 conclusuri

291 461 401 525 serunt,
413 451 481 510 vel
473 445 502 510 rh
515 453 614 557 primis
627 452 810 514 utilissimum
823 461 857 510 ut
866 445 1104 509 intercessoribus
1117 439 1234 502 dicendi
1245 443 1361 518 potentes

291 543 385 603 detur.
426 544 485 614 Qui
506 565 531 606 st
522 544 650 606 docere
671 553 816 626 potemur,
831 563 891 604 ιιοιι
912 560 976 602 esse
995 539 1128 619 optma,
1133 553 1200 613 quoe
1221 531 1280 591 istis
1301 547 1360 608 pro·

289 637 405 708 bentur,
418 637 506 715 idque
524 636 828 717 fecerintpriusquam
852 635 1007 715 quicquam
1018 623 1298 710 peccatumfuerits
1292 641 1362 700 rpsos

290 738 372 787 extra
394 747 478 788 omne
503 729 662 808 periculum
686 729 892 788 collocabunt:
914 725 958 785 sin
974 724 1007 783 id
1032 723 1125 780 lacere
1148 737 1207 778 non
1228 722 1361 794 poterunt,

289 819 392 880 saltem
416 830 519 900 postea
532 839 590 880 non
606 821 756 880 habebunt
768 819 847 899 quod
860 813 1083 898 reprehendant,
1097 811 1151 871 sed
1172 809 1204 867 id
1216 804 1362 880 consecuti,

289 911 368 1014 quod
381 911 506 972 tribuere
520 912 706 972 humanitatis
722 922 778 984 est,
792 922 826 970 ut
845 911 1020 980 audirentur,
1033 925 1065 965 se
1079 901 1275 968 succubuisse,
1287 917 1361 975 oequo

290 1001 386 1061 animo
403 1002 470 1081 jure
493 1004 595 1077 ferent,
610 1014 640 1064 et
660 1022 844 1064 communem
865 1011 999 1063 eventum
1015 997 1153 1066 omniurn,
1172 988 1362 1073 quicunquels

288 1094 383 1166 fuerit,
398 1097 544 1156 subibunt.

778 1252 888 1310 XXVI.

330 1355 466 1437 Arbitror
488 1367 591 1426 decere
606 1386 666 1437 vos,
687 1367 892 1441 Athenienses,
913 1368 1000 1427 tantis
1018 1367 1054 1426 de
1068 1367 1153 1425 rebus
1164 1356 1362 1429 deliberantes,

291 1446 361 1516 dare
375 1458 538 1517 libertatem
553 1457 670 1517 dicendi
684 1459 773 1544 cuiuis
787 1461 837 1538 qui
857 1461 926 1520 dare
939 1459 1092 1518 consilium
1104 1456 1183 1517 velit.
1225 1455 1290 1532 Ego
1304 1467 1362 1510 vero

291 1569 439 1628 nunquam
452 1563 522 1610 esse·
537 1549 650 1611 difficile
669 1553 768 1632 putari
783 1553 887 1611 docere
902 1572 953 1611 vos
966 1571 1031 1630 quae
1054 1549 1163 1629 optima
1175 1547 1257 1606 iactu
1275 1545 1363 1605 sint-

290 1663 370 1720 nam,
385 1652 417 1701 ut
435 1641 563 1722 ingenue
584 1644 690 1716 dicam,
705 1665 740 1704 ea
755 1665 805 1704 vos
818 1663 919 1704 omnes
929 1644 992 1723 jam
1013 1644 1086 1703 scire
1104 1647 1229 1719 puto—,
1244 1640 1297 1698 sed
1308 1659 1363 1718 per

291 1733 414 1794 suadere
435 1735 518 1794 vobis
538 1743 570 1793 ut
585 1736 682 1812 'agatis
706 1736 819 1808 eadem,
832 1735 862 1794 id
877 1755 944 1796 vero
957 1754 1023 1794 esse
1045 1732 1173 1792 difficile.
1215 1731 1363 1808 Postquam

290 1817 367 1890 enirn
389 1825 497 1904 aliquid
517 1828 611 1887 visum
631 1828 837 1908 decretumque
860 1828 957 1900 fuerit,
971 1837 1032 1886 tum
1054 1825 1227 1885 tantundem
1248 1826 1328 1883 abest
1339 1833 1364 1880 ut

288 1917 350 1991 fiat,
364 1926 505 1996 quantum
520 1927 587 1978 ante
602 1938 687 1998 quam
701 1920 915 1980 decerneretur.
957 1919 1054 1975 Unum
1073 1926 1169 1976 autem
1187 1915 1247 1974 hoc
1267 1935 1302 1974 ex
1321 1912 1364 1972 illis

290 2018 336 2069 est
349 2019 465 2089 propter
478 2030 542 2089 quae
556 2030 609 2069 vos
633 2031 689 2090 ego
705 2011 760 2072 diis
775 2011 899 2090 gratiam
911 2011 1016 2070 debere
1029 2028 1146 2080 censeo,
1159 2007 1239 2086 quod
1258 2009 1305 2087 qui
1314 2021 1364 2065 uon

290 2101 331 2161 it'a
352 2103 462 2182 pridem
485 2112 603 2182 propter
625 2122 706 2161 suam
726 2103 917 2183 petulantiam
940 2101 1049 2162 bellum
1069 2099 1150 2159 vobis
1175 2097 1364 2171 intulerunt,ii

290 2203 369 2253 nunc
384 2195 413 2253 in
428 2185 496 2254 solis
510 2195 592 2254 vobi's
610 2214 692 2273 spem
704 2215 766 2254 suae
778 2195 880 2254 salutis
899 2195 1052 2255 collocant.
1095 2191 1275 2263 limantem,
1289 2191 1365 2250 Athe·

290 2288 417 2359 nienses,
438 2286 624 2368 gaudendum
651 2289 706 2347 hac
731 2289 894 2348 occasione.
926 2289 1003 2356 Qua
1024 2287 1049 2346 si
1071 2284 1229 2365 prudenter
1247 2284 1365 2354 utemini,

291 2381 347 2440 hbe
361 2380 443 2440 vobis
458 2381 620 2450 usuveniet,
635 2390 670 2439 ut
681 2401 781 2462 eorum
794 2381 949 2441 maledicta
962 2380 1011 2458 qui
1027 2388 1155 2438 nostram
1167 2379 1283 2438 urbem
1286 2377 1365 2438 crimi-

290 2483 396 2534 nantur
408 2472 502 2553 reipsa
515 2486 581 2533 cum
594 2474 725 2534 honesta
727 2455 807 2535 lama
818 2459 958 2535 rebitetis.

772 2641 899 2700 XXVII.

334 2756 407 2835 Spes
420 2775 515 2814 rerum
528 2766 815 2817 commemoratamm
833 2757 938 2837 amplae
959 2765 1037 2829 sunt,
1051 2754 1261 2826 Athenienses,
1276 2754 1365 2835 quibus

291 2848 444 2927 plerosque
468 2848 530 2908 sine
553 2847 664 2908 ratione
682 2850 790 2909 moveri
807 2848 944 2910 nonnihil
961 2850 1102 2908 arbitror:
1123 2847 1193 2905 mihi
1212 2860 1284 2909 vero
1305 2866 1365 2905 nnn-

293 2948 381 3025 quam
399 2942 577 3021 propositum
603 2941 667 3014 fuit,
683 2945 834 3021 praesentis
858 2944 958 3021 gratiae
982 2960 1082 3013 causa,
1103 2941 1264 3020 quicquam
1289 2940 1367 3000 dicere

292 3033 371 3113 apud
395 3054 457 3105 vos,
472 3034 550 3113 quod
572 3054 631 3093 non
648 3033 739 3095 'etiam
760 3037 790 3094 in
810 3046 958 3116 postemm
977 3036 1160 3115 profuturum
1174 3033 1366 3093 existimarem.
1441 3102 1442 3105 Ἴ

293 3126 467 3204 Quanquam
481 3133 577 3186 au'tem
590 3126 646 3187 hoo
667 3119 728 3186 iere
750 3128 783 3187 fit
806 3128 842 3188 ab
856 3129 1000 3200 omnibus,
1013 3138 1045 3186 ut
1062 3143 1112 3185 eos
1125 3124 1176 3204 qui
1191 3134 1368 3185 'assentantur

217 3276 221 3284 ,
293 3216 427 3295 diligant,
441 3218 629 3278 monitoribus
644 3218 824 3294 irascantur:
845 3219 993 3298 prudentis
1007 3228 1105 3277 tamen
1118 3217 1248 3277 hominis
1257 3217 1366 3279 officium

293 3319 338 3367 est
359 3309 428 3367 dare
442 3328 560 3387 operam
573 3320 605 3369 ut
626 3312 787 3390 appetitum
800 3312 902 3371 rationi
916 3330 1030 3391 semper
1043 3310 1230 3371 obedientem
1245 3312 1367 3389 proebeat

249 3412 251 3417 ’
294 3398 441 3477 Ego'vero
454 3402 592 3481 perquam
612 3423 682 3463 sane
695 3406 843 3478 veIIm,·ea
864 3404 944 3463 vobis
968 3405 1048 3463 iactu
1071 3418 1137 3463 esse
1154 3404 1299 3479 jucunda,
1315 3419 1367 3481 qus

294 3491 446 3569 profutura
458 3504 536 3564 suut,
549 3504 583 3553 ut
596 3506 626 3553 et
643 3506 726 3574 grata
739 3507 770 3556 et
783 3496 865 3557 utilia
878 3497 975 3555 dicere
990 3496 1112 3555 viderer.
1153 3495 1214 3555 Sed
1228 3506 1369 3575 postquam

294 3583 379 3643 video
392 3602 444 3643 vos
459 3585 602 3645 contrarIa
614 3586 659 3645 his
673 3589 776 3660 moliri,
792 3588 1004 3649 adversandum
1024 3607 1088 3647 esse
1109 3588 1223 3666 opinor,
1239 3588 1296 3647 etsi
1312 3605 1369 3665 quo·

290 3675 417 3735 'rundam
438 3675 506 3737 edla
530 3678 712 3758 suscipienda
727 3681 840 3742 fuerint.
883 3681 971 3749 Quod
992 3681 1018 3739 si
1037 3700 1092 3739 nec
1112 3679 1370 3758 audirequicqnam

295 3766 483 3839 sustinebitis,
497 3786 555 3828 non
569 3770 953 3851 inopIajudiciierrare,1sed
967 3771 1109 3851 pravitate
1121 3771 1233 3850 ingenii
1246 3780 1372 3850 appetere

278 3866 386 3935 *atque*
397 3860 516 3937 aggredi
531 3861 602 3920 talia
613 3862 797 3923 videbimini:
818 3864 862 3923 sin
886 3863 1044 3933 audieritis,
1067 3862 1243 3923 sententiam
1263 3862 1372 3922 fortasse

295 3949 442 4009 mutabitis
445 3952 541 4028 ‚quod
554 3972 609 4031 ego
622 3955 724 4015 vobis
717 3956 855 4036 inprimis
867 3956 1006 4036 prodesse
1016 3968 1099 4034 puto;
1109 3956 1155 4014 sin
1165 3951 1373 4015 auresdIoturis

294 4041 424 4147 prpehere
445 4042 606 4116 nolueritis,
627 4045 733 4106 alius
726 4063 859 4125 ignorare
873 4067 926 4107 vos
943 4046 1016 4146 quid
1029 4046 1174 4125 expediat,
1197 4045 1283 4118 alius,
1304 4039 1374 4123 quod

295 4133 400 4213 cuique
412 4133 504 4193 ritum
517 4134 613 4209 luerit,
626 4137 656 4195 id
670 4138 760 4199 dicet.

759 4304 902 4365 XXVIII.

297 4430 315 4455 ἰ
335 4411 463 4479 Primum
482 4417 553 4479 nihil
574 4420 641 4482 novi
653 4431 708 4493 est,
724 4422 930 4497 Athenienses,
946 4424 1061 4505 aliquos
1076 4424 1226 4496 exsistere,
1241 4422 1306 4504 qul,
1318 4433 1376 4481 oum
