2967 4950
567 343 794 418 EPlS'iOLAE,
1096 369 1101 375 ·
1168 335 1228 400 843

129 493 310 562 decrevistis.
337 539 339 546 ·
353 499 447 560 Miror
466 511 573 575 autem,
588 504 613 562 si
632 523 718 564 nemo
731 512 862 563 vestrum
886 500 1107 580 cogitat-turpe
1118 515 1182 556 esse
1194 504 1229 553 ut

128 594 258 674 populus
281 594 480 666 Atheniensis,
504 595 655 674 sapientise
682 597 882 674 doctrinaeque
905 593 1056 674 opinione
1083 599 1228 670 praestans

130 685 334 757 omnibus,·ad
348 705 432 765 quem
456 689 485 746 in
501 688 715 748 calamitatibus
729 698 868 768 tanquam
884 687 921 746 ad
942 702 1096 746 commune
1112 681 1229 760 asylum
1254 680 1263 722 ’-

129 779 252 857 confugi
274 779 358 848 solet,
372 779 508 860 Philippo
532 773 716 840 inhumanior
738 781 880 852 videatur,
895 780 944 859 qui
962 778 1061 853 (utin
1084 782 1231 854 potestate

129 871 213 950 regia
226 872 382 931 educatum
396 871 544 951 probabile
558 877 618 946 est)
631 893 648 933 a
661 875 778 933 nemine
796 873 976 943 admonitus,
990 880 1087 930 minen
1102 886 1169 927 cum
1183 884 1230 924 se·

129 962 312 1022 cundissima
330 963 447 1023 fortuna
460 983 532 1024 usus
546 974 636 1037 esset,
649 965 840 1025 humanitatis
854 984 886 1022 se
900 963 1025 1023 maxime
1039 959 1105 1021 esse
1120 975 1231 1018 memo·

129 1077 194 1117 rem
208 1065 340 1136 oportere
353 1056 476 1130 censuit,
490 1067 521 1117 et
536 1061 573 1118 ab
587 1058 621 1118 iis
634 1061 685 1138 qui
699 1060 843 1119 adversus·
850 1059 944 1137 ipsum
960 1057 989 1115 in
1004 1055 1068 1115 acie
1083 1059 1233 1124 steterant,

131 1158 247 1208 etcum
265 1148 371 1228 quibus
387 1150 424 1208 de
444 1168 557 1210 summa
570 1170 664 1210 rerum
680 1151 934 1231 depugnarat,qui
954 1155 985 1206 et
1002 1148 1114 1227 cujates
1133 1157 1234 1206 essent
1278 1208 1280 1213 ,

131 1241 409 1321 nequeperquirere
423 1259 518 1320 neque
539 1243 660 1321 prodere
674 1263 764 1304 ausus
782 1263 789 1303 :
809 1243 926 1314 etenim,
935 1250 969 1298 nt
982 1248 1113 1320 apparet,
1127 1258 1186 1305 non
1200 1247 1235 1296 ut

131 1333 266 1414 plerique
280 1333 369 1393 vestri
383 1345 520 1407 oratores,
531 1335 634 1396 eadem
648 1337 677 1394 in
696 1356 800 1396 omnes
814 1355 879 1395 esse
892 1332 937 1393 rel
955 1333 1040 1413 justa
1049 1332 1096 1391 vel
1109 1331 1235 1390 honesta

131 1427 269 1506 putabat,
290 1427 342 1486 sed
362 1427 472 1487 ratione
487 1427 594 1488 *habita
616 1428 872 1508 dignitatisetiam
896 1426 967 1486 talia
988 1421 1184 1484 concludebat
1204 1430 1237 1479 et

133 1499 330 1579 decemiba‘t·
360 1521 426 1578 ·Vos
439 1529 546 1593 autem,
559 1522 610 1600 qui
625 1521 694 1582 estis
709 1521 917 1591 Athenienses,
930 1529 960 1579 et
976 1517 1090 1593 liberali
1102 1515 1237 1576 doctrina

134 1603 283 1692 perpoliti,
303 1633 369 1691 quse
383 1611 517 1691 stupidos
531 1613 618 1673 etiam
638 1616 754 1674 efficere
766 1613 931 1674 tolerabiles
950 1620 1080 1692 putatur,
1100 1609 1238 1689 primum,

135 1705 374 1785 quodomnium-
388 1705 601 1785 iniquissimum
623 1717 679 1779 est,
699 1725 951 1784 quarumsrerum.
964 1714 1077 1784 patrem
1097 1709 1239 1762 accusant

136 1797 269 1876 quidam,
279 1799 316 1858 ob
328 1817 377 1858 eas
389 1796 465 1857 filios
480 1800 509 1856 iu
519 1797 639 1858 vincula
651 1799 837 1875 conjecistis;
858 1797 1003 1877 atque-ita
1015 1815 1102 1875 agere
1116 1793 1237 1874 perinde

137 1909 206 1950 esse
226 1890 332 1962 dicitis,
347 1909 382 1950 ac
396 1891 421 1950 si
435 1891 633 1967 equalitatem
654 1893 682 1950 in
704 1893 883 1971 ponderibus
898 1901 950 1950 aut
969 1889 1114 1950 mensuris
1127 1906 1238 1967 quaere·

136 1982 221 2055 retis,
232 1993 263 2042 et
275 2002 334 2042 non
354 1982 391 2042 de
404 1983 528 2042 virorum
544 1984 677 2045 instituto
691 1985 759 2044 vite
772 1995 803 2044 et
815 1986 927 2044 ratione
936 1983 1106 2063 reipublicae
1118 1980 1239 2040 consul·

137 2059 262 2136 taretis:
284 2074 313 2134 in
335 2094 393 2154 qua
406 2076 523 2154 quidem
542 2077 738 2156 inquisitione,
753 2079 778 2137 si
791 2079 870 2138 bona
883 2088 914 2137 et
927 2076 1079 2156 popularia
1092 2085 1123 2133 et
1141 2073 1240 2132 studio

139 2170 323 2251 Reipublicre
341 2171 479 2250 juvandae
498 2183 636 2253 suscepta
658 2173 784 2252 Lycurgi
798 2183 864 2233 acta
877 2173 1064 2243 videbuntur,
1077 2188 1137 2228 non
1152 2167 1240 2226 modo

138 2265 224 2325 nullo
239 2263 313 2324 affici
327 2265 415 2336 malo,
429 2265 482 2324 sed
495 2267 645 2344 quibusvis
664 2268 777 2326 euobis
795 2267 890 2327 ornari
911 2265 1062 2326 beneficiis
1082 2268 1144 2339 ejus
1166 2262 1239 2321 libe·

140 2377 201 2429 ros,
215 2376 333 2436 aequum
355 2367 417 2428 est;
438 2357 482 2417 sin
497 2359 651 2429 contraria,
669 2359 763 2429 illum,
784 2361 854 2418 dum
868 2359 987 2430 viveret,
1004 2377 1109 2438 poenas
1122 2353 1241 2414 dedisse

139 2450 280 2531 oportuit,
288 2449 344 2510 hos
357 2469 426 2509 vero
439 2471 477 2511 ne
491 2450 670 2532 sicquidem,
684 2462 803 2530 propter
818 2451 935 2530 objecta
946 2451 1021 2531 patri
1035 2469 1054 2509 a
1068 2446 1240 2529 quibusdam

139 2544 273 2614 crimina,
289 2559 347 2623 per*
354 2544 534 2603 iracundiam
546 2544 647 2624 plecti.
675 2545 819 2604 Omnibus
837 2546 913 2605 enim
927 2544 1056 2604 omnium
1069 2543 1241 2602 delictorum

141 2636 227 2715 quasi
245 2646 380 2695 metaest
392 2636 499 2695 obitus.
541 2636 628 2705 Quod
648 2632 672 2697 si
696 2637 754 2697 hoc
771 2637 860 2696 eritis*
874 2638 981 2707 animo,
994 2645 1029 2694 ut
1041 2634 1130 2713 aliqui
1143 2633 1244 2715 populi

143 2728 286 2789 studiosis
300 2728 364 2787 irati
383 2750 421 2787 ne
437 2748 502 2788 cum
515 2730 634 2790 mortuis
655 2731 770 2809 quidem
786 2730 819 2789 in
835 2730 958 2809 gratiam
972 2728 1105 2797 redeant,
1118 2728 1171 2788 sed
1188 2728 1243 2787 ini·

142 2820 270 2880 micitias
284 2821 370 2881 etiam
384 2823 422 2881 ad
436 2822 544 2881 liberos
559 2842 652 2902 usque
674 2833 841 2904 propagent
852 2822 1028 2901 tradentque
1042 2821 1174 2901 posteris,
1190 2841 1244 2900 po·

142 2914 234 2995 pulue
259 2924 366 2988 autem,
381 2915 465 2993 eujus
485 2936 604 2975 causam
623 2918 730 2995 quique
756 2915 911 2995 populares
931 2925 1035 2995 agunt,
1050 2916 1120 2973 dum
1140 2914 1243 2973 horum

142 3008 346 3086 opera-utitur,
360 3008 567 3068 beneficiorum
582 3008 752 3080 meminerit,
772 3018 876 3087 postea
897 3007 1082 3079 floccifaciat,
1103 3005 1176 3064 nibil
1190 3006 1246 3065 erit

144 3098 280 3159 miserius
294 3119 380 3178 quam
394 3100 497 3180 populi·
512 3102 587 3161 tueri
601 3110 709 3180 partes.
751 3101 840 3169 Quod
860 3100 884 3158 si
903 3100 1062 3159 Moerocles
1076 3097 1246 3176 respondet,
1309 3136 1315 3145 -

143 3194 213 3253 haec
233 3193 380 3272 argutiora
393 3212 459 3252 esse
472 3212 560 3271 quam
575 3213 641 3271 quae
654 3193 810 3272 intelligat,
826 3212 857 3252 se
871 3212 940 3252 vero
953 3212 1014 3264 eos,
1029 3202 1063 3250 ut
1080 3211 1119 3250 ne
1133 3190 1245 3269 effuge·

143 3294 222 3352 rent,
238 3286 267 3343 in
289 3304 435 3345 carcerem
460 3286 653 3365 compegisse,
668 3287 823 3365 quoeritote
847 3305 883 3345 ex
907 3305 953 3356 eo,
976 3303 1042 3344 cum
1067 3284 1197 3342 Taureae
1215 3294 1246 3343 et

145 3376 285 3436 Petaecus
304 3387 335 3435 et
357 3376 540 3455 Aristogiton
561 3388 648 3457 atque
668 3378 729 3456 ipse
751 3377 780 3436 in
800 3396 945 3436 carcerem
959 3376 1057 3435 traditi
1077 3395 1138 3452 non
1156 3376 1246 3435 modo

143 3472 238 3532 vineti
251 3492 311 3531 non
323 3470 432 3531 fuerint
445 3473 499 3531 sed
514 3483 544 3531 et
557 3472 712 3532 conciones
726 3472 890 3542 habuerint,
913 3459 1064 3533 cur'istam
1079 3472 1247 3550 aequitatem

144 3584 209 3623 non
222 3565 413 3643 perspexerit.
430 3563 434 3568 ’
454 3564 507 3623 Sin
526 3585 557 3624 se
577 3576 638 3623 tum
654 3566 825 3644 magistratu
839 3565 956 3645 quidem
968 3586 1035 3627 esse
1050 3567 1182 3624 iunctum
1203 3565 1247 3623 di-

146 3667 207 3727 cet,
223 3658 275 3716 sed
297 3658 442 3717 orationes
464 3656 493 3716 in
517 3658 635 3737 publico
658 3679 718 3718 nou
732 3659 882 3731 habuisse,
897 3659 985 3737 idque
1008 3659 1180 3737 permissum
1195 3658 1249 3716 sibi

144 3750 241 3809 fuisse
256 3750 389 3829 legibus:
411 3769 528 3827 aequum
551 3770 617 3811 esse
642 3753 692 3830 qui
716 3762 824 3831 potest,
845 3760 878 3809 ut
898 3751 1070 3829 magistratu
1089 3751 1249 3829 fungantur

147 3844 192 3915 hi,
206 3842 311 3921 quibus
324 3844 413 3901 rerba
434 3842 531 3901 lacere
554 3861 614 3903 non
637 3844 716 3915 licet,
740 3843 783 3903 illi
797 3862 866 3904 vero
886 3843 916 3900 in
939 3842 1063 3901 vinculis
1083 3853 1249 3916 teneantur,

146 3955 275 4017 quorum
290 3936 326 3994 de
343 3936 426 3994 vobis
441 3954 519 4013 saepe
532 3938 608 3995 bene
626 3937 744 3997 meritus
762 3937 817 3995 fuit
829 3934 933 4014 pater?
963 3935 1028 4015 Ego
1047 3937 1166 4014 quidem
1186 3935 1249 3993 hac

147 4029 329 4108 conjungere
350 4039 380 4086 et
398 4028 574 4087 concludere
599 4048 659 4087 nun
691 4047 828 4108 possum:
856 4028 918 4086 ,nisi
937 4028 995 4088 hoc
1019 4028 1136 4108 publice
1163 4026 1250 4085 vultis

143 4121 319 4191 ostendere,
332 4131 362 4181 et
387 4120 560 4181 vaecordiam
584 4131 615 4180 et
636 4120 844 4200 impudentiam
863 4131 894 4180 et
912 4121 1126 4182 affectationem
1145 4119 1251 4197 impro-

149 4214 252 4275 bitatis
266 4214 300 4272 in·
310 4214 428 4273 civitate
442 4214 539 4273 valere
553 4224 582 4273 et
595 4216 735 4294 majorem
757 4215 865 4275 habere
879 4235 959 4294 spem
974 4211 1192 4284 incolumitatis,
1206 4232 1252 4285 ac,

110 4361 114 4367 .
151 4306 257 4386 siquid
273 4326 358 4366 secus
371 4305 519 4377 acciderit,
534 4306 607 4365 tales
621 4306 749 4375 absolvi3
765 4308 914 4368 meliorem
933 4318 1029 4367 autem
1044 4304 1117 4363 tueri
1138 4314 1253 4383 partem
1316 4366 1318 4370 ,

151 4399 301 4479 vitamque
324 4400 486 4460 modestam
500 4412 531 4458 et
549 4401 720 4480 popularem
737 4402 890 4462 instituere
907 4399 1103 4481 periculosum
1117 4418 1192 4471 esse,
1208 4418 1254 4472 ac,
