2967 4950
420 295 609 358 ,cournn
634 299 905 381 rrunnonuu.
1084 339 1087 343 «
1186 301 1236 358 aa

128 445 223 521 aistis:
244 467 345 510 omnes
363 449 440 510 enim
458 452 577 514 honoris
592 451 701 534 publici
720 441 1047 537 appetentes-gloriam
1064 461 1096 516 ae
1116 454 1237 529 abone,

129 544 209 626 sama·
226 552 434 603 consecuturos
455 545 648 628 arbitramur:
671 567 796 626 quorum
821 562 919 610 autem
939 550 999 608 vita
1016 547 1109 626 turpis
1125 558 1182 625 est,
1205 547 1226 606 ii

130 655 188 694 non
201 635 347 694 honorant
366 635 441 694 hanc
455 637 550 710 deam,
565 649 699 717 utquam
713 643 906 702 immortalem
925 641 1051 718 habituri
1065 641 1124 698 sint
1137 659 1224 698 eccu-

130 725 279 787 satricem.'
310 724 515 804 Recordamini
528 749 599 806 ergo
613 732 730 809 qualern
745 733 781 792 de
799 733 957 794 Timarcho
970 734 1077 792 famam
1089 730 1225 791 audiatis.

131 821 237 880 Nonne
250 819 354 886 statim,
363 821 462 880 audito
472 823 591 881 nomine
601 824 721 902 rogatis,
731 826 797 904 quis
806 825 997 898 Timarchus?
1018 825 1096 883 Num
1111 823 1160 882 ille
1170 824 1225 896 im-

130 911 273 992 pudicus?
293 912 361 972 Jam
377 913 401 970 si
414 910 452 971 de
470 925 500 972 re
515 915 612 994 aliqua
626 925 717 976 testes
730 917 948 995 produxissem,
963 904 1121 978 crederelis
1134 915 1224 974 mihi:

131 1017 159 1066 at
182 1005 232 1065 ubi
249 1005 336 1064 deam
356 1005 522 1082 produxero
541 1017 657 1079 testem,
675 1027 734 1068 non
749 1009 894 1068 credetis?
916 1010 951 1068 ln
965 1029 1052 1088 quam
1066 1009 1112 1068 rel
1132 1007 1225 1066 solam

130 1097 203 1158 falsi
216 1096 372 1156 testimonii
392 1098 468 1154 actio
490 1118 550 1156 non
565 1101 713 1178 competit.
750 1101 829 1159 Nam
853 1102 1040 1180 quodetiam
1059 1102 1098 1160 ad
1115 1101 1226 1160 Demo·

130 1191 240 1250 athenis
254 1198 481 1268 cognomentum
495 1191 608 1262 attinet,
622 1213 681 1250 non
695 1193 772 1252 male
787 1205 867 1255 certe
877 1195 998 1272 quidem
1011 1195 1048 1263 is,
1060 1193 1141 1252 haud
1155 1211 1226 1252 sane
1268 1250 1270 1253 .

131 1305 149 1344 a
161 1283 284 1354 nutrice,
296 1299 425 1340 verume
438 1280 517 1340 fama
531 1283 653 1342 Batalua
668 1286 850 1363 appellatur:
872 1305 981 1346 nomen
1002 1287 1033 1344 id
1052 1305 1090 1344 ex
1104 1283 1226 1363 mollitie

129 1377 265 1457 quadarn,
280 1383 311 1438 et
323 1373 450 1451 indignis
462 1373 524 1432 viro
538 1375 671 1434 modesto
685 1378 820 1454 gestibus
835 1380 1007 1438 assecutus}
1023 1377 1133 1455 Siquis
1148 1376 1226 1436 enim
1297 1385 1302 1394 '

127 1469 337 1545 tibialegantes
351 1465 422 1524 istas
437 1465 527 1524 laenas
542 1466 670 1538 avulsas,
676 1479 712 1536 et
723 1469 825 1530 molles
835 1470 993 1541 tuniculas,
1003 1471 1032 1528 in
1044 1464 1150 1548 quibus'
1160 1468 1225 1528 illas

128 1564 157 1623 in
172 1559 282 1620 amicos
297 1559 443 1618 orationes
459 1558 571 1630 scribis,
587 1559 691 1620 allatas
704 1562 852 1638 judicibus
862 1564 893 1622 in
906 1583 1011 1624 manus
1022 1559 1130 1632 tiadat,
1144 1563 1225 1642 equi-

130 1657 196 1714 dem
206 1653 329 1712 arbitror
342 1671 403 1724 eos,
418 1652 474 1710 uisi
488 1652 652 1730 praemoniti
665 1653 784 1725 fuerint,
799 1655 993 1728 dubitaturos,
1003 1657 1146 1716 virine'au
1160 1675 1225 1718 ιιιιι·
1268 1669 1272 1674 ’

129 1747 207 1808 lieris
221 1741 333 1804 vestem
345 1743 541 1822 accepissent

167 1841 218 1896 28.
240 1837 276 1894 In
290 1855 388 1896 causae
401 1856 487 1914 porro
503 1837 630 1898 dictione
645 1839 810 1900 adscendet
823 1841 911 1900 etiam
926 1799 1082 1920 imperator
1094 1839 1225 1919 quidam,
1258 1841 1262 1846 ’

127 1941 160 1990 ιιι
173 1929 272 2000 audio,
288 1929 480 2020 resupinato
469 1928 549 1987 vultu
564 1949 629 1990 sese
643 1943 825 2010 respectans,
840 1943 872 1993 ut
883 1935 913 1991 in
923 1931 1068 2012 palaestris
1082 1941 1112 1991 et
1124 1932 1226 2016 hujus·
1243 2009 1246 2015 Ι

126 2021 207 2082 ruodi
234 2013 488 2080 exercitationibus
510 2031 664 2083 versatus:
687 2025 735 2102 qui
757 2025 995 2109 constitutionem
1018 2025 1108 2083 totius
1127 2042 1227 2082 causae

127 2113 294 2201 convellere
315 2113 433 2185 nitetur,
447 2132 494 2172 me
515 2132 574 2172 non
584 2113 729 2194 judicium
745 2118 886 2189 dictasse,
901 2116 953 2176 aed
966 2135 1082 2194 magnae
1101 2115 1226 2193 inscitias
1248 2130 1251 2135 '

126 2195 301 2288 principium
315 2215 486 2284 apportasse
500 2205 620 2265 fficens:
642 2227 681 2286 aa⁴
695 2209 818 2286 primum
838 2206 1120 2268 commemorabit
1093 2225 1171 2265 viros
1189 2188 1227 2264 de

126 2299 211 2360 vobis
226 2299 431 2368 benemeritos,
445 2288 648 2358 Harmodium
661 2309 691 2358 et
704 2301 946 2379 Aristogitonem,
964 2317 1123 2376 eorumque
1136 2297 1227 2367 fidem

127 2386 270 2461 inutuam,
285 2398 315 2447 et
328 2400 503 2450 consecutas
517 2409 552 2446 ex
566 2409 602 2448 ea
610 2390 778 2468 reipublicae
788 2393 946 2452 utilitates:
969 2396 1065 2468 neque
1080 2389 1179 2458 etiam,
1193 2398 1229 2448 ιιι

127 2484 221 2550 aiunt,
236 2482 357 2539 Homeri
370 2482 501 2539 versibus
526 2483 692 2554 abstinebit,
715 2495 767 2559 eut
781 2484 904 2542 heroicis
925 2484 1101 2567 nominibus,
1121 2481 1176 2542 sed
1197 2492 1229 2542 et

127 2574 254 2635 Achillis
262 2584 293 2632 et
306 2572 434 2633 Patrocli
448 2582 540 2631 ortam
553 2594 590 2631 ex
605 2594 703 2633 amore
718 2574 885 2648 amicitiam,
900 2584 933 2634 ιιι
945 2575 1047 2646 femur,
1059 2575 1227 2649 celebrabit,

124 2678 156 2728 et
169 2668 305 2737 lennem,
315 2664 477 2742 quasivero
488 2682 589 2723 eanon
601 2664 669 2724 o'lirn
684 2665 874 2727 infelicitatis
884 2686 1005 2726 numero
1020 2677 1146 2745 ponatur
1159 2687 1228 2727 cum

124 2758 273 2839 modestia
292 2756 461 2834 conjuncta,
479 2775 558 2819 nune
572 2755 713 2815 laudabit.
740 2758 816 2817 Nam
838 2759 867 2817 si
882 2759 1031 2819 calumnia
1043 2758 1227 2837 quorundam
1291 2822 1297 2830 ,

126 2850 243 2920 efficiet,
257 2857 292 2907 ut
303 2848 432 2926 corporis
442 2848 532 2907 decor
542 2846 687 2925 aliquibus
702 2850 862 2909 calamitati
874 2852 922 2924 sit,
933 2871 993 2909 non
1003 2870 1039 2909 aa
1048 2868 1100 2909 vos
1109 2851 1229 2928 publice

127 2946 301 3005 decreturos
315 2940 425 3011 dicent,
439 2959 505 3016 quae
525 2938 658 3018 privatim
674 2942 828 3018 exoptetis.
858 2942 1032 3001 Absurdum
1046 2943 1124 3000 enim
1138 2943 1230 3002 videri

126 3036 197 3106 sihi,
212 3050 279 3093 cum
290 3052 393 3090 omnes
402 3038 460 3091 ‘voa
470 3030 568 3091 liberis
579 3050 697 3109 operam
712 3033 819 3104 daturi,
829 3042 898 3091 vota
907 3032 1030 3103 faciatis,
1047 3042 1080 3091 ut
1093 3032 1143 3090 tilii
1155 3051 1229 3091 non-

126 3129 201 3187 duin
219 3124 280 3183 nati
292 3125 386 3183 forma
399 3133 584 3203 praestantes,
595 3133 625 3182 et
638 3124 756 3183 civitate
771 3124 852 3201 digni
865 3123 1012 3182 evadant:
1035 3124 1152 3201 eosqui
1166 3125 1230 3203 jam

125 3209 194 3279 nati
207 3226 288 3303 sunt,
302 3234 376 3293 quos
390 3215 597 3293 rempublicam
612 3215 692 3274 laudi
707 3216 761 3275 sibi
780 3216 888 3275 ducere
901 3215 1067 3286 conveniat,
1089 3215 1114 3273 si
1127 3214 1230 3275 formae
1308 3206 1315 3213 ⁵

124 3309 279 3389 elegantia
287 3318 468 3389 praestantes
479 3308 611 3386 aliquos
604 3329 634 3367 ιιι
646 3328 691 3366 sur
684 3308 923 3367 admirationem
931 3317 1113 3379 convertant
1120 3317 1152 3368 et
1158 3328 1230 3369 con

122 3405 261 3464 tentione
274 3401 420 3480 quadarn
414 3400 518 3459 amoris
527 3410 709 3478 expetantur,
722 3402 832 3460 avobis
843 3400 976 3460 AEschiui
989 3400 1153 3459 obsecutis
1145 3421 1230 3497 igno·

124 3496 222 3557 minin
236 3494 339 3553 notari.
367 3493 406 3551 Et
417 3492 495 3551 hoe
487 3510 518 3549 ιιι
532 3492 607 3564 loco,
622 3504 655 3551 ut
669 3493 769 3567 audio,
784 3514 831 3553 me
847 3514 964 3599 quoque
978 3494 1167 3573 perstringet,
1183 3488 1231 3555 ro·

125 3590 239 3669 gitans‚
246 3607 286 3646 an
299 3606 346 3645 me
360 3604 418 3643 nou
430 3585 550 3663 pudeat,
566 3606 633 3645 cum
648 3586 754 3663 ipsein
770 3588 928 3666 gymnasiis
942 3587 1089 3691 frequens,
1100 3597 1129 3645 et
1141 3588 1232 3665 pluri·

125 3684 247 3739 morum
257 3697 356 3737 amore
369 3685 475 3755 eaptus
490 3670 604 3750 fuerim,
615 3697 679 3737 eam
692 3700 752 3738 rem
765 3673 905 3741 efficiam'
898 3679 1122 3757 ignominiosam
1137 3691 1167 3739 et
1179 3700 1232 3760 pe-
1252 3705 1256 3710 ’

122 3766 303 3838 rieulosam:
319 3779 478 3848 postrema,
487 3770 646 3847 utquidarn
655 3772 724 3833 mihi
734 3772 885 3842 nunciant,
892 3790 945 3830 vos
954 3771 991 3829 ad
1001 3771 1233 3851 risumetnugas
1254 3835 1257 3840 ,

124 3866 347 3943 cohortans,se
361 3861 442 3920 vobis
462 3871 689 3921 monstraturum
711 3864 800 3935 dicet,
814 3883 900 3941 quarn
921 3863 1014 3922 multa
1037 3864 1068 3921 in
1088 3865 1233 3942 quosdam

98 3940 275 4025 zamatoria
294 3963 431 4034 poemata
444 3953 580 4012 fecerim:
602 3972 637 4012 ac
653 3962 744 4013 testes
760 3954 970 4037 producturum
983 3954 1178 4031 pollicebitur,
1195 3956 1233 4018 de

123 4048 271 4111 conviciis
292 4066 328 4106 ac
343 4045 510 4105 verberibus
525 4047 562 4104 ob
578 4064 642 4104 eam
662 4065 721 4104 rem
734 4030 806 4103 mihi
821 4046 918 4107 factm
944 4047 1009 4126 Ego
1023 4065 1091 4107 rere
1112 4066 1166 4105 nec
1179 4046 1234 4105 ho·

123 4150 249 4201 nestum
262 4158 391 4197 amorem
412 4137 618 4243 reprehendo,
625 4157 720 4220 neque
737 4138 871 4197 homiues
884 4140 978 4199 forma
990 4149 1180 4218 praestantes
1180 4140 1236 4199 im·

121 4234 281 4316 pudicitiae
293 4252 398 4311 arguo,
411 4252 467 4292 nec
478 4232 541 4310 ipse
551 4230 663 4291 inficias
676 4251 721 4305 eo,
736 4251 782 4289 me
796 4252 973 4312 propensum
988 4254 1053 4292 esse
1063 4234 1101 4291 ad
1110 4252 1234 4309 amores,
1258 4310 1260 4313 Α

122 4347 229 4407 noque
245 4325 332 4385 etiam
346 4324 549 4384 aemulationes
571 4333 602 4383 et
615 4344 728 4403 pugnas
743 4344 811 4384 cum
824 4325 900 4399 aliis,
913 4326 1000 4385 hodie
1013 4343 1130 4405 quoque
1146 4346 1183 4385 ex
1200 4348 1236 4388 ea
1252 4318 1255 4326 ’

123 4440 160 4480 re
175 4417 245 4479 oriri
237 4416 371 4491 solitas,
386 4416 497 4476 etmihi
512 4416 655 4477 accidisse
668 4436 756 4495 nego.
777 4417 826 4477 De
839 4418 983 4496 poematis
999 4427 1096 4481 autern
1111 4438 1178 4498 quaa
1190 4439 1236 4479 me

192 4530 199 4537 .
658 4512 677 4549 ῃ
697 4526 716 4565 Ε
