2967 4950
383 303 960 405 'ADVERSUSMACARTATUM
1033 379 1035 382 ¹
1170 312 1225 369 621

146 462 200 526 tem
212 464 292 525 ¹vetet
304 463 353 523 vel
373 464 404 521 in
424 463 539 544 proprio
552 464 723 543 patrimonio
741 466 800 523 ista
811 462 892 524 fieri:
913 463 1036 521 multum
1051 462 1162 523 scilicet
1185 464 1236 525 isti
1275 491 1278 498 ¹

146 566 254 630 curent,
268 576 307 615 an
331 556 446 635 legibus
469 556 573 615 vestris
594 557 807 637 obtemperent,
827 566 878 616 sut
898 552 1024 634 Haguite
1047 555 1158 614 familie
1180 556 1234 616 de-

148 650 263 709 soletur.
739 702 740 705 ,
814 639 817 645 ’
1201 707 1203 710 .

137 806 140 813 .
184 743 231 799 17.
253 740 321 820 Eg'o
337 759 407 801 vero
421 740 458 799 de
476 741 586 820 meipso
603 760 699 821 pauca
711 741 807 801 dicam
824 738 903 817 apud
914 735 979 810 ros,
999 739 1132 810 ludices,
1146 750 1236 819 atque

146 834 306 906 ostendam,
320 833 405 893 aliter
419 852 507 912 quem
525 832 588 891 istis
601 852 679 891 curse
692 831 763 887 mihi
776 830 1066 909 luisseHagnianam
1084 831 1234 904 familiam,
1339 861 1342 867 ·
1413 863 1416 868 ,

145 934 177 984 ut
188 946 227 984 ne
239 924 386 1011 interiret:
407 944 474 983 nem
488 925 592 1005 etipse
607 942 672 981 sum
686 922 816 981 Buselini
828 924 952 1001 generis.
994 924 1141 984 Habronis
1155 926 1236 984 enim

124 1010 132 1021 ’
146 1015 248 1075 Buseli
260 1016 309 1079 filii
321 1025 439 1094 neptem
454 1035 470 1075 e
483 1016 544 1075 lilia
557 1014 641 1073 duxit
654 1012 851 1085 Callistratus,
864 1014 1019 1073 Eubulidae
1033 1016 1120 1089 filius,
1134 1016 1235 1076 Buseli

147 1126 258 1187 nepos:
278 1117 357 1166 etex
373 1106 523 1165 Habrouis
538 1116 625 1184 nepte
639 1115 668 1165 et
689 1104 858 1165 Callistrato
870 1117 979 1183 nepote
997 1107 1144 1167 Habronis
1163 1119 1236 1169 nete

147 1209 190 1259 est
210 1209 302 1259 mater
314 1208 430 1259 nostre.
470 1197 537 1276 Ego
555 1217 623 1259 vero
646 1208 768 1257 matrem
781 1198 868 1277 hujus
882 1198 994 1277 judicio
1008 1200 1131 1259 evictam
1150 1201 1234 1274 duxi;

143 1282 260 1371 notique
274 1290 344 1349 mihi
357 1290 407 1349 filii
421 1299 489 1349 suut
502 1299 638 1369 quatuor,
651 1289 711 1349 une
724 1290 794 1349 filia.
835 1288 889 1349 His
904 1290 1023 1349 nomine
1036 1291 1171 1370 imposui,
1180 1295 1235 1353 Ju-

146 1386 235 1456 diccs,
251 1384 328 1455 hoec,
341 1392 412 1442 natu
424 1382 549 1442 maximo
564 1383 656 1443 Sosiae
669 1382 760 1463 patris
776 1382 842 1456 mei,
859 1392 894 1441 ut
905 1402 1021 1461 aequum
1035 1393 1099 1454 est;
1119 1394 1149 1443 et
1162 1397 1235 1462 natu

145 1480 270 1538 maximo
282 1476 313 1535 id
326 1496 432 1535 nomen
445 1476 568 1535 restitui.
609 1475 744 1535 Proxime
757 1478 794 1535 sb
813 1475 871 1535 hoc
887 1486 957 1535 nato
975 1494 1081 1536 nomen
1102 1477 1158 1537 leci
1174 1478 1234 1537 ttu-
1305 1470 1309 1476 ⁴
1325 1461 1326 1464 Ἴ

144 1553 262 1640 bulidae,
278 1568 358 1648 quod
379 1588 485 1628 nomen
503 1568 558 1627 fuit
576 1568 650 1648 patri
671 1568 771 1628 metris
791 1570 873 1647 pueri
888 1566 988 1648 hujus.
1030 1569 1067 1628 Ei
1085 1570 1135 1648 qui
1155 1569 1235 1630 hunc

144 1660 451 1742 sequiturMenssthei
464 1679 570 1720 nomen
582 1660 721 1740 imposui:
743 1680 812 1719 nem
832 1670 863 1719 et
878 1649 1069 1721 Menestheus
1090 1671 1234 1741 cognatus

143 1755 224 1815 uxori
236 1754 311 1814 mere
322 1754 388 1812 fuit.
428 1753 553 1812 Minimo
568 1772 676 1812 nomen
689 1753 745 1812 feci
759 1752 938 1823 Callistrato,
951 1753 1031 1832 quod
1043 1773 1148 1814 nomen
1159 1741 1235 1834 potii
1265 1814 1276 1833 ,

144 1845 244 1907 metris
255 1864 329 1904 mese
343 1844 406 1903 suit.
446 1844 595 1903 Praeterea
607 1842 695 1903 filiam
709 1844 797 1903 etiam
810 1843 884 1901 nulli
902 1844 997 1903 alieno
1011 1844 1163 1923 collocavi,
1182 1847 1236 1906 sed

145 1937 240 1998 fratris
254 1936 312 1996 mei
325 1936 394 2007 filio,
407 1946 441 1995 ut
455 1936 481 1994 si
494 1936 646 2007 valuerint,
665 1946 695 1995 et
707 1935 812 1995 horum
824 1935 907 1994 liberi
925 1955 962 1994 ex
979 1936 1082 1995 eodem
1097 1937 1155 1997 sint
1167 1958 1235 1997 cum

146 2031 265 2110 Hegnia
279 2030 397 2089 familia.
438 2030 483 2088 Ac
501 2048 557 2108 ego
578 2029 696 2107 quidem
716 2048 780 2088 sem
801 2028 943 2088 rationem
960 2028 1019 2096 inii,
1037 2049 1096 2108 qua
1110 2030 1236 2091 maxime
1324 2049 1326 2053 ·

145 2122 263 2183 familioe
282 2121 412 2181 oriundos
435 2142 453 2181 a
474 2121 583 2181 Buselo
597 2131 855 2181 conservarentur:
877 2121 907 2181 in
925 2121 998 2181 istos
1016 2131 1114 2181 autom
1137 2142 1235 2182 rursus

145 2217 334 2295 inquiremus.
376 2212 436 2273 Sed
449 2214 641 2293 legem'prius
654 2214 732 2273 hauc
747 2212 845 2294 recito.

642 2420 731 2480 LEX.

178 2565 270 2622 Pater
288 2579 364 2610 suram
377 2571 441 2625 gerat
456 2563 607 2622 pupillorum,
619 2569 644 2608 et
658 2563 808 2622 pupillarum,
825 2568 851 2622 ct
869 2553 1003 2608 familiarum
1015 2575 1067 2622 qusa
1077 2561 1201 2618 intereunt,
1211 2568 1236 2610 at

147 2649 301 2688 matronarum
313 2654 365 2700 quse
377 2645 468 2684 manent
479 2637 504 2683 in
515 2635 606 2682 aedibus
615 2628 750 2682 institorum
758 2638 918 2682 detunctorum
927 2644 1047 2683 aeuterum
1056 2637 1240 2685 lenedicentssr

146 2715 226 2762 horum
238 2729 317 2760 curam
329 2704 401 2774 gerse
411 2727 488 2772 nequa
499 2711 559 2758 sinet
569 2711 604 2758 eis
616 2709 725 2778 injurium
734 2711 793 2767 lieri,
800 2719 840 2758 aut
847 2706 970 2772 quioqua'm
979 2711 1003 2758 in
1012 2727 1054 2759 eos
1061 2712 1164 2774 iniquum
1173 2729 1236 2762 oom-

146 2791 223 2839 mitti:
237 2797 265 2838 'et
276 2797 413 2852 potestatem
422 2789 505 2836 lrabeat
517 2787 653 2834 auctoritate
668 2777 816 2848 magistratus
826 2788 1049 2850 indigendrepoenoe.
1061 2797 1064 2802 '
1080 2789 1120 2836 Sin
1129 2791 1236 2852 graviore
1274 2787 1283 2798 “

139 2885 213 2930 ¹poene
223 2869 309 2929 dignus
320 2867 446 2922 ridebitur,
458 2865 594 2912 accersitum
606 2866 708 2921 accuset,
720 2873 745 2912 st
757 2866 843 2912 malou
857 2881 899 2913 sno
912 2866 1009 2914 arbitrio
1020 2866 1142 2927 inscripta,
1151 2867 1174 2914 in
1186 2869 1237 2928 He·

143 2947 219 2994 liseam
230 2946 371 2993 introducat.
404 2944 473 3002 Qu‘od
485 2941 505 2991 si
516 2942 637 2990 convietus
649 2943 726 2998 tueris
737 2944 874 3004 pronunciet
885 2943 977 2990 Helices
984 2943 1039 3006 qnid
1048 2944 1074 2991 ei
1083 2944 1116 2990 sit
1125 2945 1235 2992 luendum

145 3030 187 3070 aut
193 3022 336 3076 solvendum.

150 3149 219 3216 Quo
237 3158 329 3209 sutem
346 3158 433 3228 pacto
453 3148 547 3227 magis
565 3147 619 3206 ulli
640 3147 776 3208 familiam
792 3147 914 3227 alicujus
932 3147 1092 3226 exstirpare
1110 3146 1235 3225 possint,
1254 3193 1256 3197 .

147 3240 275 3318 quamsi
297 3233 433 3318 Hagniae'
446 3259 552 3318 genere
571 3239 717 3318 proximos
736 3239 901 3318 expulerint
913 3238 943 3311 ii,
961 3239 1014 3317 qui
1033 3248 1101 3298 sunt
1120 3257 1158 3297 ex
1179 3239 1238 3299 ulie

146 3332 248 3394 suarii
259 3332 391 3392 familiai
1069 3381 1070 3384 ,
1094 3367 1097 3374 -
1134 3382 1137 3388 s

185 3429 234 3486 ls.
256 3427 296 3486 Et
308 3446 418 3500 rursus,
430 3427 456 3486 si
468 3425 668 3486 haereditatem
683 3424 810 3504 Hagniae
821 3425 962 3504 postulat,
975 3434 1010 3483 ut
1019 3435 1172 3503 cognatus,
1180 3445 1245 3486 nor

144 3539 212 3601 meu
226 3528 324 3578 autern
338 3520 426 3579 habet
439 3519 549 3579 nedum
567 3537 606 3578 ex
627 3517 755 3596 Hegniae
768 3517 886 3588 familie,
906 3518 958 3576 sed
978 3518 1178 3592 neceStratii
1191 3519 1236 3577 sui
1292 3587 1295 3594 .

144 3601 356 3701 progenitorip;
378 3619 464 3690 etque
486 3611 570 3680 adeo,
597 3630 665 3696 cum
689 3619 773 3668 tanta
793 3610 881 3669 fuerit
900 3610 1187 3690 Buseliposte'rr'tasg
1199 3631 1237 3670 ne

144 3703 260 3763 illorum
273 3703 391 3781 quidem
409 3702 497 3762 ullius
511 3702 615 3762 nomen
629 3699 739 3762 habet·
769 3701 848 3760 Nam
858 3701 936 3760 unde
954 3713 1001 3761 cst
1014 3701 1238 3778 Macartatino-

143 3795 237 3854 meu?
266 3799 293 3853 A
314 3804 447 3854 materno
463 3795 591 3855 familia:
621 3792 877 3873 adoptatusenim
897 3794 951 3854 iste
975 3803 1022 3854 est
1043 3792 1236 3859 in'fsmiliam

145 3888 304 3948 Macertoti
317 3886 481 3966 Prospaltii,
502 3887 637 3947 avunculi
657 3887 712 3959 sui,
726 3896 758 3946 et
774 3885 854 3945 illam
872 3887 967 3957 etiam
980 3885 1236 3970 hebet—familiam.

144 3980 243 4060 Atque
254 3981 297 4058 itu
309 3980 428 4059 injurius
441 3989 495 4052 est,
510 3989 545 4038 ut
558 3989 629 4039 nato
642 3979 779 4051 sibi'filio,
793 3999 857 4038 eum
872 3980 958 4038 etiam
974 3979 1004 4038 in
1014 3977 1144 4058 Hagnioe
1153 3970 1236 4038 lami·
1291 4014 1293 4020 >

143 4074 214 4134 liam
234 4074 420 4152 introducere
443 4073 481 4133 sit
501 4073 618 4144 oblitus,
633 4073 721 4152 idque
735 4092 804 4132 cum
825 4073 950 4152 Hsgniae
972 4072 1173 4133 hoereditatem
1194 4079 1237 4129 te-

145 4175 225 4236 neat,
240 4175 270 4226 et
282 4167 345 4246 ejus
360 4185 391 4225 se
410 4165 549 4244 gentilem
562 4185 627 4226 esse
638 4165 816 4246 profiteatur.
860 4165 920 4225 Sed
933 4185 999 4224 eum
1017 4166 1108 4224 lilium
1122 4163 1239 4221 Macar·

144 4269 208 4318 tsto
223 4257 366 4318 avunculo
381 4256 578 4338 adoptandum
592 4257 672 4318 dedit
691 4257 723 4316 in
740 4257 939 4337 Prospaltium
959 4256 1154 4336 municipium,
1172 4251 1236 4312 Hs-

146 4351 283 4429 gnisnom
306 4359 403 4410 autem
415 4350 552 4410 familiam
567 4350 749 4430 quantumin
764 4352 870 4428 sefuit
886 4350 1031 4427 exstingui
1044 4366 1150 4428 pessus
1171 4355 1237 4407 est:

146 4442 198 4522 qui
210 4444 290 4504 idem
303 4443 375 4504 dicit
387 4453 499 4523 petrem
513 4463 597 4506 suum
612 4442 737 4522 Hagnioe
757 4442 846 4504 fuisse
860 4441 1008 4521 agnatum.
1051 4441 1127 4502 Cum
1141 4447 1238 4499 autem
