2967 4950
228 365 269 423 52
462 360 518 419 DE
540 357 662 418 MALE
681 353 818 420 GESTA
839 357 1094 418 LEGATIONE.-

231 528 345 600 optant.
381 517 475 599 quue
488 517 712 589 rectissimaac
725 515 859 586 civiliter,
874 515 1080 574 Athenienses.
1114 501 1335 574 Namsineno
1369 515 1377 532 '

230 621 361 671 vestrum
371 622 427 686 est,
438 604 488 689 qui
493 617 583 687 justae
597 611 688 670 credis
699 611 728 668 iu
740 629 772 668 se
780 608 928 689 piaculum
943 608 1097 666 admittere
1109 605 1211 691 vellet,
1223 618 1336 685 quanto

229 705 325 783 magis
345 706 483 783 injustam
504 703 657 775 cavebitis,
680 713 782 782 erepta
802 701 890 760 alicui
910 701 981 773 vita,
996 709 1048 758 aut
1070 719 1102 758 re
1117 699 1264 770 familiari,
1281 709 1334 758 aut

231 797 395 876 dignitate?
428 797 478 856 Ob
500 814 574 874 quas
598 796 646 856 res
669 797 719 856 alii
750 795 805 855 sibi
825 815 929 874 manus
950 793 1122 866 attulerunt,
1147 791 1196 852 alii
1216 792 1335 871 publice

228 891 388 969 perierunt.
909 931 910 936 .

269 985 320 1041 28.
343 983 413 1042 Non
427 983 515 1062 igitur
527 981 642 1042 reniam
662 981 733 1041 mssri
747 981 865 1053 dabitis,
883 979 1094 1053 Athenienses,
1113 979 1137 1038 si
1156 995 1225 1038 eum
1243 977 1335 1036 ciues-

231 1074 302 1132 dum
322 1075 484 1155 appellato,
500 1086 530 1135 et
543 1075 691 1134 hominem
712 1074 827 1154 polluto
843 1093 977 1152 corpore,
991 1092 1027 1131 ea
1045 1072 1134 1131 etiam
1149 1082 1232 1150 parte
1254 1066 1334 1128 unde

229 1186 333 1226 vocem
348 1168 418 1241 edit,
432 1189 468 1228 ac
481 1168 588 1228 deinde
609 1167 753 1246 reliquam
770 1168 965 1228 accusationis
982 1177 1097 1246 partem
1117 1166 1154 1224 de
1176 1165 1335 1226 Cersoble-

226 1269 281 1338 pte
303 1261 453 1320 evidenter
472 1261 577 1321 falsam
601 1280 669 1320 esse
690 1260 872 1321 ostendero?
901 1260 940 1318 lis
966 1262 1054 1332 enim,
1075 1259 1126 1338 qui
1141 1267 1285 1318 vocantur
1304 1259 1335 1318 in

229 1351 350 1425 crimen,
369 1372 415 1412 res
434 1353 514 1432 apud
527 1373 583 1412 ros
594 1351 739 1430 contingit
754 1371 819 1411 mea
833 1352 969 1432 opinione
986 1352 1180 1431 pulcherrima
1194 1361 1225 1411 et
1237 1349 1334 1410 utilis-

228 1443 312 1504 sima.
341 1445 457 1506 Etenim
478 1456 622 1524 tempora,
635 1455 665 1504 et
679 1445 808 1516 decreta,
827 1465 989 1526 eorumque
1002 1444 1210 1528 suffragatores
1230 1444 1262 1502 in
1278 1463 1333 1523 pu·

227 1535 311 1597 blicis
326 1538 522 1596 monumentis
536 1546 679 1616 perpetuo
693 1539 861 1597 asservatis.
892 1539 894 1541 ’

268 1631 318 1690 29.
348 1629 433 1693 Dixit
448 1618 633 1708 ¹autem'iste,
657 1649 722 1687 eam
744 1649 809 1689 esse
831 1649 963 1703 causam,
988 1650 1041 1690 cur
1062 1629 1262 1708 Cersobleptis
1282 1646 1335 1688 res

226 1720 377 1800 perierint,
391 1722 472 1799 quod
484 1741 541 1799 ego
554 1721 711 1799 legationis
721 1721 792 1792 dux,
808 1733 837 1780 et
853 1723 987 1780 secunda
1000 1741 1071 1780 aura
1083 1731 1183 1780 restra
1196 1741 1280 1790 usus,
1300 1741 1333 1780 sc

227 1833 283 1872 nos
295 1813 326 1871 in
340 1813 498 1873 Thraciam
511 1814 553 1873 ire
560 1814 694 1890 jubente,
708 1831 776 1870 eum
789 1811 996 1891 Cersobleptes
1010 1813 1205 1882 obsideretur,
1221 1821 1252 1870 et
1261 1831 1333 1870 con-

206 1927 210 1931 ·
227 1907 328 1965 testari
341 1906 421 1985 apud
436 1906 615 1984 Philippum,
626 1924 668 1964 ea
680 1905 785 1963 facere
799 1904 955 1977 noluerim,
968 1905 1020 1963 sed
1039 1903 1110 1962 Orei
1126 1904 1263 1975 sederim,
1282 1917 1333 1963 ce·‘

227 1999 342 2079 terique
355 1998 456 2077 legati,
470 1998 599 2076 hospitia
614 1997 699 2056 nohis
721 1996 924 2057 conciliantes.
961 1997 1068 2056 Audite
1084 1995 1173 2076 igitur
1194 1994 1333 2056 Charetis

212 2092 337 2163 literas,
360 2110 434 2168 quas
448 2090 527 2173 misit
541 2089 580 2148 ad
604 2089 755 2168 populum,
777 2090 883 2166 quibus
908 2091 1088 2161 continetur,
1108 2089 1332 2168 Cersobleptem

131 2243 139 2255 ,
227 2186 379 2264 imperium
392 2183 537 2255 amisisse,
551 2191 582 2242 et
599 2202 716 2244 sacrum
729 2192 862 2241 montem
883 2203 901 2242 a
913 2181 1050 2261 Philippo
1066 2191 1243 2261 occupatum
1265 2201 1334 2241 esse

227 2296 329 2353 xnvr.
343 2271 509 2333 Februarii:
532 2271 749 2333 Demosthenes
764 2282 864 2332 autern
875 2293 942 2332 cum
957 2272 1107 2352 exlegatis.
1118 2283 1210 2344 esset,
1220 2285 1334 2354 praeses

226 2388 280 2449 pro
289 2367 433 2429 concione
445 2365 502 2426 fuit
515 2365 647 2444 ejusdem
660 2366 769 2426 mensis
784 2366 831 2430 die
848 2386 964 2428 xxvrr.
1075 2449 1076 2454 ἵ

692 2559 864 2620 LITERAE.

227 2691 334 2769 Neque
353 2710 423 2767 vero
435 2692 564 2769 reliquos
578 2691 722 2750 duntaxat
734 2692 844 2751 iriensis
864 2689 928 2751 dies
946 2680 1060 2763 morati,
1080 2690 1133 2750 ed
1155 2690 1267 2751 Martio
1284 2691 1334 2752 de·

224 2801 306 2843 mum
328 2782 452 2863 proiecti
474 2803 595 2845 sumus:
617 2784 701 2864 cujus
722 2785 765 2843 rei
783 2795 889 2845 testem
913 2785 997 2845 vobis
1018 2794 1153 2845 senatum
1175 2784 1332 2858 exhibebo.

225 2875 523 2936 Senamsconsultum
536 2877 615 2935 enim
632 2885 688 2947 est,
706 2876 793 2955 qnod·
804 2877 920 2956 legatos
940 2877 979 2936 ad
993 2876 1167 2957 exigendum
1181 2876 1333 2957 jusjuran-

225 2968 296 3027 dum
310 2968 391 3028 abire
396 2969 493 3049 jubet.
515 2970 623 3053 Recita
636 2968 707 3028 mihi
719 2968 1019 3029 senatusconsultum.

542 3174 1008 3237 SENATUSCONSULTUM.

226 3304 322 3365 Etiam
336 3314 450 3385 tempus
464 3304 566 3378 recita,
581 3304 731 3384 quodnam
746 3306 777 3369 id
790 3306 887 3366 fuerit.

681 3458 865 3519 TEMPUS.

224 3587 352 3660 Auditis,
363 3586 421 3647 hoc
432 3586 522 3645 fuisse
537 3586 686 3647 decretum
702 3608 759 3648 111.
773 3588 885 3647 Martii.
914 3586 1122 3668 Cersobleptes
1143 3600 1243 3650 autem
1257 3604 1332 3671 quot

224 3679 330 3739 diebus
344 3689 411 3739 ante
425 3678 577 3758 imperium
591 3681 739 3752 amiserat,
755 3700 843 3760 quam
857 3700 914 3760 ego
934 3679 1138 3741 discederem?
1159 3682 1200 3754 Ut
1215 3683 1331 3743 Chares

164 3785 166 3788 ·
223 3772 392 3851 imperator,
412 3781 442 3831 et
463 3771 556 3831 literae
574 3769 716 3843 indicant,
735 3774 830 3852 priore
856 3792 966 3843 mense,
991 3774 1016 3832 si
1038 3773 1127 3832 modo
1149 3774 1331 3836 Februarius

224 3862 334 3923 Martio
347 3864 424 3941 prior
444 3874 499 3924 est.
522 3864 602 3944 Ergo
616 3884 655 3923 ne
669 3865 893 3945 Cersobleptem
908 3885 965 3945 ego
979 3884 1152 3927 conservare
1166 3868 1259 3946 potui,
1279 3868 1331 3947 qui

223 3966 292 4016 ante
313 3975 360 4015 me
375 3955 462 4015 domo
480 3954 631 4035 egressum
644 3959 779 4038 perierat.
812 3959 850 4017 Et
864 3960 973 4037 putatis
987 3959 1073 4018 istum
1092 3958 1204 4036 aliquid
1218 3960 1331 4020 dixisse

224 4051 284 4108 veri
298 4049 443 4118 derebus,
455 4049 515 4108 sive
528 4050 559 4108 in
573 4050 764 4132 Macedonia,
777 4050 837 4111 sive
851 4052 879 4109 in
895 4050 1050 4111 Thessalia
1063 4052 1146 4135 actis,
1159 4052 1211 4131 qui
1224 4063 1333 4112 contra

223 4140 345 4212 curiam,
359 4151 463 4200 contra
486 4141 604 4220 publica
625 4144 815 4217 monimenta,
836 4154 939 4203 contra
957 4153 1084 4222 tempus,
1106 4156 1208 4205 contra
1225 4146 1331 4225 populi

224 4240 386 4289 conventus
410 4232 589 4291 mentiatur?
609 4232 655 4291 Tu
675 4235 897 4315 Cersobleptem
912 4236 1034 4295 Athenis
1056 4235 1164 4297 foedere
1188 4236 1330 4297 exclude-

223 4318 288 4387 bas,
302 4340 368 4379 cum
382 4342 492 4401 praeses
507 4342 607 4383 esses:
630 4326 764 4405 ejusdem
779 4328 850 4387 Orei
869 4338 897 4387 te
920 4328 1135 4389 miserescebat.
1170 4328 1260 4389 Nunc
1280 4350 1330 4391 me

143 4450 148 4458 -
226 4412 398 4509 corruptelae
411 4436 552 4480 accusas:
574 4420 654 4497 prius
670 4431 769 4480 autem
788 4423 931 4483 mulctam
944 4424 981 4483 ab
997 4422 1206 4504 Areopagitico
1220 4435 1330 4485 senatu

227 4498 366 4560 mflrctam
380 4506 521 4583 tolerasti,
533 4531 593 4572 non
606 4523 780 4595 persecutus
794 4518 923 4579 vulneris
938 4518 1093 4593 actionem,
1115 4538 1174 4599 qua
1186 4538 1269 4580 reum
1284 4520 1330 4581 te-
