2967 4950
469 372 692 436 ADVERSUS
713 364 969 438 APATURIUM
1207 372 1272 445 ”593

170 483 284 596 ondita,
298 530 330 583 te
342 523 431 586 isan
446 547 495 605 qut
488 527 580 589 talia
600 530 749 592 moliretur
761 531 908 593 bominem
922 552 1035 593 summe
1048 530 1196 593 nefarium·
1203 554 1271 598 esse

172 611 258 694 duxi;
282 615 400 675 etviam
414 619 545 699 quaesivi,
558 624 732 703 quaetego
742 624 890 685 mensaria
903 625 1062 705 sponsione
1075 625 1225 701 liberarer,
1240 640 1270 690 et

170 702 279 809 hospes
293 726 329 766 ea
341 728 408 786 quae
416 730 470 789 per
479 730 526 772 me
541 714 588 773 isti
598 724 748 775 mutuarat
757 734 818 775 non
832 718 986 777 amitteret.
1013 716 1222 779 Constitutis
1198 736 1270 800 ergo

170 797 252 856 navis
266 800 450 876 custodibus,
463 823 572 864 mensoe
587 807 778 885 sponsoribus
790 807 941 907 negotium
955 807 1088 887 exposui,
1101 809 1269 889 pignusque

169 889 285 963 tradidi,
299 910 335 953 ao
348 892 452 954 decem
465 897 559 956 minus
576 896 721 978 hospitem
734 898 864 962 habere
857 919 886 957 ru
901 918 975 959 nave
989 900 1058 959 dixi.
1102 899 1157 960 His
1172 894 1269 975 factis,

168 983 314 1063 mancipia
327 988 489 1065 sponsione
500 989 653 1063 obstrinxi,
667 999 710 1063 ut,
724 990 750 1050 si
771 990 843 1070 quid
856 990 985 1064 deesset,
1004 1010 1056 1071 per
1078 1010 1115 1052 ea
1138 994 1269 1074 comple.

167 1086 252 1137 retur.
295 1079 342 1139 Ita
355 1101 421 1159 ego,
435 1082 622 1162 deprebensis
636 1084 721 1143 istius
732 1083 854 1162 injuriis,
868 1083 938 1143 mihi
952 1093 983 1144 et
994 1082 1101 1163 hospiti
1114 1086 1268 1149 consului:

168 1178 198 1227 at
210 1169 266 1231 iste
280 1171 403 1249 perinde
414 1193 450 1235 ue
463 1174 488 1234 si
503 1176 660 1255 acciperet,
673 1193 732 1234 non
747 1175 867 1249 iaceret,
880 1174 1026 1253 injuriam,
1039 1194 1087 1236 me
1101 1174 1268 1252 incusabat,

167 1261 295 1340 rogitans
309 1282 347 1324 an
365 1283 425 1324 non
447 1266 517 1325 mihi
539 1268 610 1327 satis
631 1276 712 1327 esset
725 1266 883 1347 sponsione
902 1265 941 1324 ad
954 1266 1131 1332 mensurium
1145 1267 1268 1343 e'xsoiri,

166 1355 220 1414 uisi
233 1364 265 1415 et
282 1375 335 1435 pro
346 1359 474 1438 pecunia
488 1359 691 1421 Parmenontis
706 1378 811 1420 navem
832 1369 863 1420 et
879 1359 1026 1438 mancipia
1039 1361 1198 1439 sponsione
1214 1364 1269 1422 ob·

166 1447 348 1527 stringerem,
368 1460 402 1511 et·
418 1461 538 1531 propter
557 1452 704 1513 bominem
718 1452 855 1513 'exsulem
878 1470 947 1511 suas
970 1452 1149 1533 susciperem
1172 1454 1267 1515 inimi·

145 1537 269 1623 'citiasi
299 1540 366 1619 Ego
384 1560 454 1599 vero
468 1562 536 1602 eum
548 1544 597 1621 qui
620 1543 692 1602 mibi
709 1541 883 1604 credidisset
903 1560 938 1602 eo
962 1543 1060 1605 minus
1073 1563 1120 1604 me
1135 1542 1266 1606 desertu-

165 1651 229 1691 rum
242 1633 420 1704 asserebam,
434 1632 515 1710 qnod
523 1642 556 1704 et
568 1634 664 1694 exsuli
677 1643 709 1694 et
724 1633 896 1695 calamitoso
910 1634 994 1694 fieret
1007 1654 1060 1714 per
1072 1654 1138 1696 eum
1152 1636 1265 1716 injuria.

164 1724 328 1803 Postquam
339 1732 438 1786 nutem
452 1723 523 1784 nihii
536 1726 707 1804 pretermisi
720 1735 752 1785 et
764 1745 866 1788 omnes
880 1725 963 1787 istius
971 1726 1139 1787 inimicitias
1153 1737 1183 1788 et
1197 1728 1266 1789 odia

163 1814 329 1918 provocari,
342 1814 392 1876 ιιι
404 1815 505 1895 redegi
523 1828 688 1897 argentum,
703 1836 777 1877 nare
796 1817 994 1897 quadraginta
1011 1818 1263 1889 ιιιιιιιιίοιιιιιιι·

164 1906 265 1986 quanti
278 1918 342 1967 erat
355 1908 556 2013 oppignerata.
597 1907 755 1972 Redditis
748 1907 838 1988 igitur
849 1909 968 1986 triginta
981 1908 1067 1969 minis
1079 1909 1118 1971 ad
1131 1922 1264 1972 mentam

163 2012 193 2061 et
205 2001 308 2061 decem
323 2000 408 2060 minis
422 2001 613 2060 Parmenonti
626 2020 723 2061 coram
737 2001 837 2062 multis
851 2001 989 2091 testibus,
997 2010 1028 2061 et
1040 2001 1163 2062 tabulas
1159 2012 1264 2064 sustu·

161 2091 248 2152 limus
271 2090 434 2153 secundum
454 2112 527 2171 quas
545 2094 656 2164 credita
675 2103 738 2154 erat
760 2093 896 2172 pecunia,
909 2103 941 2153 et
963 2102 1073 2153 mutua
1088 2096 1264 2156 commercia

162 2184 408 2257 renunciavimus,
417 2196 448 2243 et
460 2184 582 2261 invicem
593 2185 701 2246 missos
714 2186 847 2258 fecimus,
857 2185 898 2245 ita
911 2186 953 2245 uti
967 2204 1064 2265 neque
1073 2184 1125 2245 tsu'
1135 2206 1262 2261 mecum,

162 2296 256 2354 neque
270 2276 340 2335 mibi
354 2293 420 2336 curn
434 2276 492 2336 isto
504 2276 784 2356 negotiiquicquam
798 2290 888 2349 esset.
918 2278 964 2339 Ao
978 2288 1013 2339 ut
1021 2296 1091 2341 vera
1100 2277 1262 2387 mediocre
1282 2320 1286 2327 -

163 2367 345 2447 intelligatis,
358 2367 458 2428 audite
472 2368 648 2429 testimonia.
997 2396 1000 2402 ·
1130 2396 1134 2405 ¹

529 2575 539 2605 ⁵
575 2585 849 2647 TESTIMONIA.

198 2733 228 2789 4.
250 2730 319 2790 Jarn
331 2730 464 2809 postbaec
478 2731 549 2790 nibil
568 2728 639 2789 mibi
652 2747 720 2788 curn
731 2727 802 2787 sisto
824 2725 865 2788 rei
887 2727 934 2787 vel
952 2747 1073 2807 inagna
1092 2731 1139 2790 vel
1160 2751 1257 2811 ριιιιι

160 2820 235 2881 fnit:
270 2821 424 2880 Parmeno
436 2831 536 2882 autem
560 2821 645 2885 istum
664 2819 825 2880 accusabat
845 2828 907 2878 turn
921 2819 1206 2900 verberum,·quibns
1220 2825 1258 2884 ab

159 2932 204 2985 eo,
217 2913 288 2972 durn
301 2914 446 2992 mancipia
458 2933 526 2993 quse
540 2912 752 2991 ablegubantur
765 2910 934 2989 corriperet,
954 2911 1076 2972 effectus
1094 2924 1183 2986 esset,
1196 2925 1258 2975 tunt

159 3003 306 3084 impeditte
317 3005 354 3063 ab
363 3023 401 3062 eo
413 3023 501 3083 qnam
515 3004 544 3064 in
559 3003 688 3063 Siciliam
701 3001 876 3063 instituisset
889 3002 1093 3080 navigationis.
1123 3007 1257 3066 Instante

160 3105 257 3175 autem
282 3094 406 3170 iudicio,
431 3095 526 3157 defert
550 3095 696 3155 Parmeno
717 3092 925 3172 jusjurandum
952 3093 1006 3152 isti
1022 3093 1060 3152 de
1079 3095 1257 3172 quibusdam

158 3187 345 3249 criminibus:
373 3187 404 3244 id
426 3186 482 3246 iste
504 3186 620 3266 accipit,
642 3194 747 3265 pactus
765 3185 884 3264 insuper
904 3185 992 3244 etiam
1014 3186 1177 3265 pecuniam,
1200 3187 1257 3248 nisi

155 3278 361 3359 jusjurandum
384 3278 459 3337 illud
481 3278 624 3338 dedisset.
666 3279 711 3338 An
726 3287 762 3336 ut
778 3295 828 3336 me
840 3296 909 3340 vera
922 3276 1021 3344 dicare
1037 3289 1164 3353 constet,
1183 3265 1257 3360 cape

157 3372 226 3432 mibi
243 3370 453 3432 testimonium.

502 3610 505 3618 ν
534 3565 863 3659 ‘resumentem

152 3742 286 3819 Accepto
298 3739 388 3819 igitur
396 3739 597 3819 jurejurando,
611 3735 691 3800 haud
713 3738 833 3817 ignarus
851 3738 961 3799 multos
976 3739 1036 3800 sibi
1050 3741 1075 3800 si
1097 3725 1255 3820 pejerasset

154 3834 214 3894 sore
229 3832 380 3903 conscios,
394 3831 433 3894 ad
449 3831 608 3911 jurandum
620 3841 737 3909 presto⁴
746 3850 807 3891 nun
827 3831 902 3895 fuit:
925 3831 977 3891 sed
991 3841 1130 3911 tanquam
1142 3833 1258 3911 judicio

153 3927 305 3985 sobitums
323 3922 541 4004 jusjurandum,
561 3923 748 3984 Parmenonti
772 3923 851 3983 diem
875 3921 957 3984 dicit.
1001 3923 1134 3984 Instante
1157 3933 1254 4010 autem

154 4018 197 4077 eis
220 4015 345 4097 judicio,
371 4014 492 4077 adducti
513 4014 550 4073 ab
571 4013 606 4074 iis
625 4015 677 4092 qui
692 4014 826 4085 aderant,
847 4013 886 4074 ad
910 4014 1152 4093 compromissum
1173 4015 1255 4074 veni·

155 4119 218 4169 nuta
231 4119 264 4170 et
275 4107 411 4189 pactione
423 4107 600 4185 conscripta,
615 4125 706 4165 unum
719 4105 858 4166 arbitrum
869 4104 1048 4178 Phocriturn,
1060 4107 1153 4167 civem
1168 4125 1255 4166 suum

153 4200 346 4269 communiter
358 4196 511 4280 deligunt,-
522 4198 572 4258 cui
589 4217 680 4258 unum
697 4207 821 4277 uterque
844 4198 987 4270 attribuit,
1001 4198 1055 4258 iste
1077 4197 1253 4260 Aristoclem

157 4293 470 4367 OEensemParmeno
480 4309 540 4350 me.
580 4290 685 4368 ltaque
699 4289 775 4350 inter
790 4310 822 4350 se
836 4290 1037 4369 paciscuntur,
1049 4309 1116 4368 quae
1126 4309 1181 4349 nne
1195 4298 1254 4350 tres

155 4387 195 4448 de
218 4383 368 4448 communi
388 4384 535 4445 sententia
553 4381 818 4454 constituissemus,
833 4400 871 4442 ea
883 4400 915 4440 se
934 4391 1000 4442 rata
1017 4379 1197 4441 habiturust,
1208 4380 1255 4439 sin

155 4478 263 4556 minus,
275 4497 342 4559 qua
365 4477 425 4540 dno
448 4475 658 4552 decrevissent,
671 4493 706 4535 ea
723 4472 890 4535 necessario
907 4472 970 4532 iore
986 4471 1143 4532 'servanda
1186 4470 1254 4529 Hae
