2967 4950
264 306 323 366 *738
537 309 706 380 CONTRA
727 308 1083 386 DIONYSODQRUM.

264 453 431 542 decipienti,
449 474 479 525 et
495 465 703 528 transactiones
716 486 794 530 cunr
814 466 932 545 reliquis
955 465 1148 526 creditoribus
1172 463 1231 523 huc
1252 461 1350 538 conse,-

264 554 358 616 renti:
380 557 433 618 sed
452 557 493 618 ad
510 557 705 640 syngrapham
728 579 795 622 enm
816 569 963 632 revocate,
984 568 1015 619 et
1036 557 1075 619 ad
1096 577 1132 618 ee
1149 557 1218 636 jura
1234 572 1301 635 quae
1320 554 1350 615 iu

249 643 642 729 ''syngraphacontinentun
894 720 897 725 ,

308 742 354 799 10.
377 741 452 802 Nem
466 743 540 803 illud
553 743 621 804 mihi
636 743 759 821 amplius
773 743 918 803 edocendi
937 743 1017 814 estis,
1032 761 1091 821 quo
1104 740 1159 801 iste
1171 739 1350 819 potissimum

263 829 374 905 nititur,
388 833 531 906 assereus,
545 845 716 895 conservata
728 853 813 906 nave,
825 833 1006 898 reddendum
1019 853 1086 904 esse
1103 842 1247 894 mutuum.
1288 829 1350 901 Nos

260 941 377 1001 quoque
400 927 576 986 contendere
598 925 640 986 sic
660 945 726 986 esse
747 925 924 988 iaciendum.
966 926 1065 988 Lubet
1080 936 1178 986 autem
1197 945 1236 984 ex
1257 923 1349 1002 teipso

260 1033 403 1092 querere,
417 1028 513 1084 utrum
531 1019 568 1080 dc
585 1037 658 1080 nave
673 1028 707 1078 ut
726 1019 849 1098 perdita,
863 1039 903 1078 an
915 1037 986 1080 vero
998 1029 1033 1078 ut
1045 1019 1083 1080 de
1102 1016 1240 1078 incolumi
1259 1016 1349 1076 disse·

261 1107 332 1166 ras?
362 1109 437 1170 Nam
452 1110 476 1170 si
489 1111 573 1172 navis
585 1121 724 1190 corrupta
738 1123 784 1171 est
796 1120 883 1190 atque
897 1110 1014 1184 interiit,
1027 1110 1102 1189 quid¹
1118 1111 1157 1171 de
1168 1109 1264 1170 usuris
1280 1127 1349 1171 con-

261 1199 368 1271 tendis,
394 1211 425 1262 et
447 1203 520 1282 petis
547 1214 581 1264 ut
605 1223 707 1264 usuras
729 1201 913 1264 Rhodieuscs
930 1202 1137 1282 accipiamus?
1167 1203 1265 1278 Quum
1292 1218 1349 1267 uec

262 1311 366 1354 usuras
376 1314 429 1364 nec
444 1297 550 1357 sortem
564 1315 616 1360 uus
632 1295 760 1374 recipere
771 1297 936 1357 conveniat.
968 1296 1023 1356 Sin
1037 1295 1192 1356 incolumis
1207 1305 1255 1356 est
1266 1294 1349 1360 nmis

261 1395 291 1444 et
304 1405 362 1449 uon
375 1387 492 1461 interiit,
506 1407 558 1448 cur
571 1388 653 1448 nubis
666 1389 819 1467 pecuniam
832 1388 1013 1463 non-reddis,
1026 1408 1116 1468 quam
1135 1388 1166 1448 in
1184 1386 1350 1467 syngrapha

260 1480 442 1556 promisisti?
761 1499 763 1501 ’

304 1572 350 1630 ll.
373 1571 460 1632 Unde
473 1573 561 1651 igitur
575 1573 734 1634 certissime
744 1572 939 1652 cognoscetis,
953 1571 1159 1644 Athenienses,
1168 1590 1274 1630 navem
1284 1590 1349 1644 ease

260 1663 481 1724 conservatam?
512 1665 641 1725 Maxime
662 1685 699 1724 ex
728 1683 763 1724 eo
784 1665 849 1744 ipso
873 1665 953 1744 quod
976 1685 1011 1724 ea
1034 1663 1065 1723 in
1086 1664 1271 1742 navigatione
1293 1674 1349 1736 eat,

261 1774 356 1833 neque
378 1757 472 1819 minus
494 1768 598 1818 minen.
615 1778 651 1824 ex
673 1757 743 1836 ipsis
769 1758 889 1818 istorum
913 1756 1018 1820 verbis.
1040 1755 1213 1817 ¹Postulunt
1237 1757 1313 1816 enim
1331 1777 1350 1816 a

260 1849 342 1910 nobis
358 1862 390 1909 ut
404 1863 509 1912 sortem
523 1851 696 1932 recipiamus
709 1861 740 1910 et
752 1861 864 1930 partem
877 1849 1023 1929 quandam
1044 1848 1205 1922 usurarum,
1227 1858 1260 1908 ut
1272 1868 1350 1927 quea,

259 1960 327 2002 cunr
340 1944 472 2014 evaserit,
489 1963 547 2006 nou
562 1955 659 2004 tamen
673 1963 789 2004 omnem
802 1961 920 2003 cursum
933 1941 1099 2002 absolverit.
1142 1942 1280 2020 Spectata
1298 1960 1349 2000 au-

259 2043 328 2103 tam,
341 2034 545 2106 Athenienses,
559 2055 661 2106 nosne,
670 2055 709 2094 an
724 2034 771 2114 isti
787 2033 962 2113 syngraphis
972 2036 1040 2112 jura
1049 2041 1177 2103 utantur,
1188 2033 1239 2111 qui
1253 2051 1349 2112 neque

257 2125 288 2186 in
299 2127 489 2188 constitutum
503 2138 662 2192 mercatum
677 2127 860 2206 navigarunt,
874 2126 928 2188 sed
937 2126 1079 2188 ,Rhodum
1091 2136 1121 2186 et
1131 2127 1162 2184 in
1171 2126 1348 2212 Emptum?

259 2217 298 2278 Et
311 2232 482 2288 conseruate
492 2239 578 2290 nave,
594 2238 652 2280 non
668 2219 792 2300 perdita,
804 2219 1053 2280 seremissienem
1074 2237 1228 2282 usurarum
1243 2219 1347 2280 inven-

202 2377 207 2386 ,
258 2321 338 2370 turos
351 2321 469 2390 sperant
488 2311 654 2392 syngrapha
667 2311 784 2383 violata,
797 2331 864 2374 cum
881 2310 937 2392 ipsi
959 2332 996 2372 ex
1016 2311 1202 2390 nauigatione
1221 2311 1349 2379 frumen-

257 2403 330 2464 taria
350 2403 512 2465 Rhodienri
536 2422 660 2483 magnos
683 2415 812 2483 questus
831 2403 961 2479 fecerint,
984 2413 1173 2483 nostramque
1192 2404 1349 2483 pecuniam

183 2569 187 2578 „
257 2498 381 2557 alterum
391 2497 452 2577 jam
467 2516 575 2557 anuum
589 2506 710 2556 teneant
722 2506 753 2576 et
764 2506 929 2557 exerceant.
971 2496 1087 2557 Novum
1101 2506 1201 2559 autem
1215 2507 1248 2557 et
1259 2496 1347 2561 imd-

257 2598 350 2649 tatum
364 2590 502 2667 quiddam
516 2589 563 2649 isti
581 2588 749 2648 moliuntur.
793 2589 869 2649 Nam
886 2609 977 2668 quum
997 2599 1104 2660 sortem
1125 2589 1260 2669 pecunius
1281 2609 1346 2651 mu·

257 2690 316 2739 tuae
330 2682 423 2754 nobis,
437 2691 468 2740 ut
480 2689 596 2740 servata
613 2700 697 2753 nare,
717 2681 886 2743 restituant:
908 2682 1003 2743 usuris
1021 2681 1200 2748 fraudandos
1213 2690 1344 2754 censent,

256 2782 394 2851 tauquam
409 2772 534 2853 perdita.
574 2772 747 2851 syngrapha
759 2792 828 2841 vero
841 2793 900 2833 non
914 2774 996 2835 aliud
1007 2775 1078 2835 dicit
1090 2775 1128 2835 de
1143 2774 1251 2847 usuris,
1264 2773 1345 2847 uliud

256 2865 294 2925 de
307 2876 384 2927 sorte
396 2876 518 2925 mutua:
535 2866 592 2925 aed
605 2866 771 2927 communie
778 2866 847 2945 jura
859 2867 896 2927 de
908 2866 954 2929 his
964 2866 1187 2945 utrisquesuut,
1198 2877 1233 2927 et
1243 2866 1343 2939 sedern

255 2958 429 3037 reposcendi
442 2966 580 3036 potestas.
621 2956 728 3019 Recita
741 2957 810 3018 mihi
826 2956 1143 3039 denuosynqrapham.
1306 2981 1309 2986 ⁴

666 3120 931 3185 SYNGRAPHA.

285 3266 380 3315 Athenis
390 3268 415 3314 in
426 3268 564 3330 AEgyptnm,
574 3276 599 3316 ct
608 3283 639 3317 ax
650 3269 756 3331 AEqypto
767 3269 878 3316 menas.

253 3378 376 3451 Auditis,
392 3380 598 3452 Athenienses,
614 3381 803 3454 Athenis,
817 3379 920 3459 inquit,
943 3380 981 3437 in
998 3375 1277 3461 AEgyptuur,‚et
1296 3396 1338 3439 ex

184 3470 186 3474 ’
253 3470 424 3552 AEgypto
450 3473 643 3534 Athenas.
685 3473 875 3553 Dicr‘eliqua.

660 3624 922 3693 SYNGRAPHA.

249 3748 363 3821 incolomi
374 3767 467 3803 reversa
476 3768 534 3802 nare
544 3752 567 3801 iu
578 3752 703 3801 Piraeeum.

248 3864 380 3939 iudices,
400 3866 492 3927 facilis
518 3866 636 3933 omnino
659 3867 733 3931 ratio
746 3868 826 3928 vobis
844 3876 891 3927 est
907 3866 992 3942 hujus
1007 3881 1105 3924 cause
1125 3862 1339 3946 dijudicanti„

247 3978 342 4040 neque
355 3958 453 4021 multis
466 3959 559 4020 verbis
576 3968 623 4035 est
636 3979 720 4039 opus.
763 3960 876 4027 Narem
894 3958 971 4017 enim
984 3955 1077 4017 fuisse
1096 3968 1297 4027 conservatam
1308 3968 1339 4019 et

236 4072 312 4137 esse
332 4051 517 4128 incolumem,
531 4051 618 4117 etiam
636 4050 685 4113 isti
706 4052 762 4134 ipsi
774 4052 967 4114 confitentur:
986 4048 1093 4129 alioqui
1112 4060 1351 4135 nequesurtem·

245 4145 401 4209 redderent
417 4162 638 4205 mensurarum
652 4154 765 4224 partam
779 4135 882 4205 ullam.
924 4142 970 4202 Ac
992 4160 1052 4203 non
1073 4142 1217 4223 perducta
1240 4154 1287 4206 est
1307 4143 1339 4209 iu

243 4237 395 4299 Piraeum.
437 4236 558 4316 Enipeo
571 4255 624 4303 nos
646 4237 804 4301 creditores
826 4236 959 4312 injuriam
978 4232 1104 4295 dicimus
1123 4234 1186 4298 fieri
1199 4236 1343 4309 subimet

242 4347 293 4393 vos
307 4348 488 4401 accusamus,
499 4328 578 4411 quod
592 4329 624 4391 in
636 4328 827 4390 coustitutum
840 4339 1002 4390 mercatum
1011 4345 1072 4392 nou
1086 4328 1242 4409 appulerit
1262 4328 1338 4396 Dis

242 4421 405 4500 synodoru-
418 4432 516 4484 autem
529 4440 695 4518 sepeccare
709 4432 799 4501 negat
812 4431 930 4503 propter
942 4407 1003 4490 hoc„
1013 4417 1125 4501 ipsum:
1143 4419 1335 4507 nequeenim
