2967 4950
217 282 276 341 ess
551 273 771 366 rovenses
798 268 981 333 amorum

217 435 259 498 els
271 433 412 527 praestitis
432 432 468 494 iis
491 453 559 515 qua
579 451 665 516 sequa
682 441 753 491 sont
761 426 874 511 judicio
888 423 1091 507 supersedere,
1105 442 1164 484 non
1178 430 1318 515 verentur

216 514 350 591 vobis'in
369 527 538 588 memoriam
559 510 707 593 revocare,
721 521 746 581 si
766 518 908 599 quidaut
930 526 1130 607 paternoster
1154 534 1214 574 nen
1237 522 1317 572 recte

218 621 297 692 lecit,
311 630 364 681 aut
386 619 442 700 ipsi
465 620 495 679 in
519 636 585 677 eum
606 616 802 693 deliquerunt,
816 630 923 688 meque
942 627 1043 669 secum
1062 607 1177 687 litigare
1194 614 1317 685 cogunt.

219 712 373 786 Utautem
386 720 468 771 certo
481 709 592 783 sciatis,
607 708 671 787 ejus
685 707 727 780 rei
740 723 860 765 caueam
872 723 919 763 me
933 722 993 765 non
1006 720 1082 775 esse,
1096 702 1149 763 sed
1162 700 1242 771 istos,
1256 719 1318 765 rem

218 823 336 865 omnem
348 796 386 863 ab
400 802 485 862 initio
496 802 589 872 vobis,
601 818 689 878 quam
702 808 805 877 potero
818 795 997 867 brevissime,
1012 794 1176 873 explicabo.

260 900 289 954 2.
313 895 415 954 Mater
429 913 504 966 mea,
521 886 656 964 Judices,
668 890 730 950 fitia
745 888 802 948 tuit
815 886 965 967 Polyarati
979 885 1199 963 Cholargensis,
1215 882 1322 942 Mene*

219 988 297 1060 xeni,
314 974 444 1065 Bathylli
458 994 489 1046 et
503 984 655 1044 Periandri
676 1000 768 1045 soror.
810 980 885 1039 Cum
904 998 973 1039 vero
991 988 1076 1057 pater
1098 996 1162 1037 eam
1184 976 1322 1036 Cleome-

221 1080 304 1140 donti
314 1078 433 1139 Cleonis
453 1078 511 1138 filio
525 1075 744 1157 despondisset,
758 1083 788 1133 et
802 1073 944 1132 talentum
960 1070 1057 1130 dotem
1073 1070 1248 1143 addidisset,
1261 1068 1321 1149 pri-

105 1166 109 1179 “
221 1191 301 1234 mum
314 1171 377 1250 ejus
394 1168 613 1241 materfamilias
632 1168 705 1228 suit:
734 1167 811 1226 natis
830 1175 927 1225 autem
938 1163 1066 1224 eitribus
1078 1163 1203 1249 filiabus,
1214 1172 1246 1223 et
1261 1181 1322 1221 uno

220 1263 281 1325 lilio
296 1263 418 1335 Cleooe,
430 1262 594 1340 maritoque
605 1258 879 1341 posteadefuncto,
890 1256 1012 1317 deserta
1025 1254 1145 1316 familia,
1155 1263 1186 1314 et
1204 1262 1325 1332 recepta

220 1354 300 1427 dote,
314 1360 416 1415 rursus
429 1373 495 1429 earn
509 1352 695 1413 elucentibus
709 1351 848 1411 iratribus
862 1348 1029 1427 Menexeno
1038 1356 1069 1407 et
1077 1346 1323 1427 bathyllo-narn

119 1466 126 1473 ·
222 1435 393 1517 Periander
405 1465 478 1525 puer
502 1430 600 1505 adbuc
623 1451 757 1505 erat-et
776 1443 918 1503 talentum
938 1439 1126 1512 addentibus,
1141 1441 1242 1519 nupsit
1255 1459 1324 1499 meo

222 1540 306 1617 patri.
349 1539 473 1619 Egoque
497 1548 584 1598 natus
608 1538 649 1599 eis
670 1545 794 1607 sum,et
809 1534 883 1595 alius
897 1534 987 1607 frater
1011 1554 1056 1593 me
1076 1532 1176 1613 junior
1188 1534 1238 1613 qui
1252 1550 1325 1613 puer

221 1633 306 1694 obiit.
341 1635 382 1695 Ut
397 1643 495 1693 autern
512 1642 628 1694 constet
647 1652 694 1692 me
711 1632 777 1691 haec
794 1648 861 1689 vere
881 1628 989 1700 dicere,
1003 1626 1128 1707 primum
1148 1638 1238 1688 testes
1259 1646 1327 1707 pro·

224 1724 341 1786 ducam.
1153 1727 1159 1747 ¹

694 1935 858 1995 TESTES.

226 2077 354 2151 Matrem
367 2078 455 2156 igitur
469 2062 565 2139 meam
577 2086 661 2158 pater
675 2098 760 2138 meus
775 2078 816 2139 ite
834 2079 951 2139 ductam
965 2098 1084 2139 uxorem
1104 2077 1183 2139 domi
1197 2096 1260 2136 suae
1274 2076 1328 2137 lra-

121 2225 124 2231 .
225 2170 299 2241 buit,
318 2189 425 2249 meque
449 2180 479 2231 et
502 2171 609 2230 erudiit
630 2182 661 2230 et
683 2171 794 2243 dilexit,
817 2171 1067 2249 quemadmodum
1090 2179 1120 2230 et
1144 2188 1197 2228 vos
1225 2188 1330 2229 omnes

227 2273 339 2320 vestros
354 2262 461 2321 liberos
480 2262 619 2341 diligitis:
640 2282 709 2323 eum
721 2270 814 2322 matre
828 2272 929 2335 autem
948 2264 1069 2323 istorum
1084 2262 1236 2342 Plangone
1255 2281 1330 2321 con-

224 2353 412 2413 suetudinem
435 2353 549 2427 habuit,
563 2372 738 2433 quocunque
759 2352 983 2434 modo-neque
1002 2354 1079 2413 enim
1101 2355 1158 2414 hoc
1182 2352 1330 2432 explicare
1438 2362 1440 2369 '
1465 2322 1466 2339 Χ

227 2463 324 2505 meum
334 2455 433 2520 esta-5
441 2465 537 2526 neque
544 2456 644 2507 tamen
656 2465 692 2523 eo
701 2464 795 2526 usque
806 2448 960 2528 cupiditati
974 2446 1140 2521 succubuit,
1150 2455 1184 2506 ut
1193 2465 1270 2515 eam,
1280 2446 1331 2507 vel

228 2546 344 2596 mortua
362 2548 466 2612 matre,
479 2538 509 2598 in
524 2536 604 2597 redes
628 2538 666 2598 ad
689 2556 720 2623 se
736 2539 863 2618 recipere
877 2540 1013 2618 dignatus
1032 2540 1129 2610 fuerit,
1143 2547 1195 2598 aut
1209 2538 1332 2600 credere

227 2628 353 2689 voluerit
372 2629 448 2691 istos
470 2649 507 2692 ex
531 2650 564 2689 se
585 2649 650 2692 esse
674 2630 769 2690 natos.
788 2630 940 2710 ‘Reliqua
961 2631 1049 2712 igitur
1068 2642 1199 2710 tempore
1221 2629 1333 2690 isti'ita
1425 2621 1428 2625 ’

228 2720 365 2785 vivebant
384 2735 419 2785 ut
435 2727 486 2804 qui
498 2725 589 2804 petris
603 2725 661 2784 mei
673 2743 735 2784 non
749 2734 868 2799 essent,
879 2736 913 2787 ut
935 2734 967 2785 et
987 2736 1117 2788 vestrum
1129 2723 1262 2803 plerique
1271 2742 1332 2782 ‘noe

229 2825 316 2876 runt:
337 2826 531 2896 posteaquam
544 2826 644 2878 autem
655 2816 713 2876 iste
728 2815 907 2891 adoleverat,
923 2817 1070 2878 officinam
1088 2815 1333 2876 calumniatorum

229 2908 284 2968 sibi
298 2909 432 2982 adscivit,
443 2928 568 2990 quorum
582 2910 643 2970 dux
653 2920 716 2969 erat
726 2909 887 2968 Mnesicles
897 2919 928 2969 et
938 2909 1092 2970 Menecles
1100 2907 1150 2967 ille
1159 2907 1208 2985 qui
1220 2906 1333 2966 Ninum

229 3019 310 3059 ream
321 3001 446 3080 peregit,
460 3003 577 3078 illisque
586 3002 720 3077 patronis
733 3001 810 3079 patri
824 3019 890 3070 meo
901 3000 979 3065 diem
988 3001 1073 3074 dixit,
1084 3000 1148 3079 ejus
1163 3016 1229 3060 esre
1239 2998 1333 3058 filium

228 3111 261 3152 se
273 3111 421 3152 assereus.
463 3091 540 3149 Cum
554 3100 652 3150 autem
665 3091 712 3150 hie
726 3091 867 3150 derebus
882 3110 960 3172 saepe
973 3092 1195 3163 conveniretur,
1209 3098 1241 3153 et
1249 3102 1334 3170 pater

208 3197 211 3209 '
230 3183 285 3244 sibi
297 3185 380 3244 nulla
391 3184 503 3252 ratione
515 3201 691 3262 persuasum
703 3182 739 3240 iri
753 3182 865 3242 diceret
882 3183 955 3242 istos
970 3203 1006 3243 ex
1021 3203 1060 3244 se·
1074 3203 1139 3244 esse
1153 3192 1252 3253 natos,
1267 3194 1334 3242 tan-

231 3276 301 3334 dem
310 3277 434 3355 Plaogo,
441 3277 462 3335 J
464 3275 712 3348 udices,-omnis
721 3275 799 3332 enim
813 3273 891 3353 apud
904 3295 958 3335 vos
972 3274 1087 3334 dicetur
1097 3275 1256 3347 νοτίαις-ψ,
1268 3292 1333 3335 curo

232 3365 373 3426 Meneole
385 3376 497 3445 patrem
511 3385 610 3425 meum
622 3384 661 3424 ex
672 3362 784 3426 insidiis
796 3383 947 3444 aggressa,
959 3365 1159 3444 jurejurando,
1174 3366 1252 3444 quod
1273 3386 1335 3437 ma·

215 3460 343 3518 'fimum
366 3468 397 3517 et
414 3457 630 3518 sanctissimum
648 3457 728 3540 apud
746 3477 848 3518 omnes
865 3458 999 3529 habetur,
1016 3458 1145 3537 decepit,
1157 3458 1291 3536 pollicita
1304 3479 1336 3518 se

232 3551 352 3629 triginta
373 3549 461 3608 minis
484 3550 625 3635 acceptis,
640 3549 716 3609 filios
734 3549 874 3610 fratribus
894 3550 954 3609 suis
977 3550 1164 3629 adoptandos
1177 3551 1336 3622 daturam

232 3642 348 3721 quodsi
362 3652 476 3721 epatre
490 3643 529 3702 ad
543 3642 683 3702 arbitrum
696 3650 849 3702 vocaretur
867 3653 902 3700 ut
910 3643 1033 3721 juraret,
1047 3643 1123 3702 lilios
1136 3661 1174 3702 ex
1188 3643 1256 3722 ipso
1271 3661 1337 3704 esee

233 3744 329 3806 natos,
357 3755 389 3795 se
408 3753 475 3794 eam
498 3735 693 3795 conditionem
709 3754 770 3795 non
789 3744 995 3814 accepturam:
1014 3731 1071 3794 nis
1086 3735 1164 3795 enim
1185 3735 1228 3794 ita
1241 3735 1338 3807 factis,

233 3845 331 3907 neque
343 3827 417 3888 istos
437 3829 555 3888 civitate
563 3829 738 3908 privandos,
753 3846 850 3906 neque
864 3829 940 3907 patri
954 3847 1042 3908 porro
1055 3828 1195 3890 molestos
1207 3827 1336 3900 tuturos,

223 3916 459 4000 'jurejurandoa
479 3931 573 3982 matre
592 3921 724 4000 ipsorum
744 3941 804 3980 non
826 3931 957 4000 recepto.
1000 3909 1240 3993 His‘concessis,
1266 3922 1337 3999 quid

233 4012 317 4073 vobis
342 4011 436 4072 multa
457 4013 577 4074 dicerni
611 4016 652 4076 Ut
670 4014 749 4074 enim
769 4014 808 4074 ad
829 4014 970 4073 arbitrum
983 4015 1073 4088 venit,
1088 4014 1231 4094 neglectis
1244 4016 1339 4094 pactis

233 4108 371 4168 omnibus
384 4107 510 4187 Plango,
520 4118 551 4171 et
563 4109 761 4177 conditionem
777 4108 925 4186 accipitet
936 4108 968 4166 in
983 4107 1141 4188 Delphiuio
1155 4109 1237 4187 jurat
1258 4109 1337 4171 aliud

229 4199 437 4279 jusjurandum
450 4199 541 4280 priori
556 4195 747 4272 contrerium,
761 4209 795 4258 ut
807 4209 840 4258 et
851 4209 980 4260 vestrum
994 4201 1125 4279 plerique
1138 4210 1263 4260 norunt:
1291 4219 1337 4260 res

233 4291 312 4350 enim
333 4293 482 4360 celebrata
500 4303 556 4351 est.
598 4291 648 4352 Sic
665 4303 750 4370 pater
770 4309 854 4352 meus
869 4303 988 4372 propter
1002 4312 1087 4354 suam
1100 4287 1338 4372 provocationem

157 4392 162 4404 ⁴
237 4381 386 4444 arbitrium
394 4379 614 4470 'ratum'haltcre
628 4379 980 4465 coactus,'indignabatur
994 4397 1025 4447 et
1041 4405 1104 4448 rem
1120 4387 1246 4466 graviter
1264 4387 1336 4448 lere-
