2967 4950
371 320 415 380 ΙΝ
422 322 647 384 'EVERGUM
671 324 721 384 ET
741 324 1029 387 MNESIBULUM.
1188 330 1246 388 scr

190 479 239 541 lc.
261 477 317 539 His
330 498 388 560 ego
402 498 438 540 ex
450 479 656 559 jureconsultis
671 481 790 555 auditis,
808 491 839 543 et
855 482 992 563 inspectis
1010 446 1157 543 Draconis
1176 481 1248 561 legi-

30 590 37 607 ·
142 572 202 632 bus
216 572 245 631 in
258 572 329 652 pila,
345 591 415 632 cum
428 570 529 633 amicis
545 572 740 635 deliberabam
755 574 896 652 quidnam
912 585 990 636 esset
1003 575 1159 655 agendum.
1188 576 1248 644 Qui

143 684 213 725 cum
235 664 406 739 suaderent,
418 674 452 724 ut
472 674 503 725 et
523 684 559 725 ea
583 684 649 743 quse
664 666 702 725 ad
722 666 918 746 expiationem
937 668 1046 728 sedium
1069 667 1249 747 pertinerent

143 766 177 817 et
193 766 304 818 caetera
327 758 453 818 lacerem
476 778 543 838 qum
558 757 753 837 jureconsulti
774 758 844 838 mihi
862 760 1093 840 respondissent,
1107 761 1149 821 ita
1174 761 1247 821 feci:

140 847 180 909 iis
203 869 274 911 vero
303 850 340 910 de
369 852 467 923 rebus,
481 870 548 929 quae
571 850 641 908 mihi
660 870 747 930 porro
766 852 881 932 legibus
900 873 960 912 ncn
982 852 1120 925 licebant,
1140 852 1247 936 quiesi.

142 942 242 1001 Jubet
268 942 344 1002 enirn
372 942 432 1017 lex,
452 942 584 1027 Judices,
605 951 639 1001 ut
657 944 775 1023 cognati
798 945 895 1005 caedes
918 958 1130 1026 persequantur
1153 938 1248 1025 usque

145 1034 189 1094 ad
212 1036 363 1096 schrincs:
386 1046 416 1095 et
433 1035 462 1093 in
481 1035 670 1119 jurejurando
689 1044 821 1110 cavetur,
837 1037 954 1111 debere,
977 1038 1002 1097 si
1022 1039 1070 1098 rel
1087 1059 1187 1099 servus
1211 1038 1249 1099 sit
1313 1073 1321 1083 .

145 1128 331 1203 interfectus,
349 1128 406 1189 hos
427 1128 546 1188 eosdem
565 1129 675 1189 cadem
698 1132 845 1209 persequi·
887 1130 962 1190 Mihi
987 1151 1059 1192 vero.
1080 1146 1177 1213 neque·
1197 1151 1249 1211 ge-

142 1241 215 1282 nere
228 1221 388 1303 quicquam
402 1223 561 1303 conjuncta
574 1233 637 1282 erat
647 1219 758 1295 mulier,
769 1223 825 1282 nisi
837 1234 983 1303 quatenus
997 1225 1093 1283 nutrix
1107 1246 1172 1286 mea
1184 1224 1248 1286 fue·

142 1324 210 1391 rat,¹
222 1335 321 1395 neque
336 1315 423 1375 etiam
443 1314 564 1375 ancilla:
586 1317 767 1377 manumissa
788 1318 865 1377 enim
880 1337 898 1376 a
913 1326 995 1396 patre
1013 1336 1080 1376 meo
1097 1318 1249 1388 lucrator

143 1408 268 1467 seorsim
281 1407 438 1480 habitarat,
452 1419 482 1467 et
497 1408 629 1467 maritum
648 1408 802 1469 habuerat.
842 1409 964 1469 Mentiri
979 1418 1076 1467 autem
1097 1410 1177 1489 apud
1198 1430 1248 1469 vos

142 1511 173 1559 et
188 1501 254 1580 ipse
273 1499 340 1561 loco
353 1500 404 1559 filii
417 1510 448 1559 et
462 1501 562 1561 uxoris
573 1501 670 1581 jurare
685 1521 746 1561 non
766 1520 855 1561 ausus
875 1521 982 1574 essem,
997 1522 1035 1561 ne
1053 1512 1115 1561 tum
1128 1502 1247 1586 quidem

142 1593 167 1653 si
192 1601 275 1653 certo
298 1592 418 1653 scissem
434 1612 481 1653 me
496 1592 569 1653 istos
594 1604 781 1673 peracturum
804 1615 869 1654 esse
889 1614 974 1654 reos:
995 1596 1248 1675 nequeenimecs

142 1695 262 1759 tantum
286 1687 346 1756 odi,
363 1697 504 1765 quantum
518 1687 660 1766 meipsum
675 1686 777 1766 diligo.
819 1688 865 1747 Ne
877 1697 977 1747 autem
990 1690 1079 1749 verba
1092 1709 1159 1750 mea
1171 1688 1249 1749 don-

143 1790 228 1841 taxat
243 1778 383 1854 audiatis,
396 1779 463 1861 ipsa
473 1780 556 1841 robis
571 1780 618 1841 lex
632 1779 810 1841 recitabitur.

616 1950 617 1957 Ν
655 1997 749 2057 unx.

185 2142 238 2199 20.
261 2138 325 2199 Etsi
339 2148 434 2200 autem
448 2159 510 2213 vos,
524 2139 658 2210 Judices,
678 2160 695 2198 e
713 2140 813 2199 multis
831 2141 924 2220 signis
940 2138 1161 2220 deprehendere
1174 2150 1257 2219 puto

144 2234 255 2295 falsum
270 2254 336 2293 esse
351 2233 559 2305 testimonium,
580 2232 609 2293 id
634 2242 734 2293 tamen
755 2254 792 2294 ex
813 2254 914 2293 eorum
937 2234 1022 2293 factis
1037 2234 1084 2293 vel
1103 2234 1133 2293 in
1149 2232 1247 2312 primis

144 2326 397 2387 animadvertitur.
438 2326 493 2385 Isti
507 2327 660 2405 putabant,
674 2325 810 2398 Judices,
825 2348 881 2399 me,
892 2328 916 2386 si
930 2327 1023 2386 multa
1036 2327 1106 2386 mihi
1120 2326 1248 2405 'pignora

144 2419 347 2493 abstulissent,
362 2418 467 2499 cupide
490 2418 679 2479 liberaturum
701 2424 790 2480 testes
812 2419 876 2479 falsi
901 2419 1056 2480 testimonii
1074 2418 1199 2492 actione,
1215 2428 1248 2478 ut

142 2513 270 2593 pignora
284 2531 505 2592 recuperaremz
536 2530 659 2589 cumque
681 2531 748 2570 eum
763 2530 896 2592 rogarem
914 2523 947 2571 ut
961 2513 1038 2573 diem
1057 2511 1128 2571 mihi
1145 2531 1247 2593 proro-

143 2613 241 2686 garet,
255 2604 348 2664 libens
363 2605 489 2685 accepit,
503 2613 535 2664 ut
554 2604 578 2664 si
596 2603 755 2664 constituto
768 2614 898 2684 tempore
919 2625 979 2665 non
998 2605 1162 2679 scivissem,
1173 2603 1247 2684 ‘plu-

143 2697 220 2758 rima
233 2715 272 2756 ex
286 2696 399 2757 mdibus
413 2697 485 2758 meis
501 2706 685 2778 exportaret3
707 2707 919 2777 proptereaque
932 2698 1059 2778 ingenue
1073 2709 1103 2759 et
1116 2707 1248 2778 pmmpte

144 2789 305 2861 concessit,
321 2799 355 2849 ut
367 2789 440 2865 fides
455 2789 515 2849 suis
529 2790 684 2850 haberetur
696 2810 751 2850 nec
762 2789 876 2849 insidiae
890 2792 1083 2869 patefierent:
1105 2811 1160 2851 nec
1169 2791 1248 2850 enim

145 2882 233 2944 aliter
247 2881 309 2942 lieri
321 2901 409 2962 posse
423 2881 616 2954 existimabat,
632 2891 665 2942 ut
678 2893 769 2943 testes
791 2881 906 2944 actione
923 2883 991 2942 falsi
1003 2883 1161 2943 testimonii
1174 2882 1247 2942 libe·

142 2984 291 3048 rarentur,
302 2993 390 3054 quam
404 2975 428 3034 si
443 2993 489 3051 me
502 2974 674 3054 decepisset,
688 2985 717 3034 et
732 2995 806 3035 ame
816 2974 964 3035 addictam
977 2975 1054 3035 diem
1067 2976 1179 3035 mulcta
1187 2993 1247 3040 uon

145 3067 248 3128 soluta
261 3085 347 3147 quam
360 3067 485 3147 plurima
505 3077 693 3148 asportasset.
735 3067 805 3126 Non
826 3068 904 3128 enim
927 3088 958 3126 se
982 3067 1126 3128 tantillum
1146 3067 1246 3126 inven-

145 3170 245 3220 turum
267 3168 393 3239 putarat,
405 3168 547 3239 quantum
564 3161 759 3232 abstulerunt,
773 3145 926 3240 sedlcnge
941 3161 1033 3240 plura.
1076 3161 1121 3219 Ac
1136 3159 1247 3239 reliquc

144 3263 278 3332 ternpore
291 3252 471 3333 exspectarit
485 3262 622 3331 tanquam
647 3251 779 3312 celeriter
802 3253 828 3311 ei
849 3253 1004 3333 pecuniam
1018 3252 1185 3313 redditurus
1199 3272 1247 3313 es-

80 3419 82 3424 ,
143 3367 219 3420 sem,
234 3355 267 3406 ut
281 3349 336 3406 sub
349 3347 441 3427 ipsam
456 3346 523 3408 falsi
537 3346 691 3406 testimonii
707 3345 852 3406 actionem
872 3348 995 3427 pignora
1008 3357 1143 3427 caperet:
1164 3356 1246 3426 pcst·

142 3461 235 3520 quam
250 3451 348 3500 autem
361 3442 387 3500 ei
397 3442 479 3520 parui
493 3447 523 3500 et
534 3440 675 3502 mulctam
690 3439 784 3511 attuli,
797 3460 861 3500 eam
873 3462 932 3503 non
946 3441 1066 3521 recepit,
1080 3442 1133 3501 sed
1147 3461 1246 3520 egres·

27 3545 31 3554 '
73 3592 78 3602 ,
142 3553 195 3594 sus
219 3533 501 3614 supellectilia'mea
524 3545 554 3594 et
576 3552 673 3592 servos
691 3542 721 3593 et
738 3552 808 3592 oves
825 3535 952 3594 abstulit.
995 3523 1189 3594 Cclc'autem
1207 3531 1245 3592 ad

144 3626 268 3686 Circum
290 3636 463 3706 equestrem,
476 3635 510 3685 ut
533 3645 599 3686 eum
620 3624 723 3705 procul
743 3626 784 3685 ire
809 3645 932 3687 necesse
953 3625 1126 3686 confuerit.
1168 3625 1246 3684 Haec

143 3733 215 3779 rere
230 3738 248 3778 a
261 3738 308 3778 me
324 3717 392 3790 dici,
407 3737 516 3808 magno
530 3718 613 3779 rcbis
631 3718 706 3778 illud
727 3728 900 3798 argumento
922 3720 976 3778 sit:
999 3719 1079 3798 qucd
1094 3717 1246 3797 po'stridie,

142 3831 235 3893 quam
245 3811 370 3891 pignora
385 3821 514 3891 ceperat,
528 3812 668 3892 mulctam
683 3804 1010 3890 accepit-enimvero,
1021 3811 1077 3871 nisi
1084 3817 1148 3888 jam
1160 3821 1248 3871 antea
1277 3833 1283 3842 ·

142 3895 301 3966 collectam
319 3903 499 3977 habuissem,
514 3904 683 3984 quistatim
703 3923 859 3965 numerare
872 3901 953 3963 mille
967 3913 1114 3965 trecentas
1127 3904 1248 3985 triginta
1285 3958 1288 3964 ,

142 4009 206 4061 tres
219 3999 374 4060 drachmas
389 3998 464 4059 duos
484 3999 587 4060 chclos
606 3998 862 4079 potuisseml-et
881 4000 1007 4080 pignora
1024 4001 1093 4062 mihi
1107 4022 1166 4062 ncn
1180 4001 1247 4061 red-

143 4093 230 4169 didit,
245 4093 299 4154 sed
323 4092 481 4154 anum
497 4113 534 4154 ea
554 4101 636 4153 tenet
649 4101 682 4151 ut
703 4092 831 4172 ejusqui
849 4093 888 4153 ad
900 4093 1101 4154 diem'dictam
1114 4113 1173 4154 non
1188 4091 1247 4152 sol·

142 4187 247 4248 verim.
289 4185 331 4246 Ut
350 4197 447 4248 autem
461 4195 577 4248 constet
590 4205 636 4246 me
651 4185 689 4244 ad
705 4185 813 4246 dictam
832 4186 954 4247 solvisse
968 4187 1056 4260 diem,
1074 4187 1165 4246 recita
1177 4183 1247 4244 mihi

143 4278 345 4340 testimonium
365 4288 395 4338 et
405 4277 514 4358 legem,
533 4297 600 4359 quae
609 4277 696 4358 jubet
708 4295 744 4338 ea
762 4288 826 4337 rata
839 4294 916 4352 esse,
929 4298 995 4358 quae
1009 4279 1083 4338 alius
1104 4297 1169 4338 cum
1187 4277 1262 4337 alio.
1324 4284 1326 4288 '

142 4371 308 4454 pepigerit:
331 4371 453 4452 proinde
467 4371 537 4434 nihil
551 4371 653 4452 utique
666 4369 704 4432 de
714 4372 833 4452 mejam
847 4371 929 4454 queri
939 4372 1041 4452 potuit

900 4496 910 4528 i
