2967 4950
500 296 546 358 ur
565 296 900 361 crnsrrnoursn.
1037 317 1041 326 ·
1169 387 1171 392 Ι
1213 301 1251 360 sa

153 445 243 510 homo
256 451 481 529 procacissimus
495 462 535 525 et,
550 463 584 512 ut
596 453 665 512 mihi
679 450 842 523 videbatur,
857 451 950 510 omnis
964 450 1104 530 doctrinas
1124 449 1253 511 liberalis

154 561 269 620 expers,
283 541 416 602 fortassis
429 545 516 604 etiam
530 564 549 604 a
562 545 620 604 deo
633 545 730 623 aliquo
745 545 818 606 irato
832 543 861 602 in
884 544 959 603 hanc
976 543 1132 602 amentiam
1146 543 1251 622 impul-

142 653 218 712 sus,
252 636 421 709 omnino,
448 637 481 695 si
519 638 745 715 saperetis,
780 629 886 714 inquit,
921 654 991 696 vos
1029 635 1170 708 Graeci,
1208 656 1253 695 ne

155 727 479 808 nomenquidem
514 729 825 789 Atheniensium
853 727 915 788 his
950 729 1098 788 diebus
1132 729 1251 788 nomi·

154 822 325 893 naretis,
350 822 419 881 sed
441 842 507 882 eos
526 833 700 900 tanquam
723 821 871 901 impios
895 834 930 880 et
951 821 1251 904 contaminatos

154 915 305 994 templo
333 914 631 974 exturbaretis.
681 914 720 972 Et
740 914 826 972 simul
852 913 1048 992 Phocensium
1071 914 1251 984 societatem,

153 1027 243 1086 quam
259 1007 405 1086 Crobylus
418 1007 466 1066 ille
481 1017 623 1078 suaserat,
637 1007 895 1076 commemorabat,
911 1007 1062 1084 multaque
1076 1007 1133 1066 alia
1147 1009 1253 1084 acerba

144 1109 184 1171 ¹et
206 1099 311 1158 odiosa
333 1099 531 1159 inuisitatem
552 1110 682 1161 nostram
704 1097 905 1177 expromebat,
932 1119 967 1157 ea
986 1119 1164 1177 percenseas
1187 1119 1252 1178 quae

152 1212 250 1270 neque
263 1203 334 1252 tunc
349 1212 433 1251 aures
454 1212 527 1252 meae
543 1193 685 1252 sustinere
701 1202 846 1270 poterant,
861 1211 954 1270 neque
969 1211 1047 1250 nunc
1065 1193 1203 1252 memoria
1216 1193 1251 1251 li-

141 1286 257 1349 ‚benter
270 1285 376 1344 excito.
409 1284 556 1344 Ceterum
579 1285 624 1343 his
643 1285 761 1356 auditis,
775 1294 858 1344 tanta
875 1304 931 1362 ego
954 1285 997 1342 ira
1020 1286 1125 1356 exarsi,
1140 1295 1251 1364 quanta

152 1397 304 1456 nunquam
319 1377 392 1436 alias
406 1397 458 1456 per
475 1387 571 1437 totum
585 1378 651 1436 vitae
670 1396 742 1435 meae
767 1397 894 1438 cursum.
932 1379 1032 1456 Atque
1054 1377 1112 1435 alia
1133 1378 1249 1455 quidem

151 1487 219 1548 quae
233 1478 295 1528 tum
308 1469 426 1528 locutus
436 1488 501 1527 sum
514 1470 755 1548 praetermittam:
778 1488 877 1528 verum
901 1469 930 1527 in
946 1479 1072 1529 mentem
1088 1468 1157 1528 mihi
1171 1470 1251 1528 venit

151 1560 407 1640 Amphissensium
428 1562 460 1620 in
485 1573 591 1622 terram
615 1579 736 1640 sacram
757 1560 914 1639 impietatis
939 1562 1038 1622 facere
1058 1549 1249 1632 mentionem,

138 1672 233 1732 ‘quom
243 1655 459 1714 terrameodem
472 1653 622 1732 evestigio
631 1654 662 1712 in
675 1673 733 1732 quo
746 1654 915 1713 insistebam
929 1653 1191 1733 Amphictyonibus
1205 1657 1250 1714 in-

151 1745 297 1807 dicabam.
336 1747 414 1806 Nam
428 1765 550 1826 campus
569 1739 717 1806 Girrhoens
731 1747 841 1825 templo
857 1749 997 1822 subjacet,
1012 1747 1137 1826 indeque
1156 1747 1249 1828 facilis

151 1848 200 1898 est
213 1849 385 1919 conspectu.
407 1839 569 1912 Videtis,
582 1840 712 1918 iuquam,
736 1840 1053 1920 Amphictyones,
1075 1859 1249 1919 campum

150 1933 256 1992 hunc
277 1934 323 1993 ab
344 1932 711 2012 Amphissensibus
734 1932 952 2004 excultum,
968 1933 1066 1990 uidetis
1084 1933 1249 2011 figlinas

151 2035 191 2086 et
211 2025 689 2086 diversoriaexstructa.
722 2025 1063 2086 Cernitisoculis
1089 2044 1248 2106 sacrum

151 2127 193 2177 et
226 2119 480 2179 sceleratum
514 2127 670 2197 portum
713 2119 824 2178 illurn
859 2119 1061 2180 munitum.
1117 2111 1269 2179 Scitis¹
1373 2151 1378 2164 ν

149 2210 246 2290 ipsi,
269 2231 399 2292 neque
426 2211 522 2271 aliis
549 2212 729 2272 testibus
756 2213 901 2290 egetis,
925 2213 1033 2272 istos
1058 2231 1102 2272 ex
1131 2232 1249 2272 sacro

151 2314 274 2384 portu
306 2304 536 2384 vectigalia
563 2307 1064 2385 exigere'peounismque
1092 2323 1248 2384 eogere.

151 2395 246 2470 Simul
256 2398 293 2470 iis
312 2398 361 2458 dei
375 2398 535 2470 oraculum,
548 2403 689 2472 majorum
709 2398 929 2479 jusjurandum,
950 2398 1181 2460 exsecrationem
1204 2400 1249 2458 sa-

148 2500 228 2549 etam
253 2490 370 2567 recitari
393 2491 544 2569 jubebam,
564 2491 734 2569 planissime
755 2500 892 2562 testatus,
919 2512 972 2551 me
995 2512 1066 2570 pro
1084 2492 1249 2570 ,populo

150 2581 412 2657 Atheniensi,
441 2602 514 2663 pro
548 2603 614 2659 me,
641 2602 706 2661 pro
739 2583 890 2641 liberis
924 2583 1120 2663 domoque
1154 2604 1246 2655 mea,

150 2698 193 2738 ex
228 2677 424 2757 majorum
456 2675 740 2755 jurisjurandi
774 2676 1033 2755 proescripto,
1064 2676 1139 2736 deo
1174 2689 1246 2739 ter-

149 2790 279 2849 raeque
320 2788 454 2840 sacros,
491 2768 690 2839 manibus,
732 2767 914 2846 pedibus,
950 2788 1054 2842 voce,
1091 2770 1247 2847 quibus·

148 2860 512 2939 cunque-denique
550 2862 670 2919 rebus
708 2879 882 2938 possem,
912 2880 1023 2939 opem
1050 2862 1170 2933 ferre,
1208 2873 1247 2922 et

149 2955 363 3015 civitatem
400 2962 575 3012 nostram
611 2951 780 3030 piaculo
817 2951 1012 3010 liberare:
1046 2971 1114 3011 vos
1142 2972 1244 3023 vero,

146 3048 269 3124 inquam,
307 3046 424 3106 vobis
461 3044 540 3123 ipsi
575 3043 788 3102 consulite.
845 3042 1128 3103 Csnistrorum
1168 3044 1244 3123 jam

130 3151 277 3220 ‘eoepta
311 3148 357 3199 est
390 3139 675 3205 circumvectio,
709 3135 876 3195 admotae
912 3144 1005 3193 sunt
1041 3136 1244 3195 altaribus
1334 3170 1339 3179 ·

146 3233 304 3303 hostire,
330 3232 432 3291 bona
455 3231 537 3287 tum
556 3227 722 3307 publiea
745 3236 824 3285 tum
851 3228 1056 3305 privata-a
1080 3228 1160 3287 diis
1182 3230 1245 3287 irn-

145 3324 388 3385 mortalibus
424 3322 526 3381 estis
554 3321 735 3399 petituri.
771 3319 984 3378 Vobiscum
1025 3322 1160 3398 itaque
1193 3341 1243 3399 re·

146 3428 307 3499 putate,
332 3436 409 3496 qua
431 3434 539 3486 voce,
567 3433 639 3491 qua
668 3422 802 3485 monte,
830 3412 975 3489 quibus
1002 3405 1139 3482 oeulis,
1163 3415 1245 3488 'qua

147 3511 319 3573 fidentia
344 3508 440 3569 freti
470 3506 796 3586 supplicationes
821 3504 996 3574 facietis,
1023 3502 1057 3562 si
1084 3520 1243 3563 consec-

145 3606 298 3665 leratos
327 3615 366 3664 et
388 3604 486 3662 diris
527 3602 695 3660 devotos
726 3600 898 3659 homiues
934 3598 1081 3658 inultos
1114 3588 1243 3659 dimi't-

144 3698 260 3758 tetis.
282 3699 365 3757 Non
388 3697 486 3757 enirn
510 3698 677 3754 obscure
702 3694 770 3752 sed
794 3692 1056 3771 apertissime
1076 3688 1115 3749 in
1139 3681 1242 3752 exse-

127 3795 326 3851 ·eratione
346 3788 541 3867 scripturn
567 3796 638 3855 est,
661 3787 803 3864 quibus
830 3784 913 3843 sint
936 3782 1138 3841 afficiendi
1160 3804 1242 3863 sup·

129 3884 291 3964 pliciis
317 3894 395 3942 tum
421 3880 631 3957 sacrilegi,
659 3888 737 3936 tum
765 3878 793 3935 ii
820 3876 882 3954 qui
911 3875 1242 3954 impietctcmpermi-

129 3979 289 4050 serint,
313 3996 356 4037 ac
383 3984 587 4056 postrema
611 3968 912 4030 exsecrationis
940 3967 1133 4027 clausula
1160 3979 1240 4027 est:

145 4072 198 4131 Ns
219 4090 308 4131 runs
329 4070 467 4148 inquit
487 4084 636 4127 troanno
652 4066 830 4133 Aconum,
854 4062 986 4132 Drusis,
1007 4061 1161 4132 Leucus,
1178 4062 1243 4120 Mr-

144 4184 267 4226 nsnvs:
292 4182 458 4234 snorrnn,
482 4182 542 4228 our
573 4179 642 4219 non
668 4176 785 4217 smnus
808 4176 1018 4229 sxsesnrnr,
1046 4174 1157 4221 naeus
1184 4175 1241 4216 rrrs

130 4278 265 4320 soson
288 4276 395 4317 sncnn
417 4275 569 4315 acessus
595 4272 712 4314 sunno.

125 4390 128 4395 -
188 4354 238 4411 39.
264 4353 340 4411 Cum
361 4349 541 4416 haec'etalia
562 4345 730 4426 hujusmodi
745 4344 839 4403 multa
853 4344 1002 4414 dixissem,
1024 4344 1099 4403 cessi
1123 4344 1240 4405 tandem

142 4453 265 4525 atque'e
282 4461 427 4504 consessu
447 4441 587 4519 migravh
610 4439 720 4498 clamor
736 4437 816 4497 illico
834 4437 938 4514 ingens
959 4445 989 4494 et
1010 4435 1141 4498 fremitus
1164 4436 1240 4502 inter
