2967 4950
243 237 281 338 aa
562 280 736 340 concas
757 279 1027 341 sinarcumi.

242 433 416 507 intimabam
430 455 482 496 vos
498 436 522 495 si
535 437 604 502 talia
618 439 791 516 probaretis,
807 437 929 496 similem
945 435 1007 496 fore
1019 435 1057 496 de
1070 435 1187 496 ciuitate
1202 425 1346 514 atque'dc

245 527 368 586 dicentis
379 530 564 606 immodestia
578 531 755 610 opinionem.
1260 596 1269 604 ,
1355 515 1360 524 .

286 623 334 678 34.
357 621 391 679 In
403 621 570 696 universum
584 622 721 701 denique,
736 622 942 692 Athenienses,
957 642 1016 681 are
1025 622 1142 681 ‘alienas
1156 621 1348 680 detensiones

210 749 211 754 κ
244 712 437 790 repudiatote',
451 715 575 792 primum
590 715 628 772 ob
633 715 840 793 jusjurandum
853 708 937 791 quod
946 713 1080 784 dedistis,
1093 714 1199 772 deinde
1209 720 1247 771 ue
1258 706 1364 771 falla-'

168 805 171 810 “
244 803 315 861 mini
330 806 366 862 ab
387 805 504 864 homine
518 807 634 866 artifice·
643 805 771 865 dicendi.
794 805 854 864 Sed
867 805 958 884 paulo
975 805 1062 864 altius
1083 806 1221 884 incipiam
1237 805 1363 863 docere·

244 915 305 954 vos.
340 896 568 984 Dempsthenes‚
596 919 662 957 curu
685 897 893 977 patrimonium
919 897 1142 977 absumpsisset,
1170 918 1224 976 per
1250 907 1350 956 totam

243 989 345 1046 urbem
359 990 538 1063 circumibat,
553 1001 586 1049 ut
598 990 723 1070 pupillos
738 991 942 1050 adolescentes
957 991 1061 1049 divites
1073 1001 1248 1049 venaretur:
1271 1007 1350 1068 quo·

228 1095 233 1100 ·
245 1083 308 1137 rum
319 1083 449 1159 patribus
459 1083 617 1155 defunctis,
627 1093 734 1142 matres
746 1083 883 1142 familiam
893 1084 1108 1160 gubernabant.
1131 1081 1235 1140 Multis
1246 1092 1352 1140 autem

244 1172 408 1250 praeteritis,
433 1173 518 1231 unius
540 1175 717 1233 mentionem
738 1174 855 1246 faciam,
877 1193 942 1232 cum
969 1193 1028 1251 quo
1048 1174 1144 1252 inique
1170 1183 1267 1232 actum
1280 1172 1352 1233 est.

246 1263 322 1320 Cum
337 1263 414 1321 enim
433 1264 611 1343 locupletem
628 1265 747 1324 domum
763 1264 975 1342 conspexisset,
990 1284 1057 1342 quac
1072 1283 1131 1322 uon
1144 1274 1223 1322 recte
1238 1263 1353 1340 guber-

244 1355 378 1424 nabatur,
393 1363 426 1414 ut
436 1357 520 1434 cujus
532 1357 593 1414 dux
603 1368 683 1416 esset
693 1357 805 1426 mulier,
819 1357 943 1434 superba
956 1356 1007 1414 illa
1016 1355 1145 1434 quidem,
1157 1356 1210 1414 sed
1224 1355 1354 1414 minime

159 1524 161 1528 Δ
245 1446 377 1518 cordata,
392 1447 564 1506 adolescens
586 1459 683 1508 autern
705 1448 836 1527 pupillus
854 1467 990 1532 vesanus,
1007 1468 1096 1526 opum
1119 1447 1355 1518 administrator,

186 1581 190 1594 .
247 1537 437 1596 Aristarchus
451 1539 627 1613 MoschiF„
641 1540 727 1619 hujus
740 1561 772 1598 se
783 1550 942 1599 amatorem
956 1559 1022 1598 esse
1036 1539 1202 1598 simulavit:
1217 1539 1255 1596 ad
1265 1550 1357 1596 eam*
1369 1556 1373 1564 ’

246 1650 303 1707 que
318 1629 474 1708 amicitiam
484 1629 702 1714 adolescentem
716 1633 858 1704 invitavit,
868 1642 899 1691 et
910 1651 987 1690 vana
997 1652 1049 1710 spe
1060 1631 1180 1703 inflavit,
1194 1631 1358 1708 pollicens,

246 1734 324 1790 eum,
340 1721 418 1799 quod
433 1721 471 1780 ad
486 1721 681 1799 eloquentiam
699 1723 845 1789 attineret,
859 1724 940 1780 brevi
955 1733 1103 1780 oratorum
1121 1722 1281 1801 principem
1303 1723 1358 1782 fu-

247 1822 354 1872 turum.
385 1813 497 1872 Talium
519 1823 617 1872 autem
636 1812 662 1872 ei
676 1832 796 1892 operum
815 1822 917 1871 auctor
930 1822 962 1871 et
974 1815 1112 1892 magister
1124 1814 1220 1872 factus
1234 1824 1290 1884 cst,
1315 1817 1359 1875 ob

247 1925 313 1984 quae
329 1916 360 1964 et
372 1906 421 1965 ille
444 1906 538 1984 patria
558 1906 684 1978 exsulat,
698 1915 728 1965 et
742 1907 797 1964 iste
810 1905 902 1964 tribus
916 1925 982 1964 eum
996 1905 1113 1964 talentis
1128 1906 1222 1965 exsilii
1241 1906 1358 1968 viatico

249 1997 398 2077 spoliavit:
421 2007 451 2055 et
473 1997 653 2056 Nicodamus
672 1997 855 2076 Aphidnaeus
869 1997 998 2069 violenta
1011 2008 1102 2056 morte
1124 2000 1160 2057 ab
1178 1998 1358 2058 Aristarcho

248 2090 387 2152 occubuit
402 2090 488 2148 miser
506 2092 632 2150 exsectis
651 2092 738 2150 etiam
759 2090 850 2149 oculis
872 2091 1025 2160 ambobus,
1043 2101 1075 2150 et
1095 2091 1196 2170 lingua
1212 2093 1358 2169 praecisa,

247 2204 307 2262 qua
327 2183 418 2241 libere
436 2184 553 2241 locutus
578 2183 683 2252 fuerat,
699 2183 814 2262 legibus
835 2183 926 2242 fretus
943 2192 973 2240 et
986 2184 1078 2241 vobis.
1098 2183 1153 2246 ¹Et
1164 2203 1228 2252 vos,
1251 2184 1358 2244 Athe·

246 2275 377 2346 nienses,
399 2262 547 2332 Socratem
563 2275 724 2352 sapientem
741 2274 821 2332 illum
841 2274 1008 2346 occidistis,
1021 2275 1100 2352 quod
1123 2274 1242 2332 Critiam
1264 2275 1358 2335 insti·

248 2367 363 2438 tuisset,
377 2385 469 2424 unum
492 2381 580 2424 xxx.
594 2366 732 2435 virorum,
748 2367 798 2444 qui
820 2366 962 2453 populum
983 2357 1214 2446 oppresserunt:
1233 2367 1358 2428 Demo·

249 2459 360 2519 athenis
383 2467 480 2517 autem
494 2457 639 2537 precibus,
659 2457 761 2535 quiah
779 2457 944 2517 hominibus
964 2445 1090 2517 indoctis
1111 2468 1142 2517 et
1158 2458 1359 2537 popularibus

247 2562 367 2632 propter
381 2551 576 2629 oequalitatem
588 2551 660 2627 juris
680 2560 777 2609 tantas
789 2571 892 2629 poenas
911 2551 1007 2620 sumit,
1027 2551 1234 2610 ¹condonabitis
1252 2554 1360 2613 aliosi

250 2643 403 2721 Ad'quem
424 2642 614 2712 audiendum,
635 2652 739 2719 rogatu
761 2643 834 2721 ejus,
853 2642 971 2720 quidam
993 2642 1197 2701 adolescentes
1216 2644 1358 2707 veniunt,

250 2734 411 2793 Pollicetur
424 2733 498 2791 enirn
522 2734 575 2803 eis,
592 2743 706 2812 quaestu
724 2735 755 2791 in
778 2744 904 2793 vestram
920 2734 1050 2793 fraudem
1073 2734 1216 2806 instituto,
1238 2745 1274 2793 ut
1294 2733 1358 2816 ego

251 2826 352 2897 audio,
363 2845 395 2907 se
408 2826 532 2891 occultis
546 2826 675 2885 artificiis
690 2837 869 2885 mutaturum
886 2838 916 2891 et
929 2846 1049 2886 causam
1063 2837 1093 2886 et
1107 2828 1358 2889 auscultationem

250 2929 388 2990 vestram,
403 2914 490 2996 atque
505 2916 690 2988 effectu-rum,
699 2918 749 2977 ubi
761 2918 824 2997 ipse
835 2919 984 2997 prodierit,
997 2929 1071 2977 utet
1084 2939 1150 2977 reus
1160 2920 1240 2978 bono
1255 2921 1359 2982 animo

252 3013 299 3087 sit,
314 3022 344 3071 et
358 3022 512 3071 accusator
533 3011 718 3089 percellatur,
743 3020 775 3069 et
789 3011 827 3069 de
848 3031 880 3074 se
893 3010 957 3088 ipso
978 3011 1066 3071 sitin
1084 3021 1181 3070 metu:
1201 3021 1232 3070 et
1253 3022 1300 3072 tot
1323 3034 1359 3074 ac

251 3102 349 3163 mutos
371 3103 515 3163 tumultus
542 3103 725 3183 ajudicihus
748 3111 946 3174 evocaturum,
967 3105 1039 3162 meis
1061 3104 1253 3163 concionibus
1274 3108 1360 3167 inse-

145 3234 148 3241 ,
252 3196 362 3268 tendis,
377 3206 407 3255 et
419 3215 492 3275 pace
505 3213 559 3273 per
573 3215 620 3284 me
634 3204 664 3253 et
684 3194 882 3253 Philocratem
901 3194 979 3253 facta
995 3194 1249 3273 reprehendenda,
1270 3208 1306 3257 ut
1320 3221 1360 3259 nc

252 3288 283 3345 in
293 3279 438 3368 judicium
458 3287 581 3366 quidem.
597 3296 738 3345 venturus
754 3285 809 3343 sim
830 3286 940 3344 admei
954 3285 1163 3359 defensionem,
1178 3306 1248 3345 cum
1267 3291 1360 3350 obitas

253 3378 410 3457 legationis
423 3379 551 3437 rationes
565 3378 724 3437 reddendae
739 3377 808 3436 mihi
823 3386 926 3444 erunt:
947 3378 1000 3437 sed
1014 3378 1191 3437 mediocrem
1212 3372 1360 3442 mulctam

254 3472 473 3555 aequi'bonique
493 3472 637 3544 facturus,
651 3471 738 3529 modo
756 3492 793 3530 ne
813 3470 917 3550 capitis
936 3471 1123 3530 condemner.
1152 3472 1247 3557 Nullo
1267 3475 1359 3553 igitur

253 3574 352 3644 pacto,
364 3564 489 3641 judices,
504 3573 608 3621 contra
619 3564 767 3641 vosipsos
782 3564 829 3622 isti
843 3562 949 3622 rhetori
959 3564 1048 3622 risum
1063 3574 1094 3622 et
1105 3564 1208 3622 ludum
1218 3568 1358 3643 praebue-

254 3658 333 3717 ritis:
356 3656 408 3716 sed
422 3666 525 3735 putate
539 3654 636 3715 videre
650 3675 702 3715 vos
716 3676 733 3713 e
748 3656 810 3714 foro
827 3653 944 3714 domum
960 3675 1117 3727 reversum,
1132 3666 1166 3715 et·
1177 3658 1358 3735 gloriantem

254 3750 285 3808 in
307 3748 597 3808 adolescentulorum
612 3758 709 3820 coctu,
726 3758 757 3807 et
776 3760 1063 3820 commemorantem,
1086 3768 1174 3827 quam
1201 3754 1359 3812 commode

250 3842 398 3924 judicibus
412 3862 529 3903 causam
547 3836 708 3901 entorserit.
728 3828 833 3899 'Nam'
844 3842 999 3900 abduxisse
1014 3861 1064 3900 eos
1086 3860 1104 3898 a
1119 3841 1291 3903 criminibus
1311 3846 1361 3905 Ti-

161 3956 162 3961 ’
255 3937 374 3997 marcho
388 3936 520 4015 objectis,
535 3946 566 3995 et
576 3955 685 4013 magna
698 3934 726 3995 vi
740 3935 778 3993 ad
792 3944 993 3993 accusatorem
1004 3944 1034 3992 et
1047 3933 1216 4012 Philippum
1237 3947 1269 3995 et
1278 3937 1361 3997 Pho-

255 4050 360 4090 censes
374 4028 555 4095 traduxisse;
578 4038 608 4089 et
622 4046 689 4087 eum
714 4038 824 4086 metum
839 4026 1019 4086 auditoribus
1036 4025 1184 4105 injecisse,
1197 4037 1232 4085 ut
1246 4040 1277 4087 et
1290 4051 1361 4091 reus

170 4118 175 4134 “
256 4128 418 4194 accusaret,
429 4130 459 4180 et
472 4130 624 4179 accusator
637 4139 758 4194 causam
773 4120 902 4178 diceret:
924 4130 956 4178 et
964 4118 1091 4198 judices,
1105 4117 1189 4196 cujus
1203 4120 1246 4178 rei
1259 4134 1364 4183 essent

253 4215 381 4293 judices,
394 4213 475 4273 obliti
490 4222 601 4284 essent,
615 4232 651 4270 ea
665 4232 733 4271 vero
748 4212 892 4281 audirent,
907 4231 1030 4291 quorum
1040 4210 1157 4289 judices
1175 4231 1236 4269 nou
1251 4228 1365 4274 essent.

259 4305 396 4365 Vestrum
412 4315 509 4365 autem
523 4303 650 4363 officium
663 4312 717 4376 est,
732 4302 836 4362 utistis
845 4323 897 4363 vos
904 4302 1015 4363 artibus
1026 4300 1191 4381 opponatis,
1206 4313 1241 4362 ut
1251 4307 1367 4385 ubique
