2967 4950
207 273 266 335 748
477 264 697 331 ADVERSUS
720 259 981 328 autumnalia

654 549 815 624 rastas,

211 705 275 767 llos
288 703 377 784 igitur
389 702 543 766 audivistis
555 703 755 772 testificantes,
769 710 802 761 at
813 698 991 780 dejurantes.
1006 696 1130 757 vomas
1141 695 1230 756 etiam
1240 705 1316 757 ute·

211 796 307 860 riuum
330 795 505 867 fratremn
527 794 664 873 utrinque
683 793 768 855 nobis
788 804 958 872 cognatum
971 799 1003 852 et
1022 790 1098 850 filios
1111 788 1187 868 ejus.
1227 788 1313 849 Nan

211 886 373 952 Timocrati
396 887 495 951 matris
517 908 591 950 meae
613 888 694 948 lratri
716 905 858 966 germano
875 895 907 946 et
927 883 1042 946 ιιιοιίιιο
1062 883 1194 943 nascitur
1213 881 1312 942 Euxi-

145 1037 148 1044 .
208 982 307 1054 theos,
320 981 465 1044 Euxithoo
477 991 537 1045 tres
554 980 606 1042 tilii
627 980 678 1061 qui
692 997 795 1042 ornnes
807 977 921 1040 ιίιιιιιι.
960 977 1043 1038 Voce
1060 974 1131 1035 milri
1143 993 1182 1035 ex
1194 974 1238 1034 eis
1256 973 1315 1054 qai

212 1074 292 1143 domi
306 1083 384 1138 sunt.

655 1242 819 1351 rueras,

214 1407 297 1491 (lape
316 1409 404 1470 etiam
416 1405 584 1470 testimonia
596 1407 748 1468 curialium
763 1417 794 1472 et
806 1417 999 1489 cognatorum
1017 1405 1130 1482 matris,
1143 1413 1174 1468 et
1187 1403 1315 1469 muchi-

120 1521 123 1531 ·
213 1522 293 1583 putu,
309 1512 339 1562 et
357 1520 481 1580 quorum
495 1499 599 1562 eadem
613 1509 804 1561 monumenta
817 1511 897 1565 sunt·

533 1773 535 1778 .
612 1727 878 1790 TESTIMONIA.

217 1865 320 1950 Genus
341 1867 430 1948 igitur
447 1877 611 1928 maternum
635 1869 694 1938 tale
718 1867 889 1929 demonstro
907 1865 1001 1941 vobis,
1015 1876 1045 1927 et
1069 1885 1136 1930 eam
1155 1866 1282 1930 ostendo
1296 1888 1319 1932 ιι

216 1961 283 2025 viris
298 1972 328 2021 et
316 1959 510 2022 tmulieribus
525 1982 590 2022 esse
603 1963 707 2024 civem.
727 1961 824 2021 Matri
831 1969 929 2020 autem
942 1980 1016 2019 mese
1030 1959 1159 2027 nascitur
1161 1959 1319 2037 ,Judices,

217 2055 371 2138 primum
354 2075 370 2114 e
389 2055 596 2126 Protomacho,
619 2056 667 2116 oui
687 2075 752 2114 eam
766 2053 950 2114 Timocrates
962 2053 1049 2112 irater
1061 2053 1193 2114 uterinus
1207 2063 1238 2113 et
1250 2075 1318 2134 ger·

216 2168 320 2210 manus
334 2147 543 2252 desponderat,
557 2147 639 2230 filia,
642 2137 764 2206 deinde
788 2165 805 2206 e
825 2156 906 2224 patre
927 2165 1004 2218 meo,
1018 2163 1085 2226 ego.
1127 2145 1195 2214 Quo
1217 2156 1319 2213 autem

216 2252 304 2322 pacto
318 2239 394 2321 patri
408 2260 474 2300 meo
488 2239 631 2319 nupserit,
651 2238 734 2300 vobis
753 2247 800 2298 est
820 2230 1070 2318 cognoscendum.
1112 2236 1190 2301 Nam
1208 2248 1239 2300 et
1251 2259 1321 2318 quaa

220 2330 257 2393 de
273 2333 370 2392 Clinia
380 2332 556 2402 criminatur,
572 2330 653 2398 etde
667 2330 791 2390 nutricio
801 2329 903 2393 matris
917 2329 1248 2404 ministerio,rllaet1am
1261 2352 1320 2412 ego

220 2426 304 2487 robis
319 2425 417 2487 omnia
431 2424 585 2507 perspicue
599 2425 735 2485 narrabo.

264 2520 311 2579 12.
334 2518 548 2579 Protomachus
570 2537 682 2599 pauper
702 2516 774 2578 fuit:
796 2516 835 2577 ad
857 2534 947 2601 quem
966 2534 1034 2575 cum
1051 2512 1165 2598 pupilla
1186 2472 1322 2597 locuples

220 2610 382 2671 hereditate
395 2611 533 2684 venisset,
547 2609 713 2671 elocaturus
735 2619 858 2672 matrem
875 2627 982 2680 meam,
993 2606 1134 2667 Thucrito
1155 2609 1232 2687 patri
1249 2630 1322 2672 meo

218 2700 353 2763 familiari
368 2722 422 2763 suo
436 2704 604 2791 persuadet,
618 2713 652 2763 ut
665 2722 730 2765 eam
745 2702 848 2764 ducat.
886 2700 936 2760 Sic
949 2699 1151 2781 despondetur
1164 2702 1324 2782 patrimae

221 2805 314 2856 mater
327 2815 403 2869 mea,
417 2816 468 2875 per
481 2796 676 2857 Timocratem
690 2794 889 2867 Melitensem,
903 2794 1097 2875 praesentibus
1115 2794 1252 2873 utrisque
1268 2816 1322 2876 pa-

223 2889 295 2948 truis
310 2892 382 2963 ejus,
397 2898 427 2947 et
442 2884 505 2947 aliis
518 2888 653 2949 testibus.
694 2886 736 2953 Et
753 2886 858 2947 horum
878 2887 928 2966 qui
949 2885 1121 2969 superstites
1141 2897 1221 2961 sunt,
1239 2891 1323 2954 nobis

223 2980 422 3041 testimonium
436 2981 544 3041 dicent.
587 2980 642 3041 His
664 2979 763 3053 factis,
778 2980 926 3062 aliquanto
948 2989 1026 3061 post,
1040 2998 1108 3039 eum
1122 2977 1199 3041 duos
1211 2981 1276 3061 jam
1289 2983 1325 3047 li·

224 3075 312 3135 beros
325 3075 495 3154 peperisset,
508 3085 591 3155 patre
602 3073 744 3135 militante
754 3064 887 3154 peregre,
899 3074 990 3135 ductu
1003 3083 1033 3135 et
1046 3072 1183 3155 auspiciis
1198 3076 1326 3159 Thrasy.

225 3167 299 3245 buli,
312 3167 378 3248 ipsa
398 3167 498 3249 iuopia
521 3169 705 3239 conflictans,
720 3158 824 3230 coacta
847 3176 893 3226 est
911 3165 1038 3228 Cliniam
1056 3166 1162 3227 Clidici
1176 3166 1268 3236 lilium
1281 3170 1324 3230 la-

226 3269 317 3319 ctare.
360 3259 426 3327 Quo
439 3260 529 3333 facto,
545 3260 625 3342 quod
639 3260 677 3323 ad
691 3260 720 3319 id
735 3259 896 3344 periculum
915 3260 1030 3333 attinet,
1043 3259 1074 3317 in
1095 3278 1155 3336 quo
1175 3280 1258 3327 nunc
1269 3282 1325 3343 ego

228 3370 338 3424 versor,
349 3353 426 3413 male
440 3352 510 3412 mihi
521 3354 676 3427 consuluit,
694 3354 788 3416 fateor
802 3352 1046 3433 equidem—nam
1067 3354 1105 3414 ab
1118 3372 1155 3413 ea
1167 3353 1326 3420 lactatione

228 3444 329 3505 omnia
350 3464 416 3525 quse
434 3444 464 3503 in
484 3464 539 3504 nos
562 3456 760 3525 congeruntur
777 3446 935 3509 maledieta
955 3446 1141 3521 oriuntur-,
1154 3447 1209 3507 sed
1229 3458 1327 3517 tamen

229 3532 308 3617 illius
329 3535 466 3615 temporis
490 3536 607 3615 inopiae,
629 3547 659 3596 et
684 3540 850 3601 necessaria
872 3558 944 3599 sane
966 3538 1049 3612 fecit,
1074 3551 1105 3604 et
1126 3543 1328 3626 congruentia.

233 3627 360 3692 Constat
381 3628 470 3711 igitur
489 3637 603 3709 patrem
622 3649 720 3691 meum
739 3651 798 3693 non
813 3632 937 3716 primurn
950 3629 1073 3695 duxisse
1087 3644 1212 3699 matrem
1224 3655 1327 3709 meam,

232 3720 285 3780 sed
293 3720 520 3789 Protomaehuru
532 3730 563 3782 et
574 3722 682 3783 liberos
695 3744 877 3803 procreasse,
890 3724 1021 3788 etlilium
1035 3727 1190 3789 elocasse:
1211 3727 1329 3807 quiesi

232 3826 364 3873 mortuus
378 3826 435 3889 est,
453 3814 524 3895 ipsis,
538 3824 637 3877 tamen
649 3816 735 3895 laetis
749 3827 885 3890 testatur,
903 3836 968 3879 eam
981 3829 1011 3881 et
1025 3821 1180 3893 urbanam,
1193 3828 1226 3880 et
1239 3819 1329 3885 civem

231 3905 336 3967 luisse.
378 3904 452 3969 Haec
469 3928 516 3969 me
536 3928 604 3969 rere
618 3906 715 3976 dicere
729 3920 764 3969 ut
784 3922 935 3992 appareat,
949 3910 1074 3991 primum
1089 3900 1159 3972 mihi
1171 3932 1248 3976 roca
1259 3912 1329 3977 Pro·

232 3998 361 4060 tomachi
373 3998 448 4061 filios
461 4018 468 4059 ι
490 3999 595 4065 deinde
608 4021 660 4063 eos
674 4000 724 4082 qui
738 4003 924 4083 sponsalibus
934 4005 1027 4085 patris
1039 4006 1253 4069 interfuerunt:
1272 4015 1329 4069 ete

234 4092 393 4154 curialibus
411 4102 566 4171 cognatos,
577 4094 683 4172 quibus
696 4094 829 4174 nuptiale
843 4115 950 4156 munus
963 4098 1086 4159 contulit
1100 4117 1153 4183 pro
1167 4108 1261 4159 matre
1281 4116 1330 4179 pa·

234 4192 299 4245 ter:
328 4196 406 4267 post,
421 4184 565 4251 Eunicum
588 4186 832 4269 Cholargensem,
847 4190 899 4268 qui
921 4208 1049 4254 sororem
1070 4210 1167 4261 new
1187 4192 1332 4275 acepta

235 4272 450 4339 Protomacho:
472 4276 578 4339 deinde
590 4278 682 4341 lilium
697 4280 814 4341 sororis.
856 4280 941 4343 Voce
953 4280 1019 4350 hot·
