2967 4950
439 286 661 353 ADVERSUS
683 293 919 358 potuemus.
1168 302 1228 362 699

125 454 199 517 dere
211 460 350 532 sumptus
364 468 383 511 a
395 464 443 511 me
454 442 539 513 linito
549 452 732 532 proiectura
744 460 878 533 tompore
890 453 998 527 factost
1002 453 1104 533 jubeo,
1114 473 1154 515 ne
1162 473 1231 534 spes

125 542 399 609 eiemdalunsiouis
415 542 538 603 habenas
557 542 639 624 apud
651 562 714 617 rua,
727 562 778 605 me
789 553 947 626 propterea
966 564 1071 606 usuam
1085 546 1141 607 siti
1160 546 1232 608 dare

126 638 268 710 nolumus
280 646 319 697 ut
341 648 393 717 per
412 630 600 697 ambitionem
617 654 691 697 nave
709 638 788 697 bena
805 628 951 699 instructa
962 637 1083 699 domurn
1096 635 1234 713 redirem,

125 742 160 792 at
177 730 257 811 apud
269 746 323 791 ros
343 740 476 810 sumptus
493 737 685 790 ostentarem.
726 730 824 796 Quam
845 751 913 793 euru
935 750 992 792 uec
1011 732 1075 811 ipse
1089 732 1233 811 >accipere

125 823 228 897 vellet,
241 830 383 883 sanante
395 832 531 881 nummos
550 821 730 885 ademunde
742 825 910 884 necessaria
921 823 1116 903 postularent,
1129 844 1231 884 rursus

125 917 169 978 ad
191 922 260 977 eum
281 916 391 976 aceede
405 916 533 979 testibus
549 912 698 987 adhibitis,
713 903 837 995 eumque
858 936 942 997 rogo,
965 920 1035 977 num
1058 918 1158 977 navim
1179 917 1233 977 ab·

124 1011 272 1071 ducturus
286 1018 371 1080 esset,
385 1018 415 1069 et
429 1027 499 1067 num
517 1008 674 1087 pecuniam
688 1007 818 1079 haberet,
830 1018 862 1068 et
873 1029 892 1068 a
905 1029 953 1069 me
965 1020 1140 1089 aceepturus
1153 1007 1234 1071 esset

124 1122 246 1176 navem,
264 1100 377 1163 neenei
412 1102 625 1181 Respondente
638 1100 700 1174 illo,
715 1121 747 1161 se
761 1102 916 1162 advenisse
928 1121 997 1163 cum
1010 1105 1147 1182 pecunia,
1167 1107 1232 1163 mu·

123 1196 206 1257 mari
220 1196 289 1256 mihi
302 1194 502 1277 oppigneratis
512 1195 700 1261 armamentis
710 1194 797 1275 jussi,
809 1205 844 1255 ut
860 1194 1233 1275 distribuerempeeuuiam

124 1290 333 1363 interuentus,
348 1300 514 1375 navemque
523 1287 644 1349 domum
657 1288 839 1359 reducerem,
851 1288 972 1368 quaudo
986 1308 1052 1350 enm
1063 1289 1127 1368 ipse
1140 1308 1237 1368 quau·

124 1387 218 1463 qu'am
230 1396 388 1442 successor
407 1380 501 1441 nollet
512 1379 656 1459 *accipere
698 1381 775 1441 Hane
787 1398 835 1441 me
846 1392 962 1454 orante,
975 1382 1136 1461 rospondit,
1150 1400 1185 1440 se
1197 1400 1234 1441 ue

125 1472 293 1535 amancium
304 1470 427 1552 quidem
447 1481 655 1533 mutuaturum.
700 1471 767 1553 Ego
784 1472 874 1553 igitur
894 1475 931 1534 ab
949 1474 1117 1555 hospitibus
1137 1473 1235 1533 Tena-

125 1566 185 1629 diis
197 1565 291 1647 patris
304 1564 374 1637 mei,
389 1563 551 1627 Cleonaeae
563 1575 596 1627 et
611 1565 750 1645 Eperato,
759 1576 922 1639 mutuatus,
936 1566 1034 1627 nautis
1056 1564 1235 1646 stipendium

126 1658 214 1721 solui.
243 1658 411 1727 Quiaer'rim
425 1657 560 1719 Paulouis
574 1676 654 1719 erum
665 1658 756 1732 filius,
769 1659 817 1719 cui
836 1668 869 1719 st
880 1660 1039 1739 hospitium
1051 1678 1121 1721 euru
1132 1657 1233 1719 multis

124 1759 207 1813 emet
220 1760 256 1811 et
274 1750 349 1811 lidos
368 1749 400 1809 iu
418 1750 536 1819 Graecia
553 1752 722 1823 haberetur,
736 1770 798 1812 ιιοιι
809 1752 942 1825 daeraut,
955 1753 1008 1833 qui
1028 1753 1099 1813 mihi
1118 1752 1232 1831 petenti

123 1853 307 1906 mutuarent
350 1844 426 1905 liaeo
437 1853 473 1905 at
484 1858 564 1905 ame
583 1848 651 1905 uere
672 1844 731 1904 diei
750 1854 877 1915 constat,
891 1844 1060 1907 testimonia
1077 1844 1161 1905 subis
1181 1862 1233 1903 ex-

125 1936 247 1999 hibebo.

542 2139 818 2201 TESTIMONIA.

171 2314 221 2373 16.
238 2312 375 2382 Quonim
394 2269 485 2392 igitur
499 2308 668 2369 testimonia
684 2308 775 2368 uobis
797 2307 946 2371 extitere.
955 2309 1104 2389 potuimus
1118 2313 1169 2394 qui
1187 2316 1232 2375 ss.

124 2408 256 2479 suerunt,
269 2422 361 2485 quum
375 2421 458 2485 sape
472 2416 576 2463 uatem
601 2400 714 2482 Polycli
732 2402 849 2463 madere
870 2402 997 2478 uolanis
1017 2425 1086 2466 varo
1099 2407 1233 2488 accipere

126 2499 235 2573 noluit,
248 2519 285 2560 ea
298 2497 382 2558 vobis
395 2497 541 2576 legimus:
563 2504 707 2575 preterea
729 2496 803 2555 emis
823 2496 924 2556 multis
946 2497 1033 2557 etiam
1053 2503 1231 2579 aiglimanus

125 2592 213 2654 subis
226 2589 353 2661 ostendi,
368 2609 436 2651 eum
458 2588 489 2648 id
510 2603 673 2649 recusasse.
715 2585 834 2650 (iurabo
847 2589 936 2649 etiam
949 2588 1047 2669 legem
1061 2591 1100 2652 de
1115 2613 1234 2654 suoees·

126 2683 245 2746 susibus
264 2682 349 2744 ¹vohis
371 2679 539 2761 legendam,
554 2689 589 2739 ut
608 2678 721 2753 sciatis,
742 2679 860 2759 quantis
879 2680 996 2741 mulctis
1016 2684 1186 2762 propositis,
1208 2686 1234 2746 si

126 2777 195 2858 quis
215 2773 317 2837 'nasim
337 2775 482 2856 praefinito
500 2781 631 2853 tempore
654 2791 713 2832 nou
730 2775 887 2854 aoueparit,
901 2774 958 2834 iste
978 2793 1040 2835 uon
1058 2795 1106 2836 ma
1124 2777 1233 2849 solum,

128 2869 185 2929 sed
202 2877 237 2928 et
249 2881 304 2928 vos
317 2875 349 2926 et
362 2866 455 2944 legas,
471 2864 652 2944 despexerit,
665 2883 701 2924 ae
715 2863 858 2943 quantum
878 2866 989 2946 inipso
1002 2866 1121 2945 quddam
1134 2869 1191 2928 fuit
1203 2881 1234 2930 et

126 2960 298 3040 reipublice
321 2968 352 3020 et
372 2958 518 3020 sociorum
543 2966 667 3023 conatus
688 2976 792 3016 ornnes
813 2958 906 3018 luisse
927 2957 1024 3019 irritos
1051 2957 1233 3038 intelligatis.

127 3052 243 3131 Neque
257 3051 331 3112 enin
346 3050 388 3110 ad
406 3051 503 3112 navim
522 3041 602 3110 veuit
618 3059 652 3106 ut
671 3048 738 3128 lege
754 3048 922 3128 jubebatur,
932 3068 1040 3127 neque,
1050 3068 1118 3108 cum
1133 3050 1233 3114 souis.

128 3152 193 3216 set,
209 3159 277 3204 οιιιι
295 3143 429 3224 accipere
454 3141 555 3210 voluit,
606 3139 671 3220 Ego
696 3159 765 3201 veru
787 3151 820 3200 at
844 3160 943 3202 meum
968 3151 1000 3200 et
1026 3140 1152 3219 collegae
1176 3142 1235 3204 mei

130 3247 252 3316 tempus
274 3236 357 3296 vobls
384 3234 460 3296 obii:
493 3247 533 3307 et,
558 3253 626 3294 cum
651 3233 834 3312 praefecturae
861 3252 936 3293 meae
960 3242 1077 3312 tempus
1099 3233 1234 3311 exiisset,

130 3328 291 3389 maudaute
310 3325 382 3388 mihi
402 3327 481 3388 duce
498 3336 533 3387 ut
553 3325 593 3386 ad
610 3325 766 3404 Templum
788 3326 969 3406 ιιιιιῖςιιιοιιι,
981 3325 1111 3406 perduxi⁴
1125 3328 1234 3406 populo

130 3421 323 3494 frumentum,
349 3429 383 3480 ut
411 3421 526 3501 oopiam
552 3417 697 3481 venalem
723 3417 881 3492 haberetis,
904 3428 936 3480 et
957 3429 1101 3498 quantum
1128 3419 1159 3480 in
1186 3439 1234 3485 tue

129 3523 214 3575 esset
230 3513 309 3575 nihil
328 3512 554 3576 desideraretis:
583 3522 625 3586 et,
642 3530 837 3592 quascunque
862 3512 935 3574 alias
960 3512 1000 3572 ad
1019 3531 1067 3575 res
1094 3513 1157 3574 dux
1185 3515 1234 3584 vel

130 3605 241 3668 merel
253 3621 320 3666 mea
335 3604 445 3666 triremi
457 3605 501 3666 uti
514 3604 615 3678 soluit,
629 3615 739 3687 praesto
753 3604 808 3677 lai
821 3623 880 3666 uon
900 3603 1066 3686 sumptibus
1087 3604 1176 3675 modo
1187 3604 1234 3675 ie·

130 3698 258 3774 arenas,
272 3697 326 3760 sed
339 3708 370 3760 et
383 3715 507 3780 surpere
520 3698 681 3780 pauculum
695 3696 832 3758 adeundo
846 3717 963 3776 unaque
971 3695 1153 3776 ιιιιιίμιιάο,
1164 3715 1234 3758 eum

129 3793 163 3854 iu
188 3801 224 3852 eo'
243 3803 308 3854 tum
330 3801 412 3853 statu
430 3811 477 3854 rea
502 3809 577 3853 mem
595 3791 765 3852 domestiooe
783 3799 894 3862 meent
905 3809 967 3868 quo
981 3809 1032 3850 sos
1054 3788 1156 3853 audin
1172 3789 1235 3852 fore

129 3894 234 3966 putem
247 3894 283 3946 ut
296 3885 389 3945 nostrl
400 3883 600 3947 misericordia
611 3881 797 3944 moseumiui.
839 3880 937 3943 Mater
954 3881 1034 3945 euim
1053 3900 1121 3945 mea
1140 3900 1235 3962 mpro—

130 3979 216 4038 tabat
222 3987 259 4063 et
270 3977 445 4040 moribunda
456 3987 529 4050 erat,
543 3996 589 4038 me
603 3978 735 4048 absentet
748 3985 784 4035 ut
801 3994 864 4036 rem
883 3990 980 4036 meam
998 3973 1170 4037 familiarem
1183 3993 1236 4034 ex·

130 4061 270 4132 haustam
282 4087 343 4132 non
356 4073 412 4133 nisi
424 4089 529 4153 pamm
541 4071 678 4152 adjuvare
696 4079 809 4150 posset.
842 4068 891 4135 Ut
908 4068 986 4130 euim
1002 4079 1087 4128 sexto
1105 4066 1236 4144 depost

130 4175 290 4246 acceptum
313 4167 451 4228 nuncium
474 4183 624 4238 seueram,
644 4163 704 4236 illa,
718 4182 767 4222 ma
785 4161 893 4223 intuita
912 4171 945 4223 et
968 4161 1107 4231 allocuta,
1128 4157 1237 4221 efflauit

131 4259 274 4332 animam,
284 4273 351 4319 eum
363 4261 444 4321 bona
457 4277 513 4321 suu
521 4251 583 4340 ja'ru
597 4258 627 4318 iu
636 4265 783 4338 potestate
796 4275 857 4316 nou
870 4256 1002 4328 haberet,
1015 4264 1050 4314 ut
1058 4252 1129 4315 mihi
1142 4269 1236 4329 quw*

130 4362 197 4414 tum
207 4351 298 4414 vallet
310 4351 474 4434 lmgirttuu.
515 4349 593 4425 Nam
606 4369 687 4432 sape
699 4349 782 4432 prius
794 4349 883 4412 edam
901 4369 951 4416 me
967 4344 1153 4417 accersierat,
1165 4361 1235 4425 pte·
