2967 4950
245 332 305 390 670
582 330 626 389 lN
648 328 1005 389 012YMP10n0uuM.

245 484 388 560 veniebat,
410 483 441 547 id
462 483 543 563 quod
562 482 632 543 mibi
654 484 741 545 etiam
760 504 842 545 nunc
860 504 916 544 usu
929 484 1019 553 veuit.
1061 482 1238 563 Quanquam
1250 482 1337 553 euim,

244 577 375 651 Judiocs,
389 574 502 657 litigare
515 596 581 638 cum
602 576 813 658 Olympiodoro
826 575 910 637 affine
929 596 996 637 meo
1015 574 1092 655 (ejus
1113 574 1192 633 enim
1212 594 1337 635 sororem

244 670 276 730 in
294 671 477 731 matrimonio
489 669 600 743 habeo)
613 688 671 728 non
684 669 763 741 volo,
782 668 895 749 maguis
915 679 1015 730 manen
1032 667 1095 747 ejus
1114 666 1227 747 injuriis
1240 688 1338 747 cogor.

246 762 335 833 Quod
359 762 385 824 si
409 748 498 823 nnlla'
510 760 614 841 injuria
632 762 798 834 lacessitus,
811 762 945 833 ludices,
958 759 1011 821 sed
1033 780 1087 839 per
1110 760 1291 820 calumniam
1312 769 1342 819 et

243 855 429 918 mendacium
443 874 510 915 eum
523 873 701 925 accusarem,
715 865 768 916 aut
776 854 1003 915 controversiam
1015 853 1087 913 meis
1097 862 1129 912 et
1137 853 1341 933 olympiodori

244 947 434 1007 familiaribus
453 946 617 1027 permittere
641 946 812 1021 noluissem,
825 957 878 1008 aut
896 946 986 1030 ullam
1003 946 1090 1006 aliam
1106 945 1278 1025 aequitatem
1291 946 1340 1005 de-

245 1048 428 1113 trectassem,
442 1039 511 1099 mihi
531 1038 649 1111 credite,
664 1040 852 1099 vehementer
872 1039 1072 1099 erubescerem
1086 1048 1116 1098 et
1132 1058 1179 1098 me
1192 1038 1341 1099 bominem

245 1150 311 1193 esse
332 1132 495 1213 improbum
520 1131 734 1192 existimarem:
762 1153 841 1193 nunc
864 1150 959 1212 neque
986 1131 1081 1210 parvis
1101 1130 1287 1191 detrimentis
1307 1132 1341 1192 ab

247 1223 458 1304 Olympiodoro
482 1225 620 1304 acceptis,
644 1243 739 1303 neque
767 1234 951 1305 sequestmm
975 1223 1069 1283 ullum
1096 1223 1223 1303 fugiens,
1248 1245 1341 1304 neque

244 1315 343 1388 etiam,
356 1316 467 1377 Jorem·
476 1315 628 1395 Optimum
655 1315 826 1375 Maximum·
836 1327 939 1389 testor,
951 1316 1041 1389 ultro,
1055 1315 1109 1376 sed
1125 1335 1213 1394 quam
1231 1316 1340 1380 inritis-

244 1407 345 1480 siruus,
357 1417 479 1470 coactus
487 1410 532 1468 ¹ab
541 1408 600 1468 isto
610 1426 675 1467 sum
688 1406 745 1469 boc
759 1408 856 1469 subire
865 1408 1018 1488 judicium.
1059 1410 1158 1477 Quare
1172 1428 1226 1467 ros
1240 1428 1340 1469 omnes

243 1498 274 1558 in
288 1501 386 1581 primis
407 1519 489 1579 rogo,
503 1498 521 1559 J
525 1499 637 1573 udIces‚
650 1508 685 1559 ut
701 1511 833 1561 nostrum
847 1512 969 1581 utroque
984 1501 1135 1573 audito,·et
1145 1500 1201 1581 ipsi
1215 1521 1341 1563 censura

244 1592 286 1653 rei
309 1602 446 1673 suscepta
468 1612 521 1653 rros
544 1592 747 1653 reconciliatos
770 1592 931 1665 dimittatis,
947 1604 979 1654 et
1000 1594 1038 1654 de
1059 1604 1185 1673 utroque
1208 1604 1341 1655 nostrum

243 1684 321 1745 bene
335 1685 520 1745 mereamini:
541 1684 587 1748 siu
605 1686 636 1745 id
655 1687 880 1766 consequinou
894 1687 1058 1767 potueritis,
1071 1696 1106 1747 ut
1129 1688 1166 1747 de
1188 1688 1341 1749 ooeteroei

180 1784 183 1791 '
243 1774 295 1854 qui
308 1794 427 1837 causam
445 1777 594 1837 meliorem
607 1777 697 1838 habet
717 1777 925 1858 suffragemini.
966 1780 1011 1839 Ac
1028 1779 1153 1859 primum
1174 1781 1342 1841 testimonia

243 1866 454 1942 recitabuntur,
468 1870 547 1929 unde
570 1870 722 1950 apparebit
740 1890 794 1950 per
814 1890 862 1931 me
882 1890 942 1931 non
959 1890 1027 1933 esse
1039 1872 1212 1946 sactumfut
1223 1873 1253 1933 in
1262 1874 1341 1954 judi-

244 1957 321 2020 cium
332 1961 488 2045 veniretur,
502 1960 554 2023 sed
568 1982 620 2043 per
633 1962 723 2023 istum
737 1964 845 2043 ipsum.
886 1963 992 2025 Recita
1003 1964 1178 2027 testimonia.

656 2216 926 2279 TESTIMONIA.

244 2364 296 2423 Me
311 2364 408 2445 igitur,
422 2363 555 2434 Judices,
570 2370 602 2423 et
620 2382 720 2443 equas
734 2374 765 2425 et
784 2361 992 2443 convenientes
1011 2353 1222 2443 Olympiodoro
1236 2362 1339 2439 tulisse

241 2457 436 2528 conditiones,
462 2456 610 2519 testificati
637 2456 656 2516 ii
680 2466 749 2518 sunt
772 2456 823 2538 qui
846 2455 1058 2517 interfuerunt:
1093 2477 1183 2534 quum
1198 2479 1268 2519 vero
1290 2458 1340 2520 ille

241 2571 361 2633 prorsus
375 2550 452 2631 requi
465 2549 537 2610 nibil
551 2549 705 2610 admittere
726 2549 861 2623 voluerit,
875 2569 1005 2610 necesse·
1017 2560 1064 2609 est
1086 2551 1165 2630 apud
1179 2570 1232 2610 ros
1250 2570 1340 2630 expo-

241 2664 311 2705 nere
323 2644 429 2724 quibus
444 2643 554 2705 afficiar
569 2644 605 2702 ab
617 2643 831 2723 Olympiodoro
844 2641 966 2723 injuriis.
1008 2642 1109 2702 Brevis
1123 2654 1221 2703 autem
1235 2663 1271 2705 ea
1284 2643 1342 2704 erit

241 2737 345 2798 oratio.
816 2725 819 2730 ’

281 2833 310 2889 2.
326 2828 430 2890 Conon
438 2827 604 2888 Halaeensis
612 2837 756 2906 cognatus
765 2837 862 2888 noster
871 2826 936 2901 fuit,
951 2827 1083 2888 Judices.
1113 2828 1143 2888 ls
1158 2827 1263 2888 Conon
1274 2828 1338 2888 sine

238 2919 338 2983 liberis
360 2919 496 2994 decessit,
521 2940 588 2980 cum
610 2919 727 2982 omnino
741 2940 831 3000 parvo
851 2929 981 3001 tempore
1002 2919 1339 3001 decubuisset,.grandis

238 3027 310 3078 natu
324 3015 390 3078 cum
404 3023 576 3076 moreretur.
617 3015 682 3094 Ego
700 3034 768 3074 cum
786 3034 852 3075 eum
871 3033 931 3074 non
944 3033 1032 3094 posse
1045 3015 1182 3075 evadere
1191 3014 1338 3088 sentirem,

238 3109 375 3170 accersivi
390 3107 642 3189 Olympiodorum‚
657 3118 691 3167 ut
705 3108 824 3166 adesset
843 3126 959 3186 unaque
972 3108 1122 3168 nobiscum
1141 3117 1257 3168 curaret
1270 3127 1339 3186 qnae

239 3201 377 3262 decerent
398 3201 516 3261 omnia:
538 3199 767 3282 Olympiodorus
786 3199 886 3278 igitur,
899 3199 1031 3271 Judioes,
1047 3210 1080 3260 ut
1093 3200 1131 3282 ad
1152 3219 1197 3260 me
1214 3201 1294 3260 venit
1306 3211 1340 3274 et

239 3294 277 3353 ad
291 3309 419 3354 sororem
433 3313 527 3362 suam,
540 3313 660 3353 uxorem
674 3313 779 3364 meam,
791 3311 851 3351 una
864 3292 1015 3352 nobiscum
1030 3293 1129 3371 omnia
1141 3303 1235 3377 curat.
1257 3293 1338 3353 Dum

238 3405 307 3446 vero
321 3407 375 3445 nos
390 3386 444 3445 hac
458 3405 529 3444 cura
542 3405 731 3466 occupamur,
740 3406 777 3445 ex
785 3385 938 3464 improviso
949 3386 988 3445 ad
997 3405 1044 3445 rue
1056 3388 1148 3446 verba
1154 3385 1225 3446 facit
1235 3386 1339 3466 Olym·

237 3477 389 3557 piodorus‚
405 3486 526 3536 matrem
548 3497 664 3558 quoque
685 3497 768 3538 suam
788 3487 945 3560 cognatam
966 3498 1030 3538 esse
1051 3479 1167 3539 Cononi
1186 3479 1338 3554 defuncto,

238 3589 356 3649 aequum
371 3568 457 3650 igitur
472 3589 537 3630 esse
551 3570 625 3630 utin
639 3580 752 3650 partem
771 3571 883 3631 veniret
895 3572 1024 3632 omnium
1038 3574 1182 3632 bonorum
1196 3593 1263 3652 quae
1278 3574 1339 3633 Co·

238 3682 299 3721 non
313 3661 484 3742 reliquisset.
526 3662 591 3742 Ego
605 3681 684 3734 vero,
694 3663 826 3738 Judices,
835 3663 892 3743 qui
900 3663 1006 3748 scirem
1019 3684 1087 3724 eum
1100 3665 1216 3725 mentiri
1228 3675 1259 3726 et
1271 3685 1340 3746 per·

237 3755 341 3815 fricare
355 3754 479 3814 frontem
493 3754 665 3827 instituisse,
680 3755 761 3836 qu'od
775 3776 861 3816 nemo
875 3756 949 3816 alius
961 3754 1081 3817 'Cononi
1099 3777 1206 3837 genere
1219 3759 1339 3839 propior

238 3856 314 3904 esset
327 3864 414 3923 quarn
429 3866 496 3925 ego,
510 3847 632 3927 primum
655 3867 743 3928 quam
764 3850 847 3928 potui
866 3849 1036 3927 gravissime
1050 3869 1115 3909 sum
1129 3863 1294 3912 commotus
1307 3863 1339 3912 et

236 3934 405 4018 indignatus
420 3941 457 3998 ob
471 3939 681 4019 impudentiam
694 3929 852 4002 orationis:
874 3941 981 4001 deinde
993 3962 1107 4003 mecum
1116 3943 1178 4023 ipse
1188 3954 1339 4025 reputans,

235 4023 283 4094 me
305 4053 365 4092 non
386 4035 557 4113 tempestive
579 4033 676 4108 irasci,
694 4035 872 4116 respondeo,
896 4034 1069 4096 defunctum
1090 4036 1291 4115 sepeliendum
1307 4039 1339 4098 in

234 4126 391 4207 praesentia
404 4134 434 4184 et
446 4125 504 4186 alia
512 4125 595 4205 justa
607 4126 634 4186 ei
647 4127 844 4207 persolvenda
855 4147 938 4196 esse;
959 4148 1024 4208 quos
1048 4127 1097 4188 ubi
1115 4129 1215 4189 omnia
1234 4142 1340 4192 curata

236 4229 345 4290 essent,
359 4229 420 4278 tum
446 4219 522 4278 inter
547 4238 601 4279 nos
624 4219 701 4281 velle
720 4220 915 4300 diseeptare.‚·
937 4222 1015 4300 Ipse,
1036 4219 1339 4293 udices-concessit

234 4311 311 4384 haec,
333 4322 413 4372 recte
438 4330 497 4371 me·
509 4311 607 4379 dicere
629 4331 793 4376 assensusz·
805 4322 959 4393 postquam
982 4323 1081 4379 autem
1095 4315 1184 4392 justis
1201 4316 1338 4398 omnibus

234 4405 389 4483 persolutis
403 4405 510 4494 reversi
524 4425 636 4480 sumus,
651 4406 800 4469 accersitis
811 4407 951 4484 omnibus
965 4406 1335 4488 cognatis·iuter;uos.iam
