2967 4950
210 264 281 349 ms
453 290 675 353 uovuusus
696 290 1052 355 seuerusumuu„

208 445 240 503 in
257 454 336 533 terre
349 448 513 528 justornm,
527 458 562 507 ut
579 449 688 522 ceteri,
707 448 940 529 perseqnehemt
973 445 1051 517 Quid
1073 440 1304 505 multudicsmt
1326 462 1335 483 r
1378 470 1382 476 ·

209 536 290 595 Nihil
303 536 348 597 his
362 538 458 599 verbis
471 540 712 617 proficiebamus:
727 540 781 599 sed
795 540 1042 599 frumentumiste'
1055 538 1112 599 sibi
1121 535 1304 597 vendicabat.

104 620 108 626 ’
209 626 364 688 Educebet
383 630 583 704 eumProtus,
603 641 634 691 et
654 631 735 692 Preti
756 632 853 692 socius
868 632 1041 691 Phertutue:
1062 630 1116 689 iste
1136 625 1305 697 uereeduci

187 748 192 757 ·
208 738 241 779 re
254 719 381 791 nolebat,
396 742 486 800 reque
498 724 536 782 uh
549 722 612 783 ullo
626 723 765 783 eductum
776 722 817 781 iri
829 722 928 801 palum
940 722 1079 801 ungebat,
1092 719 1153 779 nisi.
1161 736 1218 797 ego
1229 717 1304 778 edu-

207 811 297 872 xisse.
337 814 411 875 Post
421 815 486 875 herc
499 815 606 877 Protus
617 836 688 877 eum
700 826 732 877 et
744 834 799 877 nos
808 816 858 877 ed*
866 815 1067 895 magistrarum
1087 814 1305 894 Syrecusauum

208 906 455 983 provocabamus·
468 908 510 967 'lis
523 908 750 981 conditionibus,
769 909 794 967 si
809 908 932 969 Prourm
952 908 1060 969 emisse
1070 902 1306 975 frumentum,et

207 998 362 1076 vectigalia
379 998 423 1060 illi
436 1018 503 1060 esse
514 1002 665 1081 iuscripta,
673 1012 708 1063 et
718 1000 846 1081 pretium
864 1001 945 1059 illum
963 1018 1133 1073 numerasse
1147 1006 1305 1067 constaret,

208 1098 242 1149 ut
253 1090 310 1149 iste
323 1091 515 1170 improbitatis
528 1114 590 1158 suec
602 1114 704 1173 poenus
717 1094 819 1154 deret:
833 1092 878 1152 sin
886 1093 992 1163 minus,
1002 1102 1075 1151 utet
1085 1098 1305 1151 controversum

208 1182 386 1241 frumentum
397 1184 550 1263 reciperet,
560 1194 593 1245 et
604 1184 749 1245 talentum
767 1185 889 1265 insuper
900 1185 1058 1263 acciperet,
1072 1200 1184 1260 uosque
1198 1181 1226 1241 ei
1243 1181 1304 1239 fru-

209 1282 309 1332 mento
321 1273 506 1334 cederemus.
548 1276 622 1334 Haec
634 1274 775 1336 offerente
789 1285 820 1335 et
833 1275 989 1358 pollicente
1003 1276 1064 1349 illo,
1079 1274 1150 1333 nihil
1170 1272 1304 1353 proficie-

208 1365 330 1425 bamus:
351 1365 406 1425 sed
418 1386 454 1425 ee
466 1366 594 1427 debetur
604 1368 697 1447 optio,
711 1379 746 1428 ut
754 1378 805 1427 aut
814 1368 901 1429 istum
914 1368 1115 1440 educeremns,
1129 1375 1305 1427 autnostres

209 1476 323 1537 merces
336 1468 526 1535 conservatas
537 1469 700 1537 praesentes
711 1459 920 1519 amitteremus.
953 1460 1031 1519 Nam
1048 1460 1155 1520 Protus
1166 1457 1305 1518 testifice-

208 1551 295 1609 hatur
305 1570 336 1609 se
347 1550 482 1623 educere,
497 1552 610 1611 firmare
624 1552 722 1623 fidem,
736 1552 828 1613 redire
841 1552 917 1612 velle
930 1553 959 1611 in
975 1552 1112 1613 Siciliam.
1137 1550 1226 1619 Quod
1238 1566 1305 1611 curn

210 1642 273 1721 ipse
285 1641 385 1715 vellet,
399 1642 425 1702 si
436 1662 492 1701 nos
509 1642 559 1701 isti
577 1643 754 1704 frumentum
769 1644 1012 1717 concederemus,
1026 1644 1056 1703 id
1071 1644 1126 1705 sibi
1147 1662 1226 1705 euroe
1245 1661 1305 1704 non

209 1732 283 1799 fore.
323 1735 420 1812 Atque
434 1734 499 1795 heec
513 1754 590 1795 ame
602 1755 669 1795 rere
691 1736 750 1797 dici
763 1756 858 1815 neque
871 1756 938 1797 eum
956 1736 1102 1797 nisime
1122 1734 1211 1795 educi
1231 1732 1307 1795 velle

212 1825 386 1910 asseruisse,
399 1846 454 1887 nec
471 1847 541 1905 quoe
555 1827 581 1887 ei
596 1825 747 1889 offerretur
760 1830 797 1888 de
811 1828 905 1889 reditu
919 1828 949 1887 in
964 1828 1093 1891 Siciliam
1111 1825 1308 1887 conditionem
1344 1818 1347 1825 ’

133 1976 137 1983 ,
210 1917 372 1996 accepisse,
381 1918 456 2000 etin
475 1919 591 1999 nauigio
609 1920 727 1981 tubulus
737 1920 912 1993 confecisse,
926 1929 961 1979 ut
976 1930 1104 1995 constet,
1116 1918 1208 1985 recita
1224 1918 1305 1982 testi·

210 2028 317 2071 moure.

621 2156 890 2219 uusuuoruu.
963 2236 965 2241 ι

213 2247 217 2253 ⁴
250 2288 280 2344 5.
296 2287 400 2354 Quum
423 2286 512 2365 igimr
533 2304 588 2346 nec
609 2288 706 2348 educi
718 2287 839 2352 vellete
857 2287 959 2359 Proto,
973 2304 1069 2364 neque
1088 2284 1127 2345 ad
1143 2284 1194 2363 jus
1212 2282 1305 2360 adipi·

211 2377 358 2437 scendum·
367 2378 460 2437 redire
479 2378 509 2438 iu
525 2377 664 2450 Siciliam,
673 2388 710 2442 -et
726 2378 857 2438 omniurn
875 2376 1044 2455 Hegestrati
1059 2375 1203 2435 scelerum
1216 2372 1306 2433 fuisse

208 2469 351 2549 proescius
364 2470 521 2542 rideretur,
533 2468 678 2548 reliquum
691 2479 754 2529 erat
772 2467 857 2529 nobis
869 2468 919 2546 qui
938 2467 987 2527 hic
1000 2475 1182 2528 contractum
1193 2465 1306 2528 fecera-
1399 2487 1401 2492 ·

210 2579 287 2635 mus,
302 2571 332 2622 et
347 2562 526 2620 frumentum
543 2564 581 2621 ub
603 2581 645 2620 eo.
657 2561 708 2640 qui
725 2556 856 2639 legitime
877 2560 937 2620 illic
958 2569 1071 2620 emeret
1091 2577 1304 2638 receperamus

103 2714 128 2740 ,Ι
207 2655 298 2715 istum
322 2654 457 2715 educere.
500 2655 580 2723 Quid
602 2654 679 2715 enim
695 2645 782 2713 'aliud
807 2652 990 2713 faceremus?
1022 2653 1127 2731 Neque
1151 2651 1228 2712 enim
1245 2652 1307 2713 hoc

210 2748 366 2835 quisquam
384 2768 403 2806 e
424 2746 525 2807 nostre
534 2746 679 2808 societate
692 2747 828 2825 putabat,
842 2765 895 2806 vos
908 2745 935 2804 ei
947 2769 949 2778 ¹
960 2745 1139 2804 frumentum
1155 2743 1307 2824 adjudice-

209 2848 303 2912 turos,
313 2838 467 2918 quod-ipse
479 2838 703 2917 relinquendum
720 2847 860 2896 suaserat·
874 2835 980 2906 nautis,
1001 2845 1039 2894 ut.
1048 2835 1162 2915 periret·
1173 2835 1241 2896 nevi
1255 2834 1307 2894 de·
1350 2835 1355 2842 ’

210 2951 315 2991 merse.
355 2932 445 3000 Quod
457 2933 504 2991 vel
515 2931 677 2991 maximum
688 2929 809 3009 signum
823 2939 878 3003 est,
896 2928 926 2988 id
940 2927 1012 2986 nihil
1025 2928 1064 2988 ed
1078 2947 1151 2988 ,eum
1170 2927 1313 2988 attinere,

209 3023 286 3091 Quis
303 3024 380 3083 euim
393 3043 479 3083 suum
493 3024 672 3084 frumentum
688 3022 889 3087 deserendum
911 3021 1051 3082 suaderet
1071 3020 1106 3082 iis
1120 3020 1170 3100 qui
1189 3020 1306 3081 ideon-

209 3127 356 3177 servatum
375 3116 507 3178 velleutl
537 3117 611 3186 Quis
629 3135 691 3175 nou
706 3115 1015 3194 navigasset-arcemn
1027 3114 1195 3174 conditione
1208 3114 1239 3174 in
1260 3115 1307 3173 Si-

208 3209 316 3280 ciliam,
330 3210 381 3268 ubi
393 3229 440 3269 res
454 3208 566 3287 liquido
580 3207 697 3288 probari
710 3207 839 3286 possetl-
861 3207 951 3286 Atqui
964 3227 1021 3266 nec
1040 3208 1080 3266 itu
1093 3207 1131 3267 de
1143 3206 1227 3268 robls
1246 3208 1306 3267 exi-

152 3298 172 3316 ’“
210 3303 327 3361 stimme
340 3312 482 3380 poteram,
496 3303 560 3362 lore
576 3311 612 3360 ut
630 3300 932 3380 pmuuneieretis‚=isti
951 3301 988 3360 de
1006 3300 1051 3360 hie
1070 3301 1157 3360 rebus
1176 3301 1307 3362 dandum

205 3413 276 3454 esse
296 3391 544 3470 actionemsqu'ae,
558 3413 597 3452 ne
612 3393 676 3452 huc
688 3392 926 3472 perveherentur,
940 3392 1003 3472 ipse
1017 3391 1116 3452 multis
1130 3393 1224 3453 medis
1245 3406 1307 3453 rnu-

210 3486 324 3560 duisset
335 3485 498 3564 prohibere.
540 3483 670 3544 Primum
688 3484 844 3546 suadendo
856 3484 965 3556 nautis,
978 3494 1013 3543 ut
1026 3505 1077 3544 ees
1093 3483 1306 3562 relinquerent:

211 3579 327 3651 deinde,
351 3578 381 3636 iu
406 3576 587 3656 Cephalonis
603 3576 766 3636 laborando
788 3597 825 3636 ne
848 3577 931 3636 nevis
948 3576 1007 3636 huc
1022 3575 1185 3636 ueheretur.
1227 3576 1307 3643 Quid

210 3671 288 3730 enim
300 3670 363 3729 fieri
379 3669 492 3748 turpius
507 3678 559 3728 aut
575 3667 701 3747 iniquius
715 3679 815 3747 queat,
830 3688 928 3747 quem,
951 3667 1216 3746 cumacephalenii
1240 3687 1307 3746 pro-

209 3763 385 3834 nunciuriut,
403 3771 437 3819 ut
449 3759 675 3824 Atheniensium
697 3779 809 3820 merces
827 3759 989 3842 incolumes
1005 3769 1113 3829 essent,
1133 3757 1230 3820 neuim
1249 3759 1308 3820 huc

210 3853 437 3933 pervehendum,
457 3871 510 3912 vos
536 3851 588 3930 qui
612 3851 674 3910 sitis
697 3850 891 3912 Athenienses
915 3871 951 3911 ee
971 3869 1036 3929 quae
1053 3849 1160 3912 civium
1180 3860 1249 3910 sunt
1272 3851 1307 3908 iis

207 3947 257 4024 qui
280 3943 468 4023 submergere
490 3943 589 4003 ooueti
609 3952 679 4003 sunt
706 3944 840 4004 truderet
868 3957 900 4005 et
926 3964 994 4024 quae
1015 3945 1070 4004 iste
1094 3965 1131 4003 ne
1153 3943 1212 4003 huc
1238 3965 1306 4022 per-

209 4039 387 4098 veherentur
395 4046 526 4096 auertere
535 4035 656 4095 omniuo
666 4035 790 4107 studuit,
799 4036 836 4098 de
848 4036 882 4096 iis
891 4037 962 4096 dere
975 4035 1022 4097 isti
1036 4035 1201 4098 actionem?
1213 4036 1309 4109 Absit,

207 4149 227 4188 o
245 4129 360 4209 Jupiter
372 4137 404 4189 et
415 4128 465 4189 dii.
507 4125 612 4190 Recita
625 4127 695 4187 mihi
707 4127 780 4205 quid
790 4127 967 4208 exceperim
984 4192 992 4206 ,

211 4350 214 4355 ,
650 4277 872 4372 suemus,
965 4362 969 4374 Α
1066 4277 1068 4284 ’

211 4400 545 4479 Recita-etiumlegem.
