2967 4950
241 313 301 376 730
549 309 764 372 ADVERSUS
786 312 1030 374 camenam.

246 451 304 536 Qui
319 465 408 545 igitur
421 465 523 527 alueus
535 485 601 528 esse
613 461 735 549 potestl
757 471 842 548 Aqua
854 481 950 530 autem
969 489 1035 550 quoe
1048 469 1149 549 irrupit
1162 487 1241 548 steps
1253 467 1344 528 inimi·

244 577 305 618 rum
319 560 427 620 *nocuit
439 560 539 620 multis
560 561 694 634 incautis,
708 563 810 621 nocuit
831 581 910 622 nunc
931 562 980 623 isti
1001 563 1098 622 etiam.
1140 561 1228 630 Quod
1242 572 1345 621 antem

244 652 372 710 omnium
397 647 606 731 iniquissimum
630 664 684 724 est,
703 655 852 724 Callicles,
866 675 933 714 cum
958 655 1087 733 aquain
1110 654 1194 713 suum
1216 654 1345 712 fundum

242 743 355 824 irrupit,
368 735 538 824 ingentibus
561 747 637 806 saxis
652 745 727 806 leum
750 747 912 806 obstruxit:
935 747 1013 825 quod
1036 758 1133 807 autem
1157 757 1250 826 pater,
1272 765 1344 806 cum

243 837 321 898 idem
346 859 399 898 suo
423 833 516 899 fundo
542 839 709 910 accidisset,
724 851 839 918 septum
863 839 945 910 fecit,
959 839 1043 918 quasi
1065 839 1095 898 in
1118 859 1154 899 eo
1177 848 1345 918 peccasset,

243 932 313 990 mihi
327 932 388 991 dati
402 932 502 991 damni
525 933 668 991 actionem
689 932 820 1011 impegit.
863 932 952 1000 Quod
974 934 999 991 si
1021 953 1122 992 omnes
1134 933 1243 1010 quibus
1264 950 1345 1010 aqua

242 1023 319 1083 istac
335 1024 466 1083 defluens
483 1033 570 1083 nocet
584 1045 630 1083 me
645 1028 839 1093 accusabunt,
851 1025 966 1084 etiamsi
979 1026 1104 1084 fortunae
1116 1044 1189 1083 meoe
1203 1025 1346 1102 multipli-

243 1128 347 1177 centur
368 1136 427 1175 non
453 1116 587 1175 omnibus
612 1128 713 1195 potero
731 1117 912 1177 satisfacere.
961 1117 1057 1176 Tanto
1081 1127 1179 1177 autem
1202 1118 1250 1176 isti
1272 1125 1346 1178 suut

224 1202 305 1270 ¹aliis
320 1207 486 1287 iniquiores,
501 1220 534 1267 ut
548 1209 627 1268 nullo
646 1209 755 1267 damno
774 1209 882 1279 affecti,
895 1219 930 1267 ut
945 1226 1002 1287 ego
1025 1208 1108 1266 vobis
1123 1208 1221 1266 statim
1241 1219 1345 1267 osten·

240 1301 321 1373 dam,
337 1321 404 1361 cum
429 1303 491 1360 aliis
515 1302 608 1360 multa
631 1313 791 1382 etmagna
813 1302 922 1361 damna
939 1303 1009 1361 duta
1029 1302 1097 1371 sint,
1112 1301 1167 1360 soli
1192 1299 1248 1378 ipsi
1269 1301 1345 1361 mihi

240 1396 390 1474 negotium
406 1395 550 1453 facessere
566 1387 680 1455 ausint':
703 1395 758 1454 etsi
773 1394 925 1474 quibusvis
944 1395 974 1453 id
991 1396 1089 1473 potius
1104 1395 1252 1454 facessere
1266 1393 1344 1453 licu-

240 1485 320 1548 isset.
364 1487 439 1546 Nam
463 1486 523 1556 isti,
537 1496 570 1545 ut
591 1487 716 1548 maxime
740 1488 852 1566 aliquid
875 1487 918 1547 eis
941 1487 1089 1558 acciderit,
1103 1487 1157 1565 ipsi
1175 1505 1231 1546 sua
1252 1486 1345 1564 culpa

240 1579 373 1639 loesime
393 1578 628 1638 calumniantur:
649 1579 691 1638 illi
715 1573 824 1652 autem,
838 1591 872 1638 ut
894 1579 966 1638 nihil
990 1578 1082 1651 aliud,
1100 1591 1132 1638 at
1153 1579 1265 1637 nullum
1279 1579 1344 1639 tale

239 1675 350 1733 crimen
374 1671 495 1731 habent.
538 1673 611 1747 Sed,
641 1692 679 1732 ne
702 1691 798 1733 rerum
821 1673 923 1734 ordine
944 1673 1115 1752 pertrubatu
1135 1670 1223 1731 simul
1243 1671 1344 1734 dicam

241 1765 348 1838 omnia,
362 1783 434 1844 cape
449 1763 519 1824 mihi
533 1765 691 1826 vicinorum
706 1765 885 1827 testimonia.

624 1950 627 1956 ⁴
654 1995 923 2057 rasurnonm.

242 2141 348 2203 Nonne
362 2142 513 2221 indignum
530 2152 585 2213 ert,
604 2131 735 2212 ludices,
750 2158 818 2199 cum
841 2140 881 2209 hi,
897 2140 987 2200 tantis
1001 2138 1117 2199 damnis
1130 2138 1229 2210 factis,
1242 2157 1343 2220 neque

240 2237 323 2313 ullus
341 2237 415 2296 alius
433 2257 470 2296 ex
492 2237 526 2296 iis
547 2235 653 2315 quibus
668 2235 791 2294 adversa
806 2233 986 2304 acciderunt,
1000 2233 1156 2313 quicquam
1170 2245 1343 2311 querantur,

241 2330 294 2389 sed
308 2347 394 2408 aequo
408 2329 505 2388 animo
525 2329 669 2387 fortunam
691 2328 796 2396 lerant,
811 2326 899 2384 istum
919 2325 1112 2386 calumniari?
1132 2345 1220 2404 quem
1238 2326 1342 2404 ipsum

241 2422 402 2501 deliquisse
415 2421 550 2502 primum,
569 2422 646 2501 quod
672 2419 752 2480 foras
770 2420 879 2479 educta
896 2418 1120 2479 maceria-vium
1139 2419 1341 2498 angustiorem

239 2513 318 2583 fecit,
333 2527 365 2574 ut
389 2517 508 2575 arbores
528 2535 595 2594 quae
620 2514 649 2572 in
673 2514 721 2571 via
741 2513 857 2572 fuerant
880 2513 1116 2591 amplecteretur,
1130 2511 1249 2570 deinde·
1261 2511 1342 2589 quod

240 2604 334 2665 eluvie
348 2606 378 2664 in
388 2608 463 2665 viam
480 2608 608 2687 projecta
620 2607 695 2664 viam
709 2606 898 2684 exaggeravit
909 2605 1120 2673 etcoarctauit,
1133 2624 1151 2663 e
1164 2605 1342 2663 testimoniis

190 2764 192 2769 ¹
239 2698 335 2755 rtatim
347 2699 510 2772 euidentius
525 2698 730 2777 cognoscetis:
740 2698 803 2777 jam
818 2716 884 2756 eum
900 2696 970 2755 nihil
987 2695 1152 2776 perdidisse
1165 2696 1340 2773 nullumque

239 2790 345 2851 fecisse
360 2792 498 2851 damnum
513 2790 594 2869 quod
608 2791 731 2866 alicujus
747 2790 886 2849 momenti
900 2790 948 2860 sit,
958 2802 989 2849 et
1002 2800 1101 2848 tamen
1111 2798 1225 2847 tautam
1239 2800 1342 2849 contra

239 2902 286 2945 me
302 2887 445 2946 actionem
460 2876 629 2957 instituisse,
645 2905 711 2945 mox
727 2884 883 2942 ostendere
897 2886 1046 2942 conabor:
1068 2925 1071 2931 a

266 2980 309 3037 ’7.
336 2980 411 3039 Cum
432 2999 500 3039 mea
521 2988 614 3037 mater
632 2978 755 3037 istorum
774 2986 867 3035 matre
883 2974 1064 3033 familiariter
1076 2983 1220 3048 uteretur,
1245 2975 1338 3055 prius·

238 3090 326 3151 quam
340 3072 387 3136 isti
402 3092 448 3132 me
462 3069 632 3131 calumniari
645 3070 816 3147 coepisseut,
829 3077 860 3126 et
878 3065 969 3126 altera
983 3067 1022 3125 ad
1036 3062 1158 3125 alteram
1173 3069 1328 3128 accederet

239 3174 273 3222 ut
298 3165 359 3223 fieri
380 3165 466 3235 solet,
487 3180 555 3222 cum
579 3163 674 3221 ambae
698 3170 729 3219 et
748 3160 807 3218 ruri
830 3159 996 3218 habitarent
1024 3170 1053 3217 et
1074 3158 1150 3218 iuter
1176 3160 1210 3219 se
1238 3160 1339 3219 vicino

240 3253 347 3327 essent,
368 3266 399 3315 et
421 3256 495 3315 inter
514 3255 589 3313 viros
616 3254 702 3312 etiam
725 3252 795 3311 dum
811 3250 949 3309 vivebant
970 3250 1153 3309 familiaritas
1175 3252 1338 3312 intercede·

239 3360 298 3408 ret:
319 3370 386 3407 cum
400 3350 487 3426 igitur
501 3367 566 3407 mea
578 3359 670 3406 rnater
692 3346 736 3405 ad*
749 3346 870 3405 istorum
886 3356 1008 3403 matrem
1023 3343 1161 3414 venisset,
1177 3357 1267 3425 atque
1290 3345 1339 3405 illa

240 3442 435 3521 calamitatem
450 3440 722 3519 deploraret,·-nos
744 3440 787 3499 ita
807 3439 970 3499 audivimus
985 3440 1093 3511 omnia,
1107 3440 1248 3500 iudices:
1261 3440 1337 3520 quod

241 3531 266 3589 si
280 3531 347 3590 dico
362 3552 428 3609 quae
442 3532 478 3590 de
492 3544 583 3590 matre
594 3532 701 3603 audiui,
712 3534 753 3591 sic
765 3532 834 3590 mihi
846 3532 1025 3594 multabona
1037 3533 1187 3605 eveniant,
1198 3534 1244 3593 sin
1259 3554 1337 3594 men·

239 3625 306 3693 tior,
315 3625 458 3684 contraria
467 3623 622 3696 horum—7
631 3644 667 3683 ea
676 3644 708 3683 se
716 3624 838 3687 ornnlno
848 3625 956 3684 vidisse
967 3636 1003 3684 et
1007 3644 1045 3684 ex
1057 3624 1188 3684 istorum
1189 3639 1282 3687 matre
1288 3645 1336 3685 au

240 3714 347 3775 divisse
361 3714 493 3787 dicebat,
500 3716 601 3777 hordei
615 3717 829 3777 commaduisse
832 3738 926 3806 ,quos
938 3719 1004 3798 ipsa
1018 3717 1124 3777 siccari
1114 3718 1275 3792 vidisset,
1283 3733 1340 3779 uer

213 3806 215 3811 ’
239 3804 414 3878 medimnos,
426 3808 527 3869 farmse
536 3809 649 3869 circiter
657 3810 922 3882 semrmednnnum
924 3811 987 3871 oler
999 3823 1210 3873 avectamesse
1218 3814 1335 3893 amplio-

239 3900 302 3960 iam
316 3916 380 3957 eam
394 3898 515 3971 dixisse,
529 3920 624 3979 nequa
640 3906 737 3961 tamen
756 3902 784 3961 ei
797 3904 954 3983 quicquum
973 3904 1129 3965 accidisse.
1147 3906 1303 3967 '’Tantas
1293 3905 1337 3965 isti

239 3989 339 4050 clades
349 3996 533 4069 acceperunt,
543 3992 676 4066 ludices,
685 4013 738 4073 pro
755 3995 863 4073 quibus
882 3996 962 4056 mille
975 3996 1185 4059 drachmarum
1199 4000 1335 4061 mulctam

172 4159 179 4170 ,
239 4081 339 4162 legum
353 4082 557 4145 auctoritates
576 4104 622 4145 me
641 4096 757 4165 petunt.
798 4087 904 4170 Neque
924 4088 1014 4163 euim,
1031 4090 1061 4151 si
1080 4090 1235 4171 parietinas
1252 4090 1336 4152 veteri

241 4172 439 4233 domiciliom'
431 4175 579 4253 imposuit,
595 4177 625 4235 id
639 4177 708 4236 mihi
721 4196 840 4259 qnoque
854 4174 1060 4260 imputandum
1073 4194 1132 4257 est,
1146 4185 1229 4264 quod
1246 4200 1336 4287 ueqqs

239 4266 352 4327 coriuil
348 4274 462 4347 ,neque
474 4267 628 4347 quicquam
642 4270 758 4347 gratim
769 4290 890 4351 passum
897 4283 954 4334 est
974 4276 1077 4343 Quare
1088 4297 1120 4338 ar
1105 4276 1235 4340 faterer
1243 4294 1335 4340 mesra

239 4356 438 4500 pmninm
387 4359 532 4422 malorum
552 4368 699 4423 auctorem
718 4380 793 4437 esse,
813 4376 911 4429 umen
932 4387 999 4447 quse
1019 4371 1268 4437 commaduerint
1277 4371 1335 4433 het

255 4454 365 4507 redut.
515 4462 518 4465 ’
586 4470 589 4478 '
