2967 4950
414 331 421 342 ‚.
448 310 665 372 Anttnnsus
688 311 997 374 urcosrnnuuu.
1210 292 1269 375 trs

167 463 398 528 renunciationis
419 485 456 525 ex
475 465 541 546 lege
560 466 763 547 postulabam:
794 469 820 528 is
840 480 940 530 autem
956 477 1047 528 noctu
1071 467 1221 548 ingressus
1239 471 1270 530 in

167 577 270 638 agrum
283 579 394 630 meum,
411 567 555 640 quotquot
568 570 653 621 erant
671 561 780 622 surculi
802 560 953 622 arboribus
967 562 1102 642 generosi
1116 561 1225 636 inserti,
1239 572 1270 623 et

168 653 342 713 arbusculas
366 653 508 724 exsecuit,
524 664 555 714 et
579 654 722 734 plantaria
744 655 874 715 olearum
894 655 995 715 obiens
1016 655 1059 715 ita
1076 654 1179 716 misere
1199 675 1270 716 con-

165 744 265 824 fregit,
288 755 401 816 ut.‚nec
424 747 471 808 ab,
485 745 831 807 hostibusva'starentur.
872 747 922 827 Ad
944 747 1132 826 brecetiam,
1145 748 1271 808 interdiu

165 837 292 916 puerulo
305 838 547 902 ciraiutromisso
561 859 628 899 cum
641 847 671 898 et
684 838 771 900 vicini
784 850 930 899 essentet
939 839 1269 920 prrediumcoutiguum

165 929 324 1003 baberent,
344 942 474 993 rosetum
486 933 665 1011 ¹germinans·
683 931 896 992 eum-evellere
911 932 1074 1012 jusserunt,
1086 943 1129 1007 ut,
1150 934 1176 994 si
1189 953 1268 993 ,euru

169 1023 382 1103 deprehensum
395 1045 452 1105 ego
465 1026 513 1085 vel
521 1025 716 1088 vinciremuel
725 1027 906 1086 verberarem
915 1035 951 1085 ut
961 1047 1087 1106 servum,
1099 1026 1269 1103 injuriarum

170 1117 316 1188 actionem
329 1127 434 1180 contra
445 1138 493 1178 me
507 1119 701 1180 instituerent.
743 1121 811 1184 Quo
832 1119 956 1179 consilio
969 1139 1038 1180 cum
1051 1121 1268 1194 frustrarentur,

168 1218 202 1272 ct
215 1227 272 1288 ego
289 1210 448 1272 facinorum
462 1212 577 1272 illorum
596 1221 684 1273 testes
704 1212 841 1285 facerem,
854 1211 917 1292 ipse
931 1221 1031 1272 autem
1044 1213 1116 1271 nihil
1133 1234 1204 1294 erga
1217 1233 1269 1274 eos

167 1301 378 1382 delinquerem,
392 1313 455 1364 turn
475 1323 546 1366 vero
565 1305 706 1364 maximas
721 1303 840 1364 insidias
861 1304 931 1364 mihi
946 1315 1125 1384 comparant.
1167 1310 1268 1373 Quum

167 1395 246 1468 enim
258 1396 343 1468 salsa
355 1397 586 1459 renunciationis
604 1397 634 1456 in
653 1417 721 1456 eum
735 1396 880 1458 actionem
889 1399 952 1476 J‘am
973 1397 1165 1471 instituissem
1185 1409 1225 1459 et
1238 1399 1269 1458 in
1322 1469 1327 1476 ¹

161 1489 308 1570 judicium
322 1490 508 1569 ingressurus
528 1509 637 1563 essem,
656 1492 881 1560 observatome
901 1510 939 1550 ex
957 1489 1073 1562 Piraeeo
1085 1491 1268 1570 digrediente

158 1583 326 1657 serocirca
337 1582 520 1663 lapicidinas,
530 1592 565 1650 ¹et
584 1582 692 1662 pugnis
709 1581 782 1660 petit
795 1583 968 1664 etymedium
988 1583 1098 1662 arripit,
1110 1575 1214 1663 sueque
1237 1584 1267 1644 iu

163 1675 350 1756 lupipidinas,
364 1675 528 1753 dejecisset,
546 1675 603 1736 nisi
625 1675 743 1754 quidam
763 1674 900 1745 viatores,
916 1675 1015 1734 audito
1038 1667 1167 1746 clamore
1182 1694 1266 1751 ,mam

164 1769 320 1850 ‚suppetias
327 1768 491 1836 perissent.
513 1768 628 1830 Diebus
642 1765 818 1843 nonjmultis·
826 1776 905 1847 post,
918 1766 1113 1845 ingressusin
1122 1767 1267 1848 judicium

166 1863 205 1924 sd
220 1862 297 1922 diem
310 1860 494 1941 praefinitam,
514 1870 544 1922 et
556 1880 591 1921 eo
605 1860 689 1920 falsae
708 1859 857 1921 citationis
868 1860 1014 1929 convicto,
1033 1859 1181 1934 hominem
1198 1879 1266 1937 cum

166 1955 455 2029 ‚aliorumgscelernm
470 1972 560 2034 Aquae,
574 1953 694 2034 exposui
717 1971 799 2014 reum
822 1951 938 2030 peregi:
970 1961 1034 2010 tum
1061 1952 1092 2027 in
1110 1951 1267 2031 irroganda

163 2050 292 2122 mulcta,
306 2067 375 2117 cum
399 2067 467 2108 eum
482 2047 597 2124 judices
622 2045 726 2126 capitis
751 2043 915 2104 damnaturi
928 2052 1038 2114 essent,
1058 2054 1266 2123 precatusQeos

167 2161 315 2222 egenum,
328 2161 368 2218 na
379 2140 524 2220 talequid
537 2160 604 2200 mea
615 2157 713 2206 ,causa
732 2140 873 2215 facerent,
886 2136 938 2198 sed
956 2148 990 2196 ut
1007 2136 1268 2218 talentum4quanti

144 2245 148 2250 “
165 2235 224 2315 ipsi
237 2234 328 2304 ,litem
347 2234 532 2302 estimabant
540 2295 544 2302 ,
552 2234 748 2302 admitterent,
763 2251 824 2302 nou
837 2239 872 2290 nt
884 2250 922 2290 ne
932 2229 1109 2290 Arethusius-
1117 2231 1267 2320 occidere-

166 2336 379 2400 tur-mortem
389 2327 465 2388 onim
480 2328 540 2390 suis
551 2328 581 2386 in
591 2347 639 2398 mc
652 2316 811 2386 sceleribus
822 2333 1084 2396 commeruerat-7,
1093 2324 1146 2412 sed
1157 2345 1194 2391 na
1208 2344 1266 2404 ego

167 2420 303 2483 Pasionis
321 2421 409 2495 filius,
429 2430 469 2493 et·
480 2440 517 2493 ex
536 2419 655 2493 decreto
669 2417 752 2491 ciuis,
771 2435 945 2495 quemquam
958 2413 1167 2479 Atheniensem
1187 2417 1266 2486 occi

128 2536 134 2551 ¹
167 2517 278 2579 dorem.
302 2572 306 2583 ,
320 2517 395 2579 Hoec
409 2516 507 2578 omnia
515 2535 615 2585 ¹verca
627 2534 675 2574 me
689 2512 758 2586 dici,
770 2532 808 2571 ex
819 2512 946 2573 testibus
960 2511 1095 2574 audietis.

518 2756 520 2763 ,
601 2717 796 2780 ussum.
908 2759 911 2766 .
983 2755 987 2766 .
1083 2741 1109 2763 -·

109 2848 113 2853 ’
201 2867 237 2947 o.
252 2866 367 2937 Quibus
380 2864 476 2945 {igitur
496 2865 605 2946 injuriis
626 2866 663 2925 ab
675 2864 724 2949 ¹eis
744 2862 878 2937 affectus,
891 2845 1265 2943 Judiccssdescriptionem

164 2960 286 3021 fecerim
300 2960 421 3040 exposui
433 2946 533 3021 vobis:
556 2979 621 3021 esse
639 2968 737 3019 autem
760 2947 910 3017 Arethusii
936 2955 1081 3036 mancipia
1096 2957 1162 3029 ista,
1181 2966 1213 3017 et
1233 2957 1264 3016 in

165 3058 228 3129 ejus
241 3052 430 3121 facultatibus
443 3070 509 3111 esse
523 3071 589 3131 quaa
603 3070 659 3129 ego
675 3048 826 3131 descripsi,
840 3047 923 3107 vobis
934 3048 1150 3107 demonstrabo.
1192 3044 1264 3105 Cer·

166 3145 275 3207 donem
288 3146 364 3207 enim
385 3144 422 3205 ab
444 3144 630 3205 incunabulis
651 3141 803 3209 educavit;
825 3150 914 3228 atque
933 3159 1000 3199 eum
1012 3139 1103 3199 fuisse
1116 3138 1267 3224 Arethusii

166 3249 202 3301 ut
214 3250 339 3313 constet,
353 3258 404 3303 eos
418 3238 468 3319 qui
480 3248 587 3299 norunt
600 3246 690 3298 testes
705 3234 788 3296 robis
802 3234 974 3318 producam.
998 3300 1001 3316 ζ

633 3466 796 3545 rasura.

164 3628 256 3709 Apud
266 3646 459 3708 quoscunque
469 3645 553 3707 porro
567 3626 637 3697 lecit
646 3644 730 3706 opus,
740 3623 892 3697 mercedes
903 3621 1055 3702 accepisse
1065 3619 1263 3694 Arethusium,

156 3712 256 3802 ,st'jus
277 3714 353 3795 tum,
365 3720 481 3795 dedisse
503 3730 565 3781 tum
584 3719 747 3811 accepisse,
762 3716 787 3789 si
800 3715 881 3795 vquid
895 3713 1078 3794 deliquisset,
1096 3724 1131 3772 ut
1148 3713 1265 3785 herum,
1286 3795 1289 3802 ι

163 3834 265 3885 earum
273 3834 378 3887 ‚rerum
387 3834 497 3894 gnaros
509 3812 591 3875 vobis
604 3822 695 3873 testes
706 3810 862 3871 exhibebo.

629 4028 790 4089 TESTES.

163 4187 292 4263 Manem,
301 4199 408 4271 autem,
419 4198 522 4259 mutua
535 4188 661 4269 pecunia
673 4186 862 4267 Archepolidi
876 4184 1016 4261 Piraensi
1029 4183 1110 4252 data,
1124 4198 1196 4247 cum,
1206 4179 1262 4237 Ar·

153 4279 296 4362 chepclis
319 4302 420 4362 neque,
431 4300 550 4353 usuram
572 4274 669 4361 neque¹
688 4288 796 4341 sortem
816 4296 935 4348 ‚omnem
959 4274 1080 4334 reddere
1099 4279 1211 4348 posset,
1230 4270 1261 4329 in

163 4374 388 4447 estimationem
411 4374 550 4455 accepit,
577 4374 626 4446 Et,
650 4382 689 4446 ut,
705 4392 776 4443 vera
795 4390 844 4442 me
866 4369 1133 4447 diceresppareat.
1155 4361 1260 4423 horum

165 4466 540 4550 robiatestesproducam.
