2967 4950
413 420 417 428 .
498 363 672 426 CONTRA
695 353 891 424 NEAERAM.
952 455 955 463 Ι
1181 367 1240 426 787

145 517 313 577 conditione
327 516 387 577 sint
399 535 459 596 qua
478 519 545 593 ista,
553 541 626 600 quse
641 521 740 581 multis
761 532 792 582 et
807 522 959 602 impudicis
973 521 1068 584 modis
1081 541 1160 602 saepe
1174 539 1241 583 cum

145 609 244 668 multis
260 609 364 669 eodem
378 607 425 669 die
436 628 497 670 rem
510 611 622 688 habuit,
636 623 670 672 ut
682 615 838 692 unicuique
851 614 905 673 fuit
923 612 1071 672 lubitum.¹
1087 613 1241 676 Existima-

145 700 209 760 bitis
221 711 435 778 antemnaque
446 721 493 762 me
503 723 553 782 qur
545 703 672 776 dicam,
686 705 909 810 Apollodorum,
923 723 1019 782 neque
1030 704 1080 782 qui
1094 724 1126 764 se
1139 704 1242 765 defen-

145 793 214 853 dent
216 794 343 872 ,quique
357 792 412 852 illis
425 797 692 873 patrocinabuntur,
707 817 771 856 esse
780 797 876 864 cives;
899 796 952 856 sed
966 797 1047 876 leges
1061 806 1093 857 et
1105 797 1250 878 Neaeram¹

144 887 180 946 de
195 887 392 946 facinoribus
385 897 460 947 mter
474 909 506 948 se
519 889 693 970 disceptare.
735 890 835 948 Cum'
828 910 857 948 m
877 891 1062 950 accusatione
1076 891 1241 965 versamini,

143 979 226 1058 leg'es
246 979 323 1058 ipsas
345 980 454 1052 audite,
467 1001 519 1060 per
532 1001 604 1060 quas
625 982 791 1062 respublica
804 991 849 1040 est
861 982 1025 1051 incolumis,
1036 992 1066 1042 et
1079 985 1241 1044 secundum

143 1091 219 1161 quas
231 1091 282 1130 ros
296 1074 541 1151 pronunciaturos
550 1074 680 1154 jurastis,
704 1074 774 1154 quid
790 1075 924 1149 jubeant,
944 1073 1014 1152 quid
1034 1075 1084 1139 illa
1108 1076 1241 1138 violarit:
1302 1087 1310 1102 ⁹

142 1164 195 1224 nbi
222 1175 316 1224 autem
334 1165 372 1224 ad
395 1165 610 1226 defensionem
621 1177 792 1247 perventum
816 1166 882 1238 erit,
907 1167 1102 1228 accusationis
1122 1170 1264 1229 firmatoe.

141 1257 256 1336 legibus
271 1269 301 1317 et
315 1257 494 1346 probationis
509 1279 686 1340 eorumquae
697 1259 864 1332 dictasunt,
877 1279 1031 1332 memores,
1047 1260 1241 1340 solaqueeJus

72 1414 73 1419 η
140 1350 256 1411 facie
230 1371 303 1422 vrsa,
310 1349 445 1429 cogitate
460 1351 617 1424 duntaxat,
631 1371 667 1411 an
683 1352 790 1412 Neaera
802 1372 869 1412 cum
883 1352 932 1424 sit,
945 1352 1016 1411 talia
1028 1354 1209 1433 perpetrarit.

134 1475 136 1482 ι
181 1446 231 1502 27.
259 1442 339 1502 lllud
365 1453 473 1516 sutem,
498 1443 703 1516 Athenienses,
729 1444 931 1527 recordatione
958 1444 1079 1523 dignum
1107 1454 1162 1525 est,
1186 1465 1239 1505 vos

139 1535 289 1609 Archiam,
309 1555 376 1596 curn
397 1536 564 1614 pontificem
587 1547 696 1616 ageret,
713 1537 878 1618 convictum
892 1537 920 1596 in
940 1536 1239 1617 judicio’impietatis,

139 1638 174 1686 ut
192 1629 242 1707 qui
260 1647 320 1688 non
339 1627 432 1706 patrio
447 1629 503 1688 ritu
518 1648 601 1689 sacra
621 1629 750 1702 fecisset,
770 1629 935 1709 punivisse3
956 1631 1049 1709 quiet
1064 1629 1101 1689 (ιε
1116 1630 1240 1690 aliisre-

139 1721 197 1779 bus
214 1723 266 1780 ‘est
293 1730 459 1794 accusatus,
487 1730 518 1779 et
540 1721 659 1799 Sinopae
680 1720 823 1806 meretrici
834 1721 987 1804 ¹victimam
1009 1722 1177 1796 adducenti,
1200 1722 1240 1782 ad

139 1831 220 1873 aram
236 1812 414 1874 Eleusiniam
434 1825 579 1872 mactasse
597 1813 753 1885 ferebatur,
776 1832 844 1873 cum
863 1833 924 1872 non
938 1813 1026 1872 moris
1045 1824 1122 1876 esset
1135 1834 1172 1875 eo
1191 1815 1240 1875 die

139 1897 269 1970 mactare
279 1905 423 1976 victimas,
437 1924 538 2010 neque
544 1905 621 1964 illius
635 1905 764 1966 mulieris
782 1915 859 1965 esset
871 1905 1057 1977 sacrificium,
1078 1907 1132 1966 sed
1147 1907 1238 1968 sacri·

139 1996 247 2058 ficnlas.
288 1996 407 2064 Quam
400 1996 488 2076 igitur
500 1995 630 2076 iniquum
651 1997 750 2070 fuerit,
764 2017 831 2057 eum
843 2006 875 2057 et
894 2017 933 2058 ex
957 2016 1066 2076 genere
1089 1996 1240 2076 Eumolpi

139 2089 256 2171 damur,
275 2098 304 2150 et
323 2087 408 2148 claris
422 2097 516 2148 ortum
529 2089 686 2172 natalibus,
699 2100 730 2150 et
743 2090 837 2150 civem
850 2089 1070 2162 Atheniensem,
1084 2100 1240 2170 propterea

139 2183 221 2263 quod
230 2181 333 2262 legum
351 2175 499 2262 quippiam
521 2182 688 2262 neglexisse
706 2183 870 2257 videbatur,
884 2184 1001 2244 dedisse
1014 2203 1127 2263 poenas,
1142 2204 1238 2264 neque

138 2274 227 2336 eivel
246 2284 446 2378 cognatorum,
460 2275 505 2334 rel
528 2275 687 2336 amicorum
708 2276 943 2356 deprecationem
964 2276 1119 2355 profuisse,
1141 2281 1238 2356 nequ'e

139 2377 203 2428 tum
225 2385 288 2438 sua,
302 2378 365 2425 tum
387 2367 527 2445 majorum
542 2385 660 2427 suorum
674 2367 777 2428 merita
793 2368 824 2426 in
845 2368 1067 2472 rempublicam,
1080 2388 1202 2447 neque
1189 2389 1239 2430 sa·

138 2457 263 2524 cerdotii
279 2458 482 2531 reverentiam,
497 2479 555 2539 quo
577 2460 683 2532 minus,
696 2481 764 2520 eum
784 2459 984 2541 deliquisse
957 2481 1037 2521 visus
1052 2470 1141 2532 esset,
1160 2460 1237 2521 mul·

138 2564 287 2615 ctaretur:
310 2552 445 2613 Neaeram
460 2546 569 2625 autern,
583 2573 649 2631 quae
663 2562 694 2613 et
707 2552 835 2614 eundem
851 2553 939 2613 deum
954 2552 1078 2628 violarit,
1098 2564 1129 2613 et
1143 2553 1238 2635 leges,

139 2666 196 2707 nec
210 2646 313 2725 ipsam,
327 2664 381 2703 nec
395 2644 468 2724 ejus
471 2644 558 2705 filiam
573 2646 668 2725 puniri
683 2664 700 2705 a
715 2645 821 2705 vobisf
878 2708 881 2713 ,

180 2742 232 2799 28
252 2737 394 2817 Equidem
409 2736 495 2797 valde
510 2736 607 2811 miror,
621 2736 691 2817 quid
705 2737 744 2797 ad
758 2757 811 2798 ros
832 2736 937 2798 dicturi
951 2738 1010 2798 sint
1023 2738 1053 2797 in
1067 2738 1236 2800 defensione

138 2832 219 2911 apud
233 2851 303 2891 ros.
325 2840 423 2889 utrum
437 2830 528 2890 civem
543 2850 607 2891 esse
623 2832 780 2891 Neaeram
773 2842 870 2903 istam,
884 2842 914 2891 et
934 2831 1049 2910 legibus
1071 2831 1154 2892 istius
1173 2852 1236 2893 ma·

138 2935 215 2984 trem
235 2923 378 2983 familias?
401 2924 460 2983 Sed
475 2932 614 2985 testatum
628 2934 683 2997 est,
705 2936 735 2982 et
754 2924 935 2984 meretricem
959 2944 1031 2994 esse,
1046 2934 1076 2983 et
1098 2923 1235 2984 ancillam

137 3017 229 3075 fuisse
253 3016 409 3076 Nicaretae.
452 3016 493 3075 At
513 3035 572 3074 non
595 3035 658 3075 esse
682 3034 802 3074 uxorem
823 3035 915 3085 suam,
930 3014 982 3074 sed
1001 3034 1055 3094 pro
1073 3016 1238 3090 concubina

137 3108 239 3168 haberi
258 3108 360 3168 domii
382 3108 442 3168 Sed
456 3091 539 3167 istius
554 3106 682 3166 mulieris
701 3106 792 3176 liberi,
807 3116 836 3163 et
851 3106 888 3164 ad
910 3104 1032 3164 curiales
1047 3103 1205 3184 introducti
1219 3125 1238 3165 a

139 3184 302 3281 Stephano,
317 3211 348 3261 et
372 3200 432 3261 filia
458 3201 519 3260 viro
543 3198 718 3259 Atheniensi
737 3197 861 3264 elacata,
886 3197 1041 3255 manifeste
1065 3196 1236 3270 ostendunt,

137 3313 204 3355 earn
217 3312 268 3372 pro
282 3312 372 3351 uxore
386 3290 496 3351 haberi.
539 3291 607 3351 Non
622 3300 720 3349 autem
736 3308 804 3348 sera
822 3308 889 3347 esse
913 3287 1034 3348 crimina
1048 3286 1090 3347 eis
1108 3287 1236 3366 objecta,

137 3397 168 3449 et
190 3386 420 3456 testificationes,
437 3404 490 3444 nec
509 3384 605 3463 ipsum
626 3380 806 3461 Stephanum
830 3381 963 3450 arbitror,
984 3400 1040 3440 nec
1060 3380 1148 3439 alium
1171 3381 1237 3461 ejus

137 3480 256 3541 nornine
271 3497 437 3559 quenquam
453 3477 608 3549 dicturum,
623 3484 675 3533 aut
687 3484 881 3545 ostensurum,
896 3473 1031 3531 Neaeram
1046 3493 1110 3533 esse
1124 3473 1236 3535 civem:

137 3572 227 3633 audio
249 3581 348 3631 autem
369 3567 428 3628 tale
454 3568 601 3649 quippiam
624 3588 691 3626 eum
710 3567 777 3625 loco
801 3564 976 3625 defensionis
998 3565 1163 3638 allaturum,
1183 3565 1236 3626 ha·

136 3668 208 3726 bere
229 3684 261 3727 se
282 3682 345 3735 eam
365 3662 550 3733 nonuxoris,
565 3660 617 3719 sed
631 3660 804 3721 concubinae
818 3660 895 3731 loco,
908 3654 963 3717 nee
982 3657 1088 3717 liberos
1107 3678 1172 3717 esse
1197 3660 1237 3719 is-

134 3757 282 3831 tius,sed
301 3755 413 3815 exalia
435 3752 569 3813 muliere
566 3754 650 3828 cive,
674 3773 763 3833 quam
783 3752 863 3832 prius
885 3750 1011 3818 duxerit,
1022 3762 1161 3829 cognata
1182 3771 1237 3812 sua

136 3861 302 3937 susceptos
330 3847 478 3906 Adversus
500 3844 588 3923 igitur
604 3845 741 3905 orationis
761 3844 844 3924 istius
867 3842 1087 3921 impudentiam,
1106 3854 1137 3902 et
1156 3862 1236 3902 com-

135 3954 268 4005 mentum
288 3940 476 4009 defensionis,
490 3949 519 3999 et
539 3958 590 3998 eos
611 3938 662 4016 qui
684 3936 782 3996 dicere
803 3956 856 4015 pro
877 3956 913 3996 eo
933 3936 1127 3995 testimonium
1141 3938 1235 4014 parati

137 4022 219 4111 sunt,
243 4035 447 4117 provocatione
464 4052 548 4110 aequa
567 4040 598 4091 et
620 4040 759 4089 accurata
780 4048 845 4089 cum
869 4047 905 4086 eo
921 4028 1070 4099 contendi,
1084 4047 1235 4107 perquam

135 4152 191 4191 vos
212 4130 371 4209 simplicem
394 4125 545 4185 veritatem
566 4122 797 4201 cognosceretis}
820 4130 852 4179 ut
872 4121 1001 4180 traderet
1023 4120 1152 4191 ancillas,
1169 4123 1235 4195 quse'

136 4238 200 4285 turn
215 4222 294 4303 apud
309 4220 444 4278 Neaeram
458 4216 584 4277 assiduae
600 4216 730 4284 fuerunt,
752 4234 820 4273 cunr
841 4212 970 4292 Megaris
995 4213 1033 4273 ad
1054 4211 1235 4289 Stephanum

135 4317 252 4387 venit,
260 4313 410 4372 Thrattam
431 4320 461 4369 et
480 4308 679 4377 Coccalinam,
710 4318 740 4366 et
765 4326 840 4385 quas
860 4316 963 4385 postea
988 4304 1039 4362 in
1035 4302 1112 4381 ejus
1125 4301 1236 4363 matri-

135 4411 237 4471 monio
250 4403 439 4495 compararit,
452 4402 617 4463 Xennidern
629 4401 822 4461 etDrosidem
827 4399 993 4478 ,quaesatis
1005 4396 1112 4467 sciunt,
1121 4407 1151 4457 et
1161 4398 1235 4460 Pro-

134 4522 249 4565 xenum
270 4488 456 4571 defunctum,
473 4507 504 4557 et
517 4496 682 4556 Aristonem
701 4486 1150 4573 superstitem,etAntidoridem
1168 4511 1235 4551 cur·
