2967 4950
448 267 919 370 uxounmoouciouunt'
1166 287 1228 350 sss

109 425 110 428 ¹
137 453 249 513 essem,
260 452 312 500 uos
323 435 448 499 'dicendo
459 435 519 502 non
532 439 599 502 esse
613 442 819 503 obtundendos
828 450 977 521 putarem:
994 441 1057 521 jem
1068 440 1151 502 utilis
1162 444 1228 520 qui·
1332 422 1335 429 ¹

141 532 210 592 dem
228 532 346 603 'auditu
369 531 421 592 sed
441 531 552 612 ovulgi
578 533 794 614 exspectatione
821 553 940 614 prorsus
967 530 1159 614 abhorrentia,
1181 552 1228 594 me

140 623 270 684 dicendo
291 624 400 684 habere
423 633 504 704 puto
551 625 623 685 Res
647 633 744 684 autem
763 625 864 704 pausis
889 625 1071 706 expedietur.
1113 623 1232 685 Audito

140 714 233 796 igitur
240 736 281 776 ee
293 716 501 797 etdijudioata,
516 718 539 778 si
552 717 634 778 robis
647 717 798 798 plauserit,
810 718 933 778 utimini.
974 718 1012 776 Et
1028 720 1125 789 breve,
1138 717 1231 778 Athe·

141 807 270 880 nienses,
294 817 325 868 et
345 829 461 888 nequo-m
483 829 595 870 sumam
618 809 756 870 orationis
778 809 941 883 exordium,
956 827 1050 890 neque
1071 809 1228 868 omnia-di·

117 915 220 959 'earm
271 900 340 980 Ejus
364 901 441 961 enim
462 902 511 980 qui
525 919 579 961 ros
603 901 741 980 deceptos
755 900 826 960 velit
851 920 915 960 esse
939 912 1021 980 puto,
1044 902 1229 962 considerare

142 1011 205 1072 quo
227 1001 314 1072 puoto
327 1013 384 1053 ros
406 993 551 1054 auditores
565 994 673 1054 allioist
694 1003 724 1053 et
741 993 851 1072 negotii
868 992 1069 1054 difficultatem
1082 1004 1229 1074 conteget,

141 1085 210 1162 ejus
222 1103 289 1144 vero
307 1085 357 1163 qui
375 1085 404 1144 in
425 1085 553 1144 animum
570 1085 718 1145 induxerit
730 1086 810 1145 boue
830 1085 889 1144 fide
903 1085 1055 1145 vobiscum
1074 1107 1159 1166 ogere
1171 1087 1230 1148 boo

142 1195 221 1247 esse,
233 1177 356 1254 primum
366 1185 404 1236 -ut
421 1177 509 1248 dicat,
520 1176 663 1257 'quidnam
677 1197 744 1236 cum
762 1179 821 1236 huo
837 1176 969 1256 prodiret
990 1179 1129 1238 senserit:
1149 1190 1191 1251 ut,
1206 1179 1231 1239 si

141 1286 179 1327 eo
195 1267 295 1328 audito
308 1277 376 1348 post
387 1269 526 1348 reliquam
539 1271 602 1349 ejus
617 1271 790 1330 sententiam
808 1269 907 1328 audire
920 1269 1025 1341 velitis,
1038 1281 1069 1328 et
1083 1271 1189 1330 doceat
1200 1283 1231 1332 et

141 1368 273 1438 exponat
285 1379 321 1420 ea
331 1379 396 1438 quae
407 1360 514 1439 optima
527 1361 580 1440 ipsi
593 1361 656 1422 viss
669 1362 788 1434 fuerint,
799 1362 844 1420 sin
856 1363 1032 1442 improbetis,
1041 1371 1076 1420 ut
1089 1363 1231 1441 quiescet,

141 1469 242 1528 neque
258 1440 316 1512 ‘vel
340 1451 423 1511 vobis
448 1453 486 1512 sit
512 1452 650 1512 molestus
673 1453 720 1512 vel
739 1455 924 1533 semetipsum
940 1453 1054 1513 -frustrn
1079 1454 1231 1533 defatiget.

142 1543 276 1602 Primum
298 1552 395 1603 autem
412 1545 470 1604 hoo
488 1545 564 1604 dico.
607 1545 683 1603 Mihi
698 1545 932 1624 Mitylenaeorum
952 1546 1059 1625 populo
1074 1546 1152 1606 fucta
1164 1566 1231 1608 esse

142 1634 261 1695 videtur
282 1634 395 1712 injuris,
408 1636 551 1715 vestrique
570 1653 636 1696 esse
655 1635 738 1696 officii
752 1646 793 1694 ‘ut
809 1656 861 1696 vos
882 1657 981 1695 eorum
998 1637 1091 1697 vicem
1107 1637 1230 1698 ulciscess

143 1729 236 1788 mini:
257 1729 335 1806 quod
348 1749 405 1808 quo
418 1740 506 1809 pecto
519 1730 582 1789 fieri
596 1729 711 1801 debeat,
726 1729 823 1788 dicere
836 1729 903 1788 mibi
918 1749 1005 1807 posse
1019 1729 1128 1800 videor,
1136 1732 1187 1790 ubi
1200 1740 1231 1791 et
1317 1806 1320 1813 Ι

144 1819 268 1882 affectos
279 1839 330 1882 eos
342 1841 406 1883 esse
416 1822 530 1902 injuria,
542 1831 574 1882 et
583 1823 688 1883 decere
698 1841 750 1883 ros
760 1831 794 1881 ut
803 1841 867 1882 eam
875 1820 1037 1895 vindicetis,
1045 1823 1212 1883 ostendero.

615 2003 764 2067 'xxxvi
835 1977 840 1982 ’

188 2120 316 2181 Primum
330 2143 389 2183 non
403 2123 476 2183 adeo
486 2123 588 2182 mirum
600 2131 655 2192 est,
671 2119 877 2196 Athenienses,
886 2117 1037 2178 consilium
1050 2117 1161 2176 daturis
1168 2137 1234 2178 ⁴non

145 2233 214 2274 esse
230 2214 314 2274 facile
336 2215 425 2276 verba
445 2215 552 2275 facere.
605 2215 679 2272 Cum
701 2212 778 2272 euim
796 2210 913 2290 negotia
935 2209 1097 2289 dequibus
1125 2209 1233 2290 delibef

143 2305 271 2364 randum
289 2315 335 2364 est
353 2307 430 2366 male
453 2324 484 2365 se
504 2305 624 2378 habent,
641 2303 747 2364 arduas
767 2321 830 2360 esse
854 2319 972 2360 necesse
995 2309 1039 2359 est
1059 2300 1147 2360 etiam
1168 2321 1232 2360 sus-

145 2407 249 2476 ceptas
265 2397 302 2457 de
316 2397 370 2458 iliis
390 2397 551 2458 suasiones.
593 2395 680 2465 Quod
699 2395 722 2454 si
734 2413 776 2453 ea
792 2403 946 2475 propterea
958 2392 1037 2471 quod
1047 2393 1154 2452 nudire
1172 2411 1233 2451 non

137 2490 235 2549 ‘vultis
249 2492 367 2552 meliors
380 2492 441 2552 fore
455 2512 523 2571 spes
537 2502 591 2564 est,
610 2492 666 2550 hoc
682 2490 733 2569 agi¹
742 2488 847 2547 decet:
868 2486 913 2546 sin
934 2488 989 2546 isto
1001 2497 1094 2565 pecto
1107 2498 1141 2547 ut
1152 2488 1234 2547 dete-

145 2582 225 2640 riore
238 2582 343 2654 omnia,
357 2585 399 2643 sic
411 2585 513 2644 melius
530 2584 606 2643 nihil
626 2586 685 2664 fiet,
699 2578 836 2661 quorsum
850 2581 1009 2653 attineturt
1029 2601 1063 2641 ea
1083 2582 1236 2641 deterrima

145 2678 222 2737 fient
231 2677 393 2749 admittere,
410 2699 445 2739 ac
458 2691 520 2740 tum
543 2692 572 2739 et
584 2688 652 2759 post
664 2679 779 2757 longius
796 2689 910 2757 tempus
931 2686 963 2738 et
982 2678 1127 2738 diffieilius
1143 2679 1181 2739 de
1193 2680 1236 2739 e'is

145 2771 336 2832 restituendis
350 2774 492 2847 laborare,
506 2794 573 2834 oum
592 2774 692 2834 liceret
711 2774 767 2832 hoc
784 2781 862 2831 statu
875 2772 1032 2831 etiamnum
1040 2792 1081 2831 ea
1094 2773 1236 2850 corrigere

146 2874 178 2923 et
193 2863 313 2923 reddere
326 2864 473 2924 meliorat
488 2866 562 2937 Vos,
577 2866 646 2925 dum
660 2866 700 2925 ita
713 2855 862 2924 vobiscum
876 2865 979 2941 agitur,
998 2884 1064 2923 esse
1077 2857 1235 2924 iracundos

147 2965 379 3015 consentaneum
403 2966 467 3015 est':
489 2956 573 3016 irdsci
596 2966 693 3017 sutem
718 2976 776 3015 non
798 2956 928 3014 sontibus
942 2954 994 3014 sed
1010 2957 1121 3032 absque
1136 2953 1248 3036 disori-.¹

147 3048 229 3106 mirre
252 3049 395 3120 omnibus,
418 3049 447 3108 id
470 3066 537 3109 vero
563 3069 659 3128 neque
680 3057 905 3107 consentaneum
919 3066 1023 3124 ‘neque
1046 3056 1156 3105 rectum
1180 3056 1235 3105 est.

149 3139 211 3207 Qui
232 3142 308 3200 enirn
333 3142 542 3220 praeteritarum
554 3158 657 3201 'rerum
680 3156 770 3199 ceusu
789 3158 849 3200 non
864 3138 994 3208 fuerunt,
1017 3148 1048 3198 et
1070 3156 1128 3216 quo
1147 3147 1236 3222 paeto
1281 3209 1284 3218 Δ

147 3231 261 3309 reliquo
274 3234 458 3293 emendando
472 3234 540 3293 sint
554 3232 661 3293 dicere
679 3242 815 3311 possunt,
835 3231 929 3310 gratia
941 3240 1038 3291 vestre
1058 3240 1127 3289 sunt
1139 3232 1236 3310 potius

149 3344 238 3404 quom
252 3325 319 3383 odio
330 3326 430 3404 digni:
450 3346 534 3404 quos,
546 3326 571 3385 si
584 3327 747 3406 importune
761 3324 925 3405 rejeceritis,
938 3345 1042 3403 segnes
1058 3323 1100 3384 ¹ud
1116 3344 1237 3403 surgen·

148 3416 221 3477 dum
235 3417 372 3477 reddetis.
407 3420 580 3497 Quanquam
594 3408 760 3481 autemnon
773 3418 885 3496 ignoro,
897 3438 976 3497 seepe
990 3437 1049 3477 non
1060 3418 1237 3493 auctoribus,

149 3510 204 3569 sed
218 3508 261 3568 his
275 3510 325 3588 qui
338 3510 418 3569 iratis
431 3510 631 3582 adversantur,
646 3510 714 3570 mali
724 3510 870 3590 quippiam
882 3510 1012 3570 accidere
1023 3509 1125 3580 solere,
1132 3520 1238 3570 ‘tamen

149 3602 190 3660 ad
215 3598 342 3661 dandum
365 3602 514 3663 consilium
536 3603 653 3663 surrexi.
704 3603 830 3663 Confido
852 3604 937 3676 enim,
959 3604 1163 3673 Athenienses,
1191 3623 1238 3663 me

149 3694 342 3755 nullius'mali
362 3714 481 3756 oausam
494 3708 638 3776 repertum
651 3696 695 3767 iri,
711 3706 740 3757 et
753 3696 872 3756 meliors
886 3696 968 3757 uobis
987 3715 1073 3776 quam
1088 3696 1159 3759 alios
1172 3714 1239 3756 sue-

149 3788 223 3848 dere
236 3808 334 3867 posse.

539 3966 542 3975 r
616 3920 773 3979 XXXVII.

193 4036 239 4095 Ea
252 4054 317 4115 quae
332 4037 509 4109 ecciderunt,
526 4037 814 4109 Athenienses‚.tolie
833 4047 911 4108 sunt,
923 4038 1141 4117 -qunlinomnes
1155 4034 1239 4094 surdi-

148 4127 245 4188 vistis.
286 4129 390 4207 Neque
401 4149 542 4189 'vero‘ros
555 4130 870 4205 consternatisnnimis
893 4126 1239 4207 eneruemfpraerertim

149 4240 221 4282 cum
235 4222 578 4303 scistisdesperstionem
596 4244 692 4301 neque
714 4224 802 4283 rebus
820 4223 891 4303 ipsis
900 4218 1240 4283 ⁴tcommodsretetrobiu

150 4332 222 4373 esse
234 4314 410 4393 indignam:
433 4315 485 4375 sed
499 4315 581 4375 vobis
603 4316 673 4396 ipsis
687 4335 731 4375 eu
751 4316 1048 4395 corrigendaputare,
1060 4309 1241 4370 idetoffioii

149 4409 323 4469 esse‘vestri
336 4416 473 4470 etzvesns
483 4408 604 4486 dignum
626 4408 963 4504 auctoritqteuidebitur.
992 4401 1241 4465 Conuenituutem
