2967 4950
250 313 311 377 utu
521 311 753 380 ADVERSUS·
767 308 1078 376 nocturnum.

252 467 360 549 gutum,
375 465 561 539 Eubuliueu,
576 468 731 541 Strstium,
744 467 923 538 Habronem,
937 477 969 527 et
982 464 1181 533 cteooritnm:
1201 459 1237 523 hi
1248 478 1358 522 omues

253 560 354 623 Bussli
367 559 418 622 filii
431 560 484 624 viri
498 559 664 633 faeti-sunt,
678 560 754 621 inter
769 574 843 639 quos
857 576 959 622 omues
974 557 1101 619 Buselus
1110 554 1271 627 ,facultates
1284 571 1358 615 suas

252 663 330 715 recte
342 665 372 716 et
380 658 519 729 justetut
531 653 736 725 perueniebat,
751 651 907 721 distribuit.
935 642 1358 719 &neutrumne-usonem
1467 697 1468 740 3

253 745 377 827 quisque
391 745 475 811 duxit
488 756 522 805 ut
533 746 615 823 leges
630 754 733 806 vestroe
745 747 867 823 jubent:
888 754 919 803 et
929 743 980 803 fflii
993 743 1055 804 nati
1069 753 1139 803 suut
1156 740 1200 801 eis
1218 738 1358 829 omuibus
1432 823 1436 831 .

253 849 445 918 et·'nepotes;
464 837 611 916 -fectoeque
632 847 702 903 suut
722 858 763 907 ,ex
786 838 874 899 unios
895 836 997 909 Bussli
1019 835 1150 914 quinque
1168 832 1304 918 fenilio:
1326 840 1360 903 et

253 932 374 999 seorsim
389 930 514 1011 quisque
527 931 678 1003 habitavit,
695 930 915 1008 suem-quisque
926 930 1045 999 domum
1059 927 1171 998 hebuit,
1183 935 1215 997 et
1225 924 1360 997 sobolom
1467 939 1468 972 t

254 1024 428 1103 procreavit.
471 1024 630 1093 Detribus
639 1023 727 1103 igitur
739 1023 876 1083 frutribus
889 1021 990 1081 Buseli
1004 1020 1070 1081 filiis
1083 1036 1242 1098 eorumque
1257 1026 1360 1096 poste·

194 1126 196 1131 '
253 1116 303 1187 ris,
317 1115 449 1187 Judiees,
464 1115 533 1194 quid
549 1132 605 1194 ego
620 1115 702 1179 uubis
716 1114 870 1192 negotium
880 1114 1031 1183 facessam
1039 1112 1153 1183 etmihi
1165 1110 1231 1191 ipsi,
1239 1110 1284 1187 de
1296 1110 1360 1170 sin-
1467 1117 1468 1166 ἶ

254 1209 330 1287 gulis
345 1208 554 1273 memorando?
576 1208 653 1267 Cum
665 1208 788 1267 enimin
802 1205 907 1270 eodem
918 1209 1095 1297 sintgenere
1107 1205 1360 1287 oumThsopom-

253 1321 291 1380 po
306 1310 336 1365 et
348 1318 449 1364 omnes
464 1321 548 1389 seque
569 1300 716 1379 Hugnitun
731 1301 888 1379 attingant,
902 1302 985 1387 ouJ'us
1007 1310 1059 1385 est·
1073 1298 1241 1367 haereditas,
1255 1296 1359 1357 nulius
1467 1365 1468 1392 ,

253 1411 353 1459 eorum
361 1410 459 1481 neque
465 1394 545 1475 prius
555 1412 684 1471 unquam
699 1412 796 1472 neque
809 1410 889 1453 nune
898 1394 1038 1456 molestus
1050 1392 1134 1452 uobis
1144 1390 1201 1450 fuit
1213 1390 1361 1452 sortitam
1467 1405 1469 1476 ζ

253 1488 353 1559 movit,
363 1506 459 1566 neque
471 1487 524 1547 vel³
532 1486 570 1546 de
582 1486 757 1548 haereditate
768 1485 895 1564 Hagniae
905 1486 955 1547 sel·
965 1485 1003 1545 de
1012 1484 1133 1543 muliere
1142 1482 1256 1562 pupille
1264 1500 1359 1562 quem
1467 1511 1468 1562 p

253 1596 309 1657 ego
332 1577 428 1639 habeo
441 1579 471 1639 in
490 1578 602 1658 judicio
627 1578 780 1642 nobiscum
796 1577 963 1650 eoutsudit,
984 1576 1037 1637 sed
1060 1576 1265 1639 existimarunt
1283 1575 1360 1641 nihil
1467 1581 1468 1584 ’

253 1690 372 1751 prorsus
386 1671 424 1731 ad
436 1691 469 1734 se
480 1671 603 1734 attinere
615 1669 856 1751 quioquidesset·
866 1670 1004 1749 Hagno.
1023 1670 1288 1750 ‘Superuuuanoum
1303 1668 1359 1747 tgt

253 1774 302 1823 tur
324 1762 393 1823 mihi
411 1780 477 1825 esse
496 1764 611 1825 videtur
625 1764 832 1843 quicquumde
846 1764 890 1823 his
903 1763 1015 1836 dicere,
1029 1763 1085 1823 nisi
1099 1772 1247 1842 quatenus
1262 1761 1360 1824 ettin-

254 1856 387 1936 gendum
404 1858 474 1919 erit:
496 1858 533 1919 de
547 1858 736 1937 Theopompo
758 1869 859 1925 sutem
873 1856 1030 1927 Msuurtuti
1051 1867 1144 1936 petre,
1157 1866 1189 1920 et
1207 1855 1360 1935 ipsoMu-
1467 1879 1468 1882 ¹

220 2016 223 2024 ,
254 1958 377 2022 earum,
391 1949 487 2011 dehis
501 1960 549 2017 est
563 1950 811 2012 mihineeesserio
825 1948 991 2010 dicendum.
1022 1945 1359 2022 Resautemuuuieos,
1467 1945 1468 2004 ἴ

223 2027 362 2123 *paneis
373 2042 502 2123 expediri
514 2052 623 2122 potest.
1283 2081 1287 2092 ι
1467 2049 1468 2064 ’

294 2138 323 2197 7.
347 2137 387 2199 Ut
409 2138 499 2215 paulo
518 2146 587 2200 aute
607 2136 772 2210 audivistis,
786 2136 896 2200 Busolo
910 2137 1039 2216 quinque
1052 2125 1133 2203 ‚filios
1149 2136 1242 2197 fuisse
1255 2146 1361 2213 uetus,
1467 2183 1469 2210 ἰ

238 2230 450 2305 ¹horum‘unus
462 2229 518 2289 fuit
533 2230 666 2303 Stratius,
681 2250 699 2291 a
712 2250 771 2309 quo
792 2230 984 2294 Mocrtrtstus¹
997 2229 1137 2291 oriundus
1158 2240 1215 2300 est,
1230 2239 1263 2292 et
1282 2230 1361 2294 alter
1467 2217 1469 2245 i

254 2321 399 2401 Hagnies,
423 2340 442 2381 a
462 2336 522 2403 quo
535 2338 608 2401 puer
625 2322 673 2381 hio
688 2322 830 2401 originem
846 2322 936 2384 ducit.
978 2321 1072 2383 Natus
1090 2331 1189 2381 sutem
1211 2330 1258 2384 est
1277 2321 1361 2384 filius

254 2414 381 2494 Hagnise
395 2404 525 2486 Bolemo,
541 2424 571 2480 et
588 2415 650 2486 filie,
668 2415 880 2496 Phylomache,
894 2434 976 2482 soror
990 2415 1158 2479 Polemonis
1171 2430 1315 2495 gementu
1330 2426 1362 2479 et

253 2507 379 2568 uterina:
396 2508 504 2568 Stratio
520 2509 647 2587 Hagniae
662 2508 752 2570 fratre
765 2510 826 2571 nuti
840 2510 1112 2575 suthhsnustrete
1123 2509 1361 2576 eschaummnn

255 2600 413 2659 Macartati
429 2619 511 2681 esus.
538 2602 562 2659 E
576 2602 658 2662 vobis
672 2601 761 2680 igitur
776 2621 887 2681 quaero,
897 2589 1028 2673 Judices,
1041 2613 1108 2662 uter
1120 2602 1311 2682 conjunctior
1320 2603 1361 2662 sit

254 2705 284 2755 et
301 2695 418 2774 propior
429 2696 566 2776 Hagniae‚
583 2697 609 2756 is
630 2696 751 2757 Polemo
772 2697 860 2769 filius,
873 2707 904 2758 et
917 2697 977 2757 fitia
996 2697 1207 2777 Phylomache,
1221 2718 1262 2757 sn
1273 2699 1360 2759 Cho-

253 2787 381 2847 ridemus
401 2789 501 2848 Strotii
520 2788 607 2862 filius,
622 2789 750 2867 Hagnire
766 2808 803 2849 ex
813 2790 904 2851 fratre
918 2790 1031 2872 nepos?
1067 2791 1132 2869 Ego
1141 2790 1261 2868 quidem
1274 2803 1360 2853 certe

252 2879 355 2960 opinor
365 2881 456 2940 filium
470 2891 501 2941 et
513 2881 602 2942 filiam
616 2881 774 2960 unicuique
787 2892 919 2943 nostrum
933 2885 1020 2964 longe
1033 2883 1264 2962 conjunctionem
1277 2891 1359 2958 esse,

252 2985 337 3052 quam
361 2973 454 3034 fratris
476 2973 620 3034 sororisve
642 2973 751 3033 filiurn:
773 2975 967 3061 neque'apud
989 2995 1043 3036 uos
1062 2974 1167 3049 solum,
1190 2975 1359 3049 sedjetiam

252 3067 330 3146 apud
344 3079 468 3139 coeteros
482 3077 546 3126 turn
561 3066 684 3128 Grecos
697 3076 761 3126 tum
772 3068 917 3129 Barbaros
929 3068 987 3130 hoc
1002 3077 1154 3147 receptum
1165 3078 1227 3138 est,
1264 3057 1360 3139 Quod

251 3178 318 3219 cum
347 3160 376 3218 iu
400 3159 537 3219 confesso
560 3159 607 3231 sit,
629 3157 715 3218 facile
740 3159 1094 3238 praeostentatione,
1116 3159 1298 3240 intelligetis,
1327 3172 1360 3222 et

249 3251 324 3316 istos
344 3252 482 3312 hominos
499 3270 566 3310 esse
584 3250 728 3311 violentos
747 3260 777 3310 et
789 3261 951 3330 protervos,
968 3251 1110 3312 sentietis.
1180 3310 1183 3315 ,

291 3345 320 3404 8.
341 3341 508 3403 Polemonis
521 3343 598 3402 enim
618 3340 746 3422 Hagniae
765 3340 816 3402 filii
836 3335 913 3402 filius
930 3344 986 3404 fuit
1005 3345 1152 3423 Hagnios,
1165 3345 1271 3405 eodem
1286 3337 1358 3408 oum

251 3454 307 3496 ovo
321 3455 375 3495 suo
390 3435 508 3514 Hagnia
521 3435 647 3494 nomine.
690 3433 730 3494 Et
752 3435 777 3494 is
791 3433 910 3514 quidem
923 3436 1067 3515 posterior
1082 3431 1216 3518 Haguius
1237 3425 1356 3520 sineli-

250 3528 328 3588 beris
343 3527 485 3590 decessit:
507 3527 716 3608 Phylomsohae
730 3537 839 3600 autem,
854 3527 960 3590 sororis
978 3529 1157 3604 Polemonis,
1169 3541 1200 3592 et
1219 3529 1358 3612 Philagri

250 3620 338 3680 —oui
353 3620 435 3680 dedit
444 3638 509 3680 eam
521 3618 609 3682 freter
623 3618 756 3692 Polemo,
767 3621 876 3702 quippe
889 3622 1017 3701 patrueli
1030 3642 1104 3683 suo:
1126 3622 1265 3704 Philager
1273 3627 1357 3686 enim

250 3714 326 3794 eum
341 3716 396 3776 suit
409 3715 564 3780 Eubulide
578 3715 675 3776 fratris
690 3716 867 3796 Hagniae-‚
882 3717 1014 3798 Pulagn
1027 3703 1098 3781 sane
1112 3720 1253 3799 patruelis
1264 3720 1355 3782 Pon-

249 3809 354 3882 monis,
368 3809 444 3878 filius
458 3808 514 3869 fuit
526 3809 688 3873 Eubulides
698 3819 847 3870 maternus
862 3829 933 3871 avus
946 3811 1040 3890 hujus
1050 3812 1142 3892 pueri.
1172 3813 1211 3872 Et
1223 3811 1257 3872 hi
1270 3815 1355 3876 liberi

248 3899 368 3964 fuerunt
388 3901 552 3971 Polemoni,
573 3911 613 3974 et,
637 3901 728 3962 sorori
749 3901 929 3976 Polemonis,
944 3902 1176 3984 Phylomuohse:
1204 3925 1222 3968 e
1247 3895 1355 3967 Chariss

248 3987 336 4058 demo
350 4002 448 4054 autem
461 4004 547 4058 uatus
561 4003 617 4063 est,
634 3993 734 4055 Stratii
754 3993 825 4065 filio,
845 3995 1053 4078 Theopompus
1072 4005 1157 4077 pater
1179 3999 1355 4061 Macartati.

249 4082 356 4150 Denuo
369 4085 456 4164 igitur
470 4105 580 4169 quaero,
597 4087 730 4159 Judices,
745 4094 810 4146 uter
824 4087 1010 4168 conjunctior
1029 4089 1068 4149 sit
1090 4102 1121 4150 et
1142 4091 1263 4171 propior
1287 4093 1354 4153 He-

248 4171 336 4260 g'niae,
359 4177 452 4264 primo
477 4179 529 4251 illi,
549 4179 717 4241 Polemonis
738 4178 815 4238 tilius
840 4179 984 4260 tinguitis,
1002 4191 1034 4242 ot
1054 4182 1217 4246 Eubulides
1239 4183 1353 4266 Phyle

247 4271 361 4331 maohoe
374 4271 451 4336 filius
465 4281 495 4331 et
509 4270 648 4350 Philagri,
664 4291 701 4331 an
719 4271 928 4354 Theopompus
953 4275 1122 4335 Charidemi
1139 4275 1227 4350 filius,
1247 4262 1352 4339 Strstii

247 4361 362 4441 nepos?
383 4363 448 4443 Ego
471 4362 617 4435 existimo,
634 4361 767 4434 Judioes,
782 4363 806 4422 si
827 4364 946 4443 quidem
966 4377 997 4426 et
1012 4366 1088 4428 filius
1113 4368 1207 4430 multo
1227 4370 1352 4450 cunjun-

248 4453 322 4530 etior
336 4463 380 4514 est
393 4466 423 4516 et
435 4455 504 4528 fitia,
514 4474 623 4530 rursus,
639 4477 655 4518 e
669 4456 728 4516 filio
741 4466 772 4516 et
784 4478 801 4517 e
815 4457 874 4518 fiiis
887 4468 989 4520 notum
1004 4461 1104 4537 filium,
1118 4463 1260 4526 hosesse
1275 4455 1352 4526 eon·
