2967 4950
480 371 647 432 conans
670 371 889 436 senonen.
1108 343 1111 349 ’
1175 373 1234 430 res
1335 453 1338 458 Ι
1454 400 1455 403 ¹

188 528 235 588 10.
255 526 323 587 Jam
346 525 428 606 quid,
446 545 515 588 uum
536 525 686 587 arbitrium
705 527 798 597 tieret,
817 525 940 605 egerint,
958 525 1042 586 robis
1060 524 1236 603 explicatior

134 637 212 680 nam
227 618 273 678 rei
292 617 362 680 inde
374 618 495 680 istorum
512 619 703 700 petulantiam
716 619 911 700 perspicietis.
952 617 1058 678 Noctis
1070 617 1147 678 enim
1159 624 1236 696 pens

134 711 328 790 intempeste
346 720 465 791 captato
477 722 619 791 tempore,
632 729 727 790 neque
739 712 906 772 testimuia
916 710 1016 790 κςεη
1028 728 1123 788 neqm
1137 727 1236 770 exem·

134 803 285 884 pindere
305 801 469 874 voluerunt,
492 812 582 881 atqua
605 821 705 864 curum
723 804 774 880 qni
791 804 876 864 nobis
900 801 1026 864 aderant
1045 799 1177 880 ningulus
1196 800 1236 859 ad

139 915 228 958 eram
237 895 432 969 adduxerunt,
442 906 473 957 et
483 898 619 973 jurarunt
630 904 661 957 et
673 894 835 956 testimonie
849 895 1027 974 scripserunt
1040 893 1114 954 nihii
1124 893 1164 953 ad
1177 911 1238 953 rear

144 987 313 1066 attinentia,
326 987 382 1048 sed
405 987 491 1068 hujus
517 989 643 1068 generis,
666 1007 712 1048 ex
741 988 958 1049 meretrice
984 989 1067 1049 sibi
1100 996 1237 1046 natum

145 1099 238 1142 eum
260 1100 422 1161 puerum
455 1091 487 1141 et
514 1100 751 1161 perpessum
779 1099 870 1142 esse
891 1081 975 1139 basc
997 1092 1036 1140 et
1057 1081 1149 1153 brec,
1171 1097 1238 1158 qum
1332 1161 1335 1166 .

145 1171 358 1248 mediusfidius,
371 1173 506 1247 Judicaa,
516 1193 603 1236 nemo
615 1175 665 1254 qui
679 1165 783 1235 aderat
803 1193 864 1236 nun
879 1182 911 1234 et
922 1172 1108 1253 vituperabat
1118 1181 1150 1232 et
1159 1191 1238 1250 segre

145 1265 278 1330 serebat:
299 1264 425 1346 denique
446 1266 495 1327 isti
512 1267 600 1328 etiem
621 1266 678 1347 ipsi
702 1267 787 1330 invisi
805 1266 927 1329 fiebant.
966 1263 1099 1325 Tandem
1108 1264 1170 1343 jam
1184 1263 1239 1324 da·

144 1358 259 1438 fatigati
272 1369 304 1422 et
323 1359 420 1424 satiati
435 1360 498 1422 istis
511 1359 638 1440 ineptiis,
652 1361 834 1440 profitentur,
851 1358 990 1421 eludendi
1003 1377 1094 1420 causa
1106 1367 1139 1418 et
1148 1376 1187 1417 eo
1199 1375 1239 1418 ua

145 1450 242 1514 echini
254 1452 449 1532 signarentur,
463 1453 571 1515 dedere
588 1453 664 1514 velle
677 1474 709 1516 ee
723 1455 761 1516 de
773 1453 872 1534 plagis
885 1472 995 1526 seruus,
1008 1450 1123 1532 seriptis
1137 1468 1239 1511 eoram

145 1544 332 1606 nominibus:
352 1553 383 1606 et
401 1565 481 1614 nunc
495 1548 597 1627 opinor
609 1545 667 1607 bac
685 1546 723 1606 de
744 1567 776 1608 rs
793 1546 920 1627 piurima
932 1546 1022 1607 amba
1033 1544 1141 1605 factori
1159 1553 1239 1603 sunt.

146 1636 214 1716 Ego
230 1656 301 1702 vero
312 1638 396 1698 vobis
409 1638 543 1702 omnibus
556 1639 630 1702 illud
641 1638 889 1701 considerandam
900 1657 1020 1711 censeo,
1032 1637 1117 1710 istus,
1130 1636 1154 1696 si
1170 1654 1239 1715 pru·

144 1738 250 1810 ptores
260 1741 469 1809 provocassent
480 1741 515 1796 at
526 1731 703 1812 questiones
716 1731 893 1792 haberentur
905 1739 937 1792 et
948 1749 985 1793 eo
1000 1732 1068 1808 jare
1085 1728 1151 1806 freti
1167 1727 1240 1788 inis-

146 1833 222 1896 unt,
243 1843 313 1897 non,
333 1843 402 1888 oum
418 1827 482 1903 jam
505 1825 612 1888 arbiter
636 1825 725 1886 ferret
744 1821 928 1897 sententiam,
944 1833 1047 1897 nocto,
1069 1841 1139 1883 cum
1158 1820 1241 1880 nulla

147 1933 242 1979 causa
254 1916 366 1996 reliqua
386 1927 475 1990 esset,
488 1917 578 1984 fuisse
598 1926 826 1997 provocaturos:
847 1913 900 1978 sed
919 1915 1054 1994 primum,
1068 1923 1137 1974 ante
1148 1913 1240 1974 actio·

146 2027 216 2072 nem
229 2008 400 2082 institutam,
414 2010 485 2072 dum
499 2030 556 2089 ego
570 2020 699 2090 aegrotus
713 2008 926 2072 decumbebam
937 2018 968 2072 et
981 2009 1100 2087 ignarus
1114 2026 1152 2066 aa
1172 2023 1241 2065 ers·

146 2119 233 2162 smus
246 2119 341 2162 essem
354 2101 433 2180 epod
451 2101 615 2181 omnesqui
628 2121 675 2164 me
687 2103 824 2164 visebant
835 2101 991 2180 modtebar
1010 2098 1145 2179 istunpri
1159 2116 1240 2158 mum

144 2192 326 2265 verberasse,
341 2203 372 2252 et
392 2191 580 2272 plurimarum
598 2192 839 2255 contumeliarum
858 2211 933 2271 qaas
954 2211 1110 2273 perpessus
1128 2190 1241 2250 fueram

147 2293 301 2344 ancmrem
314 2301 391 2353 esse,
406 2292 467 2352 turn
486 2282 583 2346 statim
602 2283 701 2346 multis
720 2284 843 2346 tesnbus
856 2284 993 2359 adbffiitis
1002 2282 1041 2343 ad
1054 2283 1135 2342 edes
1145 2281 1241 2341 venire

148 2373 263 2448 debuit,
278 2385 342 2436 tum
364 2394 461 2441 servos
482 2375 608 2451 tradere,
620 2385 684 2444 tum
705 2377 822 2456 aliquos
844 2397 882 2438 ea
903 2378 1059 2458 Areopago
1079 2393 1240 2437 accersere.

148 2469 183 2529 Si
196 2467 273 2537 enim
286 2467 434 2544 obiissem,
446 2467 525 2551 apud
546 2467 612 2535 illos
626 2487 719 2535 causa
730 2467 849 2551 agenda
864 2469 979 2532 fnisset
1020 2468 1148 2538 Quodsi
1165 2466 1241 2528 illud

145 2562 303 2643 ignoravit,
315 2571 354 2625 'et
376 2562 435 2624 hoc
449 2566 517 2640 jure
529 2562 631 2637 fretus,
649 2573 684 2625 ut
695 2582 775 2627 nunc
788 2564 878 2637 diuet,
891 2584 925 2624 ee
942 2563 982 2623 ad
999 2572 1114 2624 mamm
1126 2562 1242 2643 pencu-

147 2654 212 2715 lum
225 2675 286 2717 non
299 2655 428 2737 parasita
449 2656 553 2717 sutem
568 2646 725 2737 postquim
746 2677 927 2719 surrexeram
939 2676 1064 2736 eumque
1073 2655 1135 2735 jam
1153 2674 1243 2717 mcu-

148 2748 261 2823 sabsm,
275 2747 307 2807 in
326 2747 421 2829 primo
444 2768 608 2829 congressa
630 2750 710 2830 apud
732 2748 872 2812 arbitrum
889 2748 1069 2810 tradidisset.
1094 2747 1242 2818 ouum
1354 2797 1356 2800 .

147 2843 205 2922 iate
224 2841 297 2906 nihil
317 2840 398 2905 facit.
434 2842 476 2905 Ut
493 2853 592 2908 ouum
608 2864 658 2907 mu
669 2864 740 2907 vcra
760 2844 868 2920 dicere,
881 2853 970 2923 atque
992 2842 1131 2904 eludendi
1149 2842 1243 2922 gratia
1291 2842 1296 2853 ’

147 2944 348 3016 comparatam
360 2934 453 2999 fuisse
470 2936 718 3017 provocationem,
733 2938 958 3011 consuessem
969 2938 1027 2997 boe
1035 2937 1241 3005 testimoniam,

150 3047 189 3089 ex
199 3046 259 3107 qno
270 3028 302 3093 id
314 3028 370 3089 erit
375 3026 575 3109 perspicuum.

543 3257 852 3331 TESTIMONIUM.

148 3414 198 3475 bo
217 3414 298 3497 quud
320 3414 360 3478 'ad
382 3415 560 3494 mustiones
583 3415 696 3487 attinet,
710 3414 898 3477 memineritis
919 3424 950 3474 et
967 3414 1047 3473 horas
1061 3432 1122 3495 qua
1137 3433 1243 3493 proru-

148 3504 284 3579 aaritet
307 3506 411 3586 quibas
432 3506 473 3567 de
496 3507 593 3570 censis
615 3507 647 3568 id
667 3507 779 3578 iecerit.
793 3519 830 3575 nt·
845 3507 940 3589 prima
956 3517 1087 3589 tempure
1100 3507 1243 3582 studeret,

44 3679 50 3687 Ι
148 3597 257 3677 quibas
278 3598 354 3659 illud
369 3599 421 3679 jus
440 3616 506 3659 sum
527 3618 673 3679 nusquam
686 3599 817 3663 voluisse
828 3598 988 3681 procedere
1000 3610 1127 3670 constat,
1146 3617 1243 3680 neque

148 3691 198 3756 vel
211 3710 397 3771 provocasse,
411 3692 457 3752 rei
470 3694 645 3773 postulasse.

152 3826 156 3831 -
195 3788 242 3847 ll.
264 3787 339 3855 Ques
352 3804 420 3845 cam
433 3786 531 3847 omnis
546 3797 776 3866 -euarguerentur
789 3786 869 3866 apud
883 3786 1033 3855 arbitram,
1052 3784 1244 3863 quemadmo-

139 3880 222 3955 dum
246 3888 279 3938 et
302 3879 381 3957 apnd
405 3900 467 3949 vos,
482 3890 638 3959 aperteque
657 3880 859 3940 ostenderetur
875 3896 944 3941 eam
965 3878 1057 3939 teneri
1077 3878 1244 3938 criminibus

148 3972 297 4042 omnibus,
310 3973 467 4052 interponit
488 3974 594 4033 salsum
618 3972 823 4045 testimonium,
843 3980 874 4031 et
894 3980 985 4031 testes
1006 3970 1148 4043 inscribit,
1169 3988 1244 4048 quos

86 4121 96 4131 ,,
147 4084 205 4125 nec
218 4065 301 4125 vobis
316 4066 433 4145 ignotos
446 4066 506 4127 iore
519 4084 638 4143 censeo,
652 4074 809 4146 postquam
823 4064 987 4125 audieritis:

183 4204 301 4255 Diotimns
312 4205 412 4260 Dictim'r
421 4208 451 4255 F.
461 4208 597 4265 luerienriu,
607 4208 767 4257 Archabisdes
779 4207 908 4259 &motuis
918 4206 947 4259 F·
960 4204 1081 4264 bimait,
1091 4199 1245 4263 Quum

144 4278 293 4331 Cbmimeuis
305 4282 336 4331 1².
346 4283 484 4345 Pittheusis,
495 4284 645 4334 testificantur
658 4301 683 4335 se
694 4286 780 4334 abiisse
796 4300 810 4331 a
827 4301 891 4334 omna
906 4301 958 4332 uum
968 4284 1070 4338 cauae,
1081 4285 1106 4327 et
1114 4276 1244 4325 onomius·

145 4358 175 4407 im
185 4360 238 4407 mre
248 4360 278 4406 ad
288 4359 423 4409 meam
433 4368 458 4410 et
478 4360 550 4411 fflions
558 4362 661 4411 &nonis
675 4368 814 4425 pugnantes,
824 4369 848 4409 et
860 4376 905 4409 nua
916 4358 1062 4415 aaamrnists
1071 4366 1153 4403 ntum
1169 4354 1246 4403 θοῦν*

147 4436 394 4491 ιιι-«Λήιίοκιιι
