2967 4950
250 334 309 393 eur
459 300 509 394 iu
530 334 733 397 avuncuii
756 333 806 393 ar
827 329 1118 404 mnasrnunuu.

249 498 356 572 sertim,
366 498 417 579 qui
428 500 502 579 legis
516 509 546 560 et
558 500 741 561 decretorum
752 513 911 562 seruorum
919 502 1093 587 auctoritate
1104 522 1140 562 ea
1150 520 1217 581 quea
1227 501 1332 563 deben-

250 600 298 650 tur
311 591 412 671 exigit.
454 593 532 671 Lege
546 592 615 652 mihi
625 593 758 685 decreta,
772 605 803 653 et
815 594 991 655 testimonia.

491 791 493 797 ’
543 814 749 875 uacuam.
790 812 1054 872 rusrruonm.

292 956 338 1011 12.
360 953 436 1013 Cum
447 962 542 1013 autem
558 964 658 1033 erepta
670 954 740 1013 mihi
754 965 852 1013 essent
863 956 986 1033 pignora
999 975 1017 1013 a
1030 955 1219 1033 Theopbemo
1238 963 1269 1014 et
1282 974 1336 1033 ego

243 1046 416 1105 vverberibus
430 1046 562 1119 affectus,
571 1066 744 1126 progressus
758 1045 788 1103 in
802 1057 946 1116 senatum,
958 1047 1079 1107 verbera
1091 1046 1218 1116 ostendi,
1231 1057 1262 1106 et
1273 1066 1338 1124 qua

249 1157 405 1217 perpessus
429 1157 522 1197 essem
545 1139 669 1211 narravi,
692 1139 780 1216 idque
800 1138 949 1215 exigendis
973 1138 1045 1217 reip.
1061 1139 1259 1199 armamentis.
1301 1141 1340 1198 At

249 1241 379 1300 senatus,
394 1232 431 1290 ob
444 1250 557 1308 eaquae
573 1232 642 1289 mihi
659 1230 826 1290 acciderant
836 1229 1014 1308 indignatus,
1029 1251 1096 1291 cum
1110 1250 1156 1291 me
1169 1242 1203 1290 ut
1215 1230 1338 1291 affectus

252 1340 349 1382 essem
371 1322 500 1393 vidisset,
522 1342 644 1400 eamque
660 1321 867 1381 contumeliam
891 1342 950 1382 non
971 1322 1051 1393 mihi,
1068 1323 1121 1383 sed
1143 1324 1198 1383 sibi
1220 1323 1285 1403 ipsi,
1310 1336 1340 1384 et

248 1415 358 1495 populo
378 1415 489 1475 decreti
511 1416 631 1485 auctori,
647 1424 678 1474 et
698 1414 757 1493 legi
781 1434 848 1491 quoe
866 1415 982 1493 exigere
1004 1426 1184 1476 armamenta
1210 1426 1339 1495 cogeret,

247 1507 357 1569 iactam
371 1507 557 1578 existimaret,
570 1506 640 1565 mihi
660 1506 818 1578 mandavit,
832 1518 865 1566 ut
888 1528 957 1567 eum
976 1508 1137 1585 majestatis
1154 1527 1338 1580 accusarem,

246 1610 278 1661 et
290 1601 424 1660 curiones
437 1600 463 1661 ei
477 1600 588 1661 dictare
604 1600 747 1675 judicium
760 1600 836 1660 intra
848 1600 978 1672 biduum,
989 1612 1023 1660 ut
1044 1600 1147 1680 injurio
1160 1611 1192 1660 et
1203 1602 1337 1661 navalem

248 1692 461 1771 expeditionem
473 1692 652 1773 impedienti,
661 1693 761 1769 jussit,
774 1704 927 1771 propterea
938 1694 1021 1772 quod
1037 1705 1069 1753 et
1081 1703 1262 1755 armamenta
1280 1714 1339 1754 non

248 1784 393 1855 redderet,
408 1794 438 1845 et
449 1786 572 1865 pignora
590 1785 754 1865 eripuisset,
768 1795 799 1845 et
822 1790 868 1843 m'e
890 1784 940 1864 qui
957 1786 1101 1865 exigerem
1115 1797 1145 1845 et
1157 1787 1269 1866 reipub.
1294 1787 1339 1847 iu-

249 1876 384 1939 serrirem
397 1879 564 1939 verberibus
578 1878 732 1939 affecisset.
764 1879 856 1938 Facto
874 1878 962 1956 igitur
975 1879 1013 1938 de
1028 1878 1055 1937 T
1056 1878 1221 1957 heopbemo
1226 1878 1339 1958 judicio

247 1968 277 2029 iu
291 1980 403 2043 senatu,
411 1992 447 2031 ea
459 1972 574 2033 actione
584 1991 642 2051 qua
654 1989 710 2049 ego
719 1990 786 2030 eum
797 1970 967 2039 detuleram,
977 1980 1009 2029 et
1017 1972 1131 2049 utrique
1140 1971 1212 2029 data
1221 1970 1338 2030 dicendi

244 2074 401 2143 potestate,
414 2065 531 2125 occulte
545 2065 665 2126 seorsim
679 2062 903 2123 decernentibus
916 2064 1106 2135 senatoribus,
1121 2064 1279 2123 damnatus
1293 2074 1338 2130 est

246 2154 370 2217 incuria
391 2168 423 2218 et
445 2157 550 2233 injuste
574 2158 677 2217 fecisse
697 2156 795 2215 visus:
815 2175 883 2215 cum
905 2165 1002 2215 autem
1019 2156 1081 2235 jam
1105 2156 1136 2215 in
1159 2175 1194 2215 eo
1218 2165 1338 2215 senatus

245 2260 326 2309 esset
340 2258 373 2309 ut
385 2250 565 2318 decerneret,
580 2258 676 2308 utrum
691 2268 758 2309 eum
769 2248 881 2326 judicio
893 2248 1032 2319 traderet,
1045 2269 1081 2308 an
1094 2249 1261 2328 quingentis
1270 2248 1339 2307 dra-

245 2340 338 2401 chmis
360 2341 524 2414 mulctaret,
539 2352 657 2421 quantae
683 2340 802 2399 mulctae
824 2341 991 2419 infligendae
1012 2361 1049 2400 ex
1071 2341 1139 2420 lege
1162 2352 1339 2420 potestatem

245 2430 403 2504 habebant,
417 2432 565 2494 orantibus
584 2434 643 2494 istis
664 2434 797 2494 omnibus
811 2444 841 2493 et
861 2433 1104 2514 supplicantibus,
1118 2444 1148 2494 et
1172 2453 1260 2512 quem
1278 2453 1338 2494 uon

246 2523 462 2602 deprecatorem
477 2526 715 2599 subornantibus,
729 2536 760 2585 et
772 2525 996 2604 descriptionem
1014 2537 1256 2586 armamentorum
1270 2527 1338 2588 red-

245 2615 383 2676 dentibus
397 2619 494 2677 statim
515 2619 543 2676 in
559 2629 671 2689 senatu,
686 2632 717 2676 et
731 2618 768 2677 de
781 2617 950 2678 verberibus
967 2637 999 2676 se
1019 2618 1156 2678 arbitrum
1170 2631 1338 2698 sumpturos

245 2709 407 2769 dicentibus
431 2730 515 2787 quem
532 2710 665 2789 juberem
686 2709 917 2782 Atheniensium,
934 2711 1078 2782 concessi,
1096 2720 1130 2770 ut
1149 2711 1338 2790 Theophemo

244 2801 281 2861 lis
294 2802 523 2881 vigintiquinque
537 2801 683 2862 drachmis
698 2803 900 2862 estimaretur.
936 2803 1018 2870 'Quae
1040 2812 1074 2861 ut
1093 2822 1161 2862 vere
1182 2823 1201 2863 a
1218 2823 1266 2863 me
1279 2805 1342 2872 dici

245 2905 372 2967 constet,
386 2906 448 2954 tum
461 2914 513 2955 vos
528 2914 610 2981 rogo,
619 2894 667 2973 qui
682 2905 807 2973 proetore
821 2895 1002 2974 Agathocle'
994 2915 1024 2953 ru
1038 2905 1171 2955 senatum
1187 2895 1290 2968 itastis,
1304 2909 1340 2956 ut

244 2986 440 3047 assidentibus
453 2986 567 3058 dicatis,
582 2997 642 3045 tum
658 3005 849 3064 quoscunque
862 3007 899 3046 ex
919 2986 976 3046 illis
990 2987 1171 3048 senatoribus
1185 3007 1242 3110 ego
1255 3008 1338 3069 repc-

244 3081 299 3144 rire
311 3082 408 3162 potui,
418 3091 507 3142 testes
520 3080 604 3142 robis
618 3081 789 3161 producam.

654 3291 929 3387 unanimorum}

244 3470 311 3550 Ego
321 3469 420 3548 igitur,
431 3469 561 3541 Judioes,
577 3471 652 3530 adeo
662 3491 765 3550 aequus
777 3471 806 3532 in
820 3471 893 3530 istos
907 3469 959 3529 lui.
1002 3469 1177 3548 Quanquam
1186 3469 1338 3529 decretum

245 3563 388 3643 publicari
401 3563 555 3622 facultates
568 3563 700 3642 jubebat,
716 3583 774 3623 non
788 3569 850 3639 ejus
862 3564 950 3622 modo
964 3562 1012 3642 qui
1027 3572 1206 3624 armamenta
1219 3563 1338 3642 publica

245 3675 304 3714 uon
318 3655 465 3727 redderet,
478 3656 528 3714 sed
544 3655 606 3734 ejus
621 3656 707 3715 etiam
721 3657 771 3735 qui
784 3657 897 3735 privata
920 3674 974 3714 sua
996 3643 1146 3714 verideret.
1188 3654 1253 3714 Tali
1273 3664 1337 3714 tum

245 3756 486 3807 annameutorum
500 3749 531 3807 in
544 3749 616 3808 urbe
630 3748 752 3828 penuria
765 3749 960 3809 laborabatur.
1001 3746 1079 3826 Lege
1091 3744 1162 3806 mihi
1175 3747 1339 3809 decretum.

671 3963 922 4024 DECRETUM.

287 4111 336 4169 13.
358 4108 515 4175 Reuersus,
533 4107 666 4178 Judioes,
686 4116 719 4166 ut
735 4107 844 4166 nemini
865 4125 926 4166 rem
949 4107 1118 4186 permittere
1131 4105 1338 4186 'l'heopbemus

244 4203 337 4264 voluit
351 4202 388 4261 de
402 4200 498 4280 plagis
512 4219 584 4278 quas
606 4188 643 4259 ab
657 4219 692 4259 eo
706 4200 737 4258 id
753 4199 891 4278 temporis
905 4219 1086 4279 acceperam,
1097 4219 1165 4258 eum
1178 4198 1209 4258 in
1219 4199 1269 4278 jus
1287 4221 1339 4260 vo·

246 4305 344 4354 catum
356 4293 561 4355 verberationis
577 4293 720 4351 accusavi.
759 4293 913 4351 Cumv'ero
923 4292 1024 4371 etipse
1037 4291 1107 4350 mihi
1121 4291 1250 4351 vicissim
1259 4293 1339 4352 diem

247 4387 375 4459 dixisset,
387 4399 415 4449 et
428 4387 525 4448 arbitri
534 4385 648 4466 judicia
660 4386 813 4458 haberent,
828 4404 918 4462 quum
932 4385 969 4444 de
981 4404 1073 4445 causa
1085 4385 1339 4464 pronunciandum

246 4491 334 4554 esset,
348 4477 553 4562 Theoplremus
570 4479 733 4560 excipiebat
752 4489 784 4540 et
793 4477 967 4566 differebat:
989 4499 1047 4559 ego
1060 4498 1130 4556 vero
1144 4478 1237 4539 fretus
1258 4479 1341 4540 inno.-
