2967 4950
427 315 645 380 ADVERSUS
666 315 929 380 tenduntnr.
1168 311 1232 374 749

606 607 772 672 TESTES.

137 759 186 820 Aa
200 775 261 818 non
274 753 365 834 igitur
373 752 577 833 indignissime
590 751 988 832 aroniomhominnmagitnr
997 765 1127 823 mecam,
1138 752 1236 814 Atta·

137 847 361 928 messeanam
383 866 449 906 cum
468 855 514 906 tnt
535 846 654 925 cognati
677 845 748 905 rniiri
761 847 831 920 sint,
844 847 933 926 hique
943 857 975 908 et
986 846 1189 920 testificentur,
1203 853 1236 908 ct

139 941 283 1022 dejerant,
303 961 337 1002 se
358 940 429 1000 mihi
451 951 594 1019 cognatos
614 955 693 1009 esse,
707 949 737 998 et
756 939 859 1000 horum
877 958 964 1001 nerno
984 941 1015 1000 io
1031 940 1082 1020 jos
1104 948 1235 1012 vocetur,

141 1035 230 1114 quasi
244 1034 321 1094 circs
343 1054 403 1094 nan
426 1035 495 1105 rint,
509 1031 556 1092 itti
574 1036 676 1092 'tanen
694 1033 936 1110 pronunciatum,
950 1051 997 1094 me
1018 1049 1086 1092 esse
1106 1033 1236 1112 peregri⁴

140 1125 237 1188 nami
266 1127 347 1205 Cape
369 1125 441 1186 mihi
455 1125 611 1197 acclinia,
630 1135 660 1184 at
672 1137 866 1204 cognatorum
883 1126 947 1205 ejus
966 1125 1173 1198 testimoninm,
1185 1123 1237 1204 qni

140 1229 252 1280 norunt
264 1218 343 1278 hand
357 1217 456 1290 dubie,
476 1237 609 1296 quanam
633 1227 727 1277 mater
747 1235 815 1278 maa
827 1218 925 1290 inerit,
937 1237 1005 1296 qum
1025 1236 1181 1277 mammam
1195 1217 1238 1277 iiii

141 1311 280 1393 praebuit.
309 1311 414 1388 Neque
426 1310 503 1370 enim
517 1309 547 1368 id
561 1311 598 1370 air
612 1309 653 1369 eis
663 1309 852 1395 jurisjurandi
864 1309 967 1389 religio
976 1310 1114 1390 postulat,
1127 1318 1162 1369 nt
1170 1325 1239 1389 qum

141 1425 198 1468 nas
215 1403 305 1465 hodic
323 1402 461 1475 dicimus,
475 1421 511 1462 aa
524 1401 733 1462 testificentur:
756 1402 810 1462 sad
822 1411 857 1461 nt
868 1419 904 1463 ea
922 1397 991 1482 qr'ras
1003 1403 1084 1463 crnni
1105 1411 1238 1482 temporo

142 1505 294 1576 comperta
304 1495 481 1568 habuerunt,
494 1513 560 1554 eam
573 1505 604 1554 et
617 1512 700 1554 suam
712 1495 867 1568 natricem,
883 1504 914 1556 et
926 1505 1056 1556 noemam
1068 1493 1162 1556 inisse
1173 1509 1239 1555 ma·

142 1599 219 1650 trem
233 1587 434 1649 existimatam.
468 1587 598 1648 Tametsi
611 1587 689 1647 enim
699 1587 809 1647 humile
819 1587 959 1668 quiddam
969 1587 1143 1649 cstnntricis
1150 1601 1240 1648 roca-

142 1682 258 1754 hulam,
274 1681 425 1742 veritatem
450 1688 548 1760 tamen
575 1699 636 1741 non
656 1681 799 1742 detrecto.
848 1682 916 1742 Non
939 1683 1027 1755 enim,
1049 1684 1074 1743 si
1095 1695 1241 1763 pauperes

143 1774 264 1848 tuimur,
277 1773 414 1852 cuiqnam
423 1773 557 1853 injuriam
569 1774 703 1844 fecimus,
717 1772 770 1834 sed
791 1773 815 1834 ri
827 1775 906 1834 cives
926 1792 986 1836 non
1004 1776 1128 1836 inimus:
1140 1790 1241 1856 neqttc

143 1867 175 1930 is
187 1867 246 1928 hoc
255 1865 367 1948 judicio
382 1866 430 1926 rel
444 1867 513 1938 vita,
526 1867 572 1926 rei
587 1867 712 1947 monnio
724 1874 825 1926 nostra
835 1868 942 1945 agitor,
955 1867 1009 1927 sed
1022 1881 1127 1947 genos.
1159 1869 1240 1928 Moi-

144 1970 192 2024 ω
207 1959 332 2024 humiles
347 1963 382 2020 et
389 1959 510 2037 terrilae
531 1978 635 2039 operas
657 1960 803 2040 ingenuos
823 1959 957 2020 homines
970 1969 1128 2040 paupertas
1144 1961 1242 2022 iecere

146 2052 247 2132 cogit:
269 2053 307 2114 ob
321 2067 395 2130 qnae
412 2053 694 2114 commiserationem
715 2052 823 2132 potina
837 2069 925 2133 qnam
938 2053 1166 2114 internecionem
1178 2069 1242 2115 me-

145 2153 258 2210 rentur.
300 2143 341 2204 Ut
361 2145 438 2206 enim
453 2165 509 2224 ego
534 2144 632 2215 audio,
649 2145 751 2206 multra
777 2147 912 2206 mniicrer
935 2148 1027 2219 ciras,
1049 2155 1079 2206 et
1101 2147 1242 2225 nutricet,

147 2247 178 2304 et
191 2237 390 2309 mercenariae,
401 2247 431 2298 et
443 2237 660 2298 vindemitrices
681 2239 768 2298 facta
781 2248 860 2313 sunt,
872 2251 991 2320 propter
1000 2238 1167 2320 reipublicae
1178 2237 1243 2301 tito«

145 2349 213 2392 rum
227 2339 391 2410 temporum
410 2330 601 2403 calamitates,
616 2331 717 2391 multa
739 2331 808 2390 item
826 2351 863 2392 ex
879 2334 1057 2413 paoperibus
1069 2348 1149 2394 nunc
1160 2327 1244 2394 tocn-

146 2423 270 2506 pietate
283 2431 361 2484 tunt.
403 2423 462 2485 Sed
475 2423 513 2485 dc
526 2423 573 2483 his
586 2423 693 2485 statim.
735 2423 823 2484 Nunc
834 2434 926 2486 testes
938 2443 1023 2487 voca.

621 2640 784 2703 TESTES.

140 2850 143 2857 ,
194 2788 243 2852 13.
265 2784 318 2855 Me
330 2785 419 2865 igitur
432 2795 462 2845 et
475 2804 494 2845 a
506 2796 598 2847 matre
611 2806 677 2847 esre
690 2786 795 2859 ciram,
807 2795 839 2846 ot
849 2806 868 2846 a
878 2791 974 2866 patre,
986 2788 1091 2867 partim
1104 2806 1144 2847 ex
1159 2786 1246 2849 dictis

150 2879 271 2941 testium
286 2879 375 2942 modo
397 2878 588 2959 cognovistis,
609 2880 713 2959 partim
726 2899 764 2939 ex
783 2878 820 2939 iis
833 2900 901 2959 qum
914 2880 993 2959 prins
1014 2881 1053 2940 de
1071 2892 1155 2959 patre
1167 2881 1248 2942 dicta

152 2981 239 3038 suntt
259 2979 352 3031 restat
373 2970 472 3050 igitur,
491 2982 525 3031 ut
544 2972 583 3031 dc
604 2992 650 3032 rne
671 2971 737 3051 ipso
751 2972 831 3050 apud
843 2989 897 3031 vos
910 2971 1016 3030 dicam.
1058 2970 1146 3040 Quod
1157 2972 1250 3052 igitar

151 3062 395 3141 simplicissimum
407 3072 465 3133 est,
477 3073 507 3122 et
515 3058 722 3140 justissimum,
735 3082 804 3122 cnm
818 3081 856 3121 ert
869 3063 999 3141 utrisque
1011 3064 1179 3142 parentibus
1193 3062 1249 3123 siin

150 3151 235 3224 civis,
250 3171 315 3211 cum
328 3162 360 3213 et
374 3152 566 3215 hereditatem
580 3164 611 3215 ct
624 3172 717 3232 genus
731 3154 787 3214 sim
801 3165 1052 3226 consecratam
1071 3172 1137 3213 esse
1152 3154 1249 3214 civem

153 3244 277 3307 affirmo.
319 3245 381 3308 Sed
394 3254 493 3305 tamen
508 3246 606 3308 omnia
626 3264 692 3323 qnae
713 3246 935 3317 conveniunto
954 3264 1002 3305 mc
1024 3264 1090 3307 erse
1108 3248 1252 3327 prmtita,

151 3341 284 3418 probabo
304 3338 601 3418 testibuaproductie,
614 3348 648 3399 ut
669 3337 854 3399 introductor
877 3338 933 3398 sim
953 3338 1141 3414 scientiales,
1165 3349 1200 3400 ttt
1218 3339 1252 3399 in

152 3431 345 3511 municipium
367 3432 420 3491 sim
441 3427 616 3511 adscriptus,
636 3439 669 3491 ot
682 3431 719 3491 ab
733 3429 798 3492 istis
817 3430 888 3512 ipris
908 3432 1043 3493 delectus
1055 3432 1110 3493 rint
1125 3442 1156 3493 trt
1175 3433 1254 3493 inter

152 3524 353 3587 nobilissimos
365 3525 404 3585 dc
421 3524 586 3587 sacerdotio
598 3524 736 3585 Herculia
755 3525 882 3602 sortirer,
896 3537 931 3587 ut
945 3526 1135 3607 magistratu
1148 3543 1253 3606 gessa·

154 3618 411 3697 rimapproiratrrs.
451 3616 620 3681 Vocamihi
633 3636 695 3679 eos.

620 3850 782 3915 TESTES.

155 3991 254 4061 Quam
268 4000 365 4053 antam
379 3989 539 4053 absurdunt
552 3992 647 4066 inerit,
661 3994 794 4069 iudicer,
806 3994 831 4055 ri
843 3994 886 4057 ita
893 3993 965 4055 miii
977 3996 1144 4059 obvenisset
1157 4014 1252 4059 sacer·

156 4081 283 4154 dodun,
295 4092 328 4143 ut
340 4083 618 4159 delectationem,
635 4088 801 4166 oportuisse
820 4108 868 4147 rna
890 4106 946 4169 pro
960 4089 1027 4150 istis
1034 4071 1210 4161 sacrificare,
1223 4098 1255 4149 et

156 4174 232 4239 istos
251 4194 312 4237 una
331 4177 496 4240 sacrificare
513 4198 644 4239 mecam:
665 4200 745 4241 nuno
764 4191 864 4243 autem
882 4183 1003 4243 eosdem
1018 4184 1089 4244 istas
1110 4195 1170 4241 nan
1188 4197 1254 4257 per-

154 4266 284 4342 mittere,
298 4280 331 4329 nt
344 4288 401 4349 ago
414 4290 476 4335 arra
490 4288 556 4331 carn
571 4270 616 4331 eis
628 4292 712 4333 sacra
722 4274 852 4335 maiam?
882 4276 1008 4337 Constat
1025 4276 1122 4354 igitur,
1133 4272 1256 4335 Atheni-

154 4379 260 4434 ettscs,
269 4382 317 4431 rrae
330 4382 382 4443 par
392 4382 480 4427 amna
492 4364 636 4445 reliquam
649 4378 777 4447 tempor,
790 4368 869 4449 apud
876 4388 979 4429 omnes
988 4386 1049 4439 eos,
1058 4366 1109 4446 qni
1119 4383 1256 4428 mannnc

158 4455 419 4530 accusatorem
432 4476 498 4523 atae
511 4456 655 4523 mittin.
695 4461 885 4541 Naqrrcenim
898 4460 1083 4542 peregrinant
1096 4460 1257 4542 srinqati·
1379 4520 1384 4533 .
