2967 4950
237 295 296 357 ιιι
359 371 383 400 7
477 295 480 298 ⁴
584 286 994 386 1n-crasrrflonram.

276 457 326 513 88.
349 454 418 514 Jam
433 453 524 513 falsas
538 442 679 533 epistolds
694 442 896 533 praetermitto,
911 443 1129 532 speculatorum
1143 443 1337 526 comprehen-

235 549 342 619 siones,
363 555 509 606 tormenta
517 547 653 606 adhibita
666 548 704 605 ob
718 546 841 605 crimina
850 561 1009 624 nunquam
1029 539 1168 608 admissa,
1179 541 1267 615 quasi
1282 557 1345 614 ego,

235 657 302 697 cum
325 639 501 717 quibusdam
523 638 732 698 hominibusin
746 637 963 698 civitate-rebus
976 634 1057 694 novis
1079 632 1241 692 studerem.
1281 631 1342 688 At-.

236 733 374 801 enim,‹ut
386 731 483 803 audio,
498 751 535 790 ex
547 750 594 789 me
607 751 694 809 porro
710 731 887 811 quaesiturus
903 740 957 802 est,
971 725 1065 806 qualis
1077 724 1128 782 ille
1139 723 1272 782 medicus
1286 722 1337 782 ha·

211 852 215 858 ·
235 822 350 883 bendus
364 824 416 896 sit,
426 824 477 901 qui
497 843 578 902 aegro
591 824 703 883 interea
716 825 787 883 dum
802 831 926 901 aegrotet
940 820 1017 879 ‘nihil
1037 819 1089 878 det
1110 816 1234 889 consilii,
1258 825 1337 895 post·

235 934 406 993 quam-vero
421 915 535 987 obierit,
550 915 589 974 ad
602 914 719 974 inferias
733 913 886 991 'accedens
901 912 1007 974 mortui
1025 908 1195 969 necessariis
1210 927 1248 968 ea
1260 927 1338 976 com·

146 1007 161 1092 '¹
235 1018 464 1086 memoret‚2qnoe
477 1008 504 1066 si
515 1029 587 1086 oeger
600 1009 786 1068 observasset
800 1007 1010 1067 convaluisset.
1032 1000 1076 1063 Te
1086 1003 1184 1080 ipsum
1193 1020 1264 1061 vero
1279 1020 1337 1059 non

235 1111 339 1160 eontra
351 1121 448 1178 rogas,
467 1101 561 1179 qualis
575 1101 624 1160 ille
643 1101 812 1180 reipublicae
827 1099 1045 1166 administrator
1059 1095 1107 1164 sit,
1124 1096 1185 1173 qui.
1198 1093 1337 1172 populum

235 1193 386 1252 blanditiis
398 1194 518 1252 delinire
528 1193 619 1261 sciat;
644 1202 787 1272 tempora,
799 1193 905 1272 quibus
919 1191 1021 1252 civitas
1033 1190 1200 1260 conservari
1210 1196 1346 1277 poterat,

234 1285 421 1352 vendiderim
440 1285 517 1345 cives
539 1285 591 1344 rite
606 1285 768 1358 sentientes
783 1281 991 1345 calumniando
1007 1293 1044 1344 ne
1059 1283 1182 1343 consilia
1205 1299 1342 1340 commu-1

235 1380 336 1450 sicent
353 1379 518 1448 deterreat;
538 1379 597 1455 qui,
612 1397 681 1462 cum
693 1377 830 1456 periculis
846 1378 947 1436 timide
967 1396 1000 1436 se
1013 1375 1195 1446 subtraxerit
1218 1391 1342 1451 remque-

236 1471 387 1550 publicam
402 1470 611 1544 insanabilibus
625 1470 763 1529 aerumnis
778 1470 947 1545 implicarit,
961 1489 993 1526 se
1007 1463 1122 1527 virtutis
1144 1486 1216 1544 ergo
1223 1485 1335 1526 corona

236 1564 407 1625 donandum
421 1583 489 1622 esse
503 1563 674 1634 contendat,
685 1582 756 1620 cum
772 1559 842 1618 nihil
857 1579 987 1664 unquam
1000 1559 1069 1622 boni
1082 1559 1193 1630 fecerit,
1209 1561 1339 1619 omnium

138 1731 145 1738 .
235 1676 305 1716 vero
328 1654 530 1714 calamitatum
548 1664 651 1713 auctor
666 1675 743 1713 unus
758 1653 915 1721 exstiterit;
926 1652 986 1731 qui
1003 1649 1082 1711 nnnc
1103 1671 1154 1712 eos
1177 1653 1341 1730 interroget

193 1791 200 1797 -
235 1768 286 1827 qur
278 1747 355 1806 'illis
368 1746 560 1825 temporibus,
577 1747 685 1825 quibus
707 1745 809 1806 civitas
831 1745 941 1806 servari
958 1754 1083 1824 poterat,
1099 1763 1195 1822 arep.
1203 1745 1336 1808 admini-

117 1825 120 1831 ’
210 1905 215 1910 ,
236 1839 359 1899 stranda
370 1837 524 1897 calumniis
538 1838 654 1917 depulsi
668 1846 748 1908 sunt,
764 1857 816 1898 cur
826 1837 883 1897 sibi
898 1855 957 1916 quo
968 1835 1068 1896 minus
1083 1825 1266 1914 delinqueret
1273 1856 1337 1896 non

230 1918 422 1997 obstiterint?
446 1930 493 1991 Illi
517 1931 636 2009 quidem
660 1950 740 1990 nunc
763 1929 891 2008 denique
911 1928 963 1988 tibi
983 1929 1025 1988 ita
1039 1929 1263 2008 respondeant,
1270 1948 1337 1988 cum

235 2019 369 2105 proelium
383 2025 614 2102 superuenisset,
625 2021 815 2082 otium-noble
830 2041 890 2080 non
905 2029 968 2080 erat
981 2021 1018 2080 de
1027 2029 1081 2080 tuo
1101 2021 1246 2100 supplicio
1257 2022 1339 2100 eogi-
1407 2045 1410 2054 ¹
1477 2003 1478 2054 3

235 2116 330 2187 tandi,
344 2115 455 2175 sedde
475 2116 570 2176 salute
593 2115 720 2190 civitatis
740 2113 848 2193 legetis
868 2114 927 2173 huo
947 2114 1019 2174 illuc
1040 2114 1138 2174 missis
1160 2114 1337 2193 agebamus:

234 2227 336 2270 verum
350 2209 496 2278 enimvero
508 2208 628 2297 qnando
641 2208 694 2268 tibi
707 2227 768 2267 non
784 2207 855 2268 satis
870 2217 933 2266 erat
945 2227 1049 2285 poenas
1065 2227 1124 2266 non
1139 2207 1268 2278 dedisse,
1284 2207 1341 2266 nisi

235 2303 325 2363 etiam
345 2313 375 2362 et
395 2303 517 2380 praemia
539 2313 677 2380 posceres
699 2298 908 2378 civitatemque
920 2309 1052 2359 nostram
1073 2299 1189 2359 Graecis
1204 2301 1338 2360 omnibus

237 2394 428 2463 deridendam
441 2387 594 2472 objiceres,
608 2394 670 2453 tuin
682 2380 808 2472 denique
822 2393 875 2454 tibi
886 2394 1000 2454 obviam
1014 2393 1055 2464 ivi¹
1065 2392 1205 2471 litemque
1216 2393 1342 2453 intendi:

127 2547 129 2554 ,
158 2490 171 2549 .'
277 2491 327 2547 88.
348 2488 509 2562 Caeterum,
518 2507 571 2566 per
580 2487 653 2546 deos
663 2488 963 2560 immortaleseorum
975 2488 1105 2547 omnium
1113 2506 1180 2565 quae
1193 2486 1339 2547 dicturum

123 2632 127 2639 .
236 2577 551 2651 esseDemosthen'em
566 2580 666 2653 audio,
679 2580 737 2641 hoc
752 2581 831 2659 quod
849 2581 912 2660 jam
925 2580 1007 2641 vobis
1020 2579 1340 2658 dicamindignissinre

235 2674 309 2734 fero.
330 2676 488 2753 ingenium
502 2694 600 2733 meum
621 2694 690 2733 cum
705 2674 856 2734 Siren'ibus
870 2671 1032 2753 comparat,¹
1047 2674 1072 2732 si
1082 2673 1140 2733 diis
1153 2672 1261 2752 placet.
1294 2675 1339 2734 Ab

234 2764 292 2824 illis
307 2765 385 2823 enirn
394 2781 458 2847 non
472 2772 533 2824 tarn
547 2764 766 2843 permulcentur
785 2766 880 2845 inquit
899 2766 1060 2837 auditores,-
1080 2766 1223 2843 quemad
1242 2767 1339 2845 pemi-

235 2858 311 2916 ciem
324 2856 484 2935 adiguntur
498 2855 650 2936 [quocirca
665 2857 740 2917 male
752 2858 834 2917 audit
849 2858 982 2917 Sirenum
992 2857 1166 2933 harmonia].
1187 2858 1234 2917 lta
1243 2878 1339 2937 meana

157 3011 162 3020 ,
235 2952 265 3010 ιιι
283 2950 410 3009 dicendo
423 2950 569 3029 peritiam,
582 2941 682 3009 meum
701 2950 863 3029 ingenium,
877 2950 1116 3029 iisquiaudiunt
1135 2967 1251 3030 semper
1273 2970 1339 3010 esse

140 3112 147 3121 ‚
234 3044 413 3118 exitiosum,
440 3042 532 3122 Atqui
552 3063 621 3103 oum
635 3045 713 3103 hanc
736 3043 774 3102 de
798 3062 846 3101 me
870 3044 1030 3103 orationem
1053 3043 1200 3103 neminem
1219 3043 1340 3104 omnino

235 3137 340 3196 decere
351 3147 472 3215 putem3·
498 3146 582 3218 turpe
602 3137 681 3209 anim
696 3136 861 3195 accusatori
876 3145 930 3207 eet,
945 3138 970 3196 si
984 3135 1202 3195 criminationes
1223 3156 1295 3196 suas
1309 3156 1339 3198 re

235 3225 564 3309 nequeatcomprobare
575 3252 590 3291 :-
605 3242 669 3290 tum
682 3227 756 3290 sioni
765 3230 841 3289 illud
855 3226 1013 3290 dicendum
1027 3226 1139 3301 fuisset,
1155 3228 1214 3289 non
1228 3250 1266 3290 ea
1278 3231 1340 3291 De·

235 3312 506 3381 mosthenisoratio
516 3331 589 3391 erat,
606 3320 855 3399 sedimperatoris
865 3320 992 3398 alicujus
1005 3320 1115 3398 quires
1131 3321 1251 3399 quidem
1264 3341 1339 3400 prea-

217 3446 220 3453 ‹
233 3413 329 3472 alares
338 3429 393 3491 pro
403 3407 555 3490 republica
566 3411 704 3491 gesserit,
714 3410 832 3482 dicendi
842 3414 941 3488 autern
950 3411 1093 3469 facultate
1101 3412 1264 3486 deseratur,
1273 3415 1340 3491 qui-

234 3500 304 3583 que.
315 3504 383 3563 ideo
397 3500 563 3564 adversario
576 3494 731 3585 ingenium
743 3523 829 3565 suum
851 3503 972 3565 miratus
984 3504 1146 3577 invideret,
1161 3524 1241 3567 cum⁴
1254 3510 1341 3579 intel*

234 3598 309 3675 ligat
319 3592 439 3665 estnihil
454 3614 555 3654 eorum
568 3616 636 3675 quse
645 3594 809 3675 patraverit
822 3594 953 3660 oratione
963 3596 1227 3677 explicareposse,
1249 3620 1341 3662 accu-

235 3689 363 3759 satorem
375 3685 480 3749 contra
492 3688 593 3749 videat
605 3692 745 3749 etiam-ea
761 3710 828 3769 quae
843 3708 990 3770 nunquam
1006 3692 1130 3769 gesserit
1149 3694 1340 3771 perindeau'·

235 3781 379 3858 ditoribns
392 3782 423 3839 in
443 3792 605 3862 conspectu
624 3798 747 3862 ponere,
761 3784 848 3862 quasi
866 3803 886 3841 a
906 3803 938 3842 se
959 3780 1342 3865 reveraessentperfeota.

235 3873 325 3946 Nunc
338 3889 483 3933 verorum
496 3874 587 3935 homo
600 3884 681 3935 totus
695 3874 896 3935 err-vocabulis
911 3874 1067 3949 conflatus,
1080 3875 1175 3954 iisque
1190 3880 1296 3938 amaris
1311 3890 1342 3939 et

234 3967 360 4030 inaniter
373 3964 537 4071 exquisitis,
549 3963 671 4038 tandem
685 3966 724 4027 ad
739 3967 878 4027 orationis
894 3966 1108 4046 simplicitatem
1123 3979 1154 4027 et
1168 3970 1258 4029 facta.
1266 3992 1341 4033 con-

235 4057 321 4136 argit,
333 4058 399 4135 quis
410 4057 752 4135 aequoanimofe-rat?
731 4061 882 4140 ouisiquis
887 4061 1036 4141 linguam,
1047 4062 1179 4137 uttibiis,
1190 4062 1341 4137 damnarit,

235 4149 380 4227 reliquum
393 4147 466 4209 nibil
481 4150 585 4209 erit.
889 4202 894 4215 ι
1226 4204 1228 4209 .

237 4245 324 4304 .84
340 4244 404 4321 Ego
419 4242 616 4323 equidemvos
609 4198 763 4319 demiror,
774 4245 977 4321 Athenienses,
988 4256 1018 4307 et
1032 4247 1106 4309 scire
1116 4198 1216 4321 velim,
1229 4248 1339 4325 quibus

236 4332 355 4392 demum
363 4336 453 4395 rebus
445 4336 598 4416 permoti
603 4338 749 4397 actionem
759 4339 836 4399 hanc
847 4340 1000 4401 sententiis
1010 4342 1115 4401 vestris
1124 4341 1344 4421 improbaretis.

238 4423 285 4511 An
295 4426 374 4502 quod
389 4428 495 4490 scitum
505 4429 667 4509 legitimum
682 4430 754 4521 est(
775 4433 815 4493 At
828 4432 911 4494 nulla
923 4450 1054 4513 unquam
1067 4433 1216 4497 sententia
1224 4434 1343 4513 legibus
