2967 4950
436 314 653 375 ADVERSUS
678 265 947 378 LEOCHAREM.
1184 318 1245 379 633
1303 353 1305 358 ·

140 470 374 554 adoptationem,
387 467 439 549 qui
456 470 536 551 prius
557 469 689 551 adoptati
705 490 765 531 non
779 490 890 545 sumus,
902 491 963 531 non
976 488 1067 552 penes
1084 471 1168 534 istos.
1210 472 1243 533 Si

139 564 261 647 quidem
270 564 350 645 jure,
364 562 476 642 opinor,
487 561 646 641 legislator,
656 572 690 622 ut
700 571 730 621 et
738 562 920 624 calamitates
933 572 1124 645 cognatorum
1137 574 1168 626 et
1180 565 1243 627 elo·

137 657 272 723 oetiones
291 654 445 723 mulierum
465 673 571 733 genere
585 654 722 733 proximis
737 656 898 729 mendant,
912 656 954 717 sic
968 666 1000 720 et
1011 657 1198 729 meditate·
1211 670 1244 721 et

136 751 286 810 bonorum
307 748 526 828 perceptionem
549 746 654 813 iisdem
678 746 815 813 restituit.
856 748 946 816 Quod
964 768 1035 810 vero
1054 759 1100 809 est
1112 750 1243 812 omnium

136 843 301 903 maximum
321 841 464 919 vobisque
477 840 671 911 notissimum,
683 839 800 901 Solonis
821 841 880 912 lex,
896 862 951 903 nec
972 853 1177 905 testamentum
1196 845 1243 907 fa-

136 957 210 999 eere
224 937 393 1017 adoptivum
414 955 470 995 nee
485 935 584 1014 legare
599 952 635 995 ea
646 953 712 1012 quoe
733 944 801 993 sunt
821 934 851 994 in
864 936 1054 997 remiliacum
1075 938 1242 1019 adoptauit,

137 1030 225 1090 sinit.
264 1030 334 1091 Jure
348 1027 476 1089 omnino.
517 1028 595 1087 Nam
609 1026 783 1088 auctoritate
802 1028 902 1109 legum
918 1030 1060 1110 adoptato
1077 1032 1108 1090 in
1131 1032 1242 1094 alienet

138 1143 227 1203 opes,
244 1143 303 1183 non
319 1123 373 1195 sic,
394 1131 426 1180 ut
450 1121 487 1180 de
508 1120 628 1201 privatis
649 1120 745 1195 rebuS‚
760 1132 807 1181 est
825 1123 1030 1183 statuendum:
1052 1125 1106 1185 sed
1119 1144 1156 1200 en
1168 1146 1242 1208 prae·

136 1216 252 1297 scripto
265 1216 375 1295 legum,
389 1213 506 1295 singula
518 1213 559 1275 ite
573 1222 607 1273 ut
621 1215 782 1294 perscripta
795 1224 866 1284 eunt
878 1214 1022 1289 facienda,
1037 1214 1114 1282 sicut
1127 1217 1176 1279 lex
1189 1219 1241 1279 ait.

136 1311 202 1381 Qui
215 1330 276 1371 non
290 1309 422 1390 adoptati
434 1308 561 1381 inerant
575 1306 626 1380 ait,
640 1328 707 1371 eum
720 1308 812 1371 Solon
822 1307 1026 1389 magistratum
1037 1310 1134 1381 iniret,
1145 1311 1188 1373 eit
1197 1321 1242 1377 te·

135 1402 282 1465 stamenti
295 1400 420 1462 faciendi
434 1419 488 1461 sun
500 1399 645 1460 arbitratu·
655 1403 705 1479 jus
718 1411 801 1461 esto:
821 1400 968 1482 adoptatis
986 1392 1056 1462 nero
1074 1404 1242 1463 tentamenti

133 1498 233 1559 factio
246 1517 285 1557 ne
299 1504 374 1570 esto,
386 1495 439 1555 sed
453 1503 505 1556 eut
516 1495 646 1556 viventes
659 1494 761 1555 relicto
770 1496 896 1555 naturali
905 1495 968 1557 filio
980 1496 1010 1558 in
1020 1495 1160 1556 familiam
1172 1495 1240 1557 τεὼ

134 1599 243 1663 eunte,
257 1590 305 1650 vei
318 1587 450 1649 defuncti
463 1587 662 1649 hereditatem
686 1586 785 1668 primis
808 1590 944 1667 cognatis
959 1588 1138 1671 adoptatoris
1155 1588 1238 1651 resti.-

135 1693 262 1745 tuunto.
884 1690 888 1696 ’
