2967 4950
550 260 624 376 uu
645 313 824 388 Nouius.
1192 313 1249 372 ssi
1271 377 1277 394 s

137 466 374 544 mogns‘orietur
387 468 576 550 perturbatio.
606 471 684 550 LAge
697 489 785 531 roro:
805 469 830 531 ri
839 467 934 551 judex
946 469 1053 530 citetur
1065 464 1249 528 Montitbeus

71 638 76 642 .
140 556 268 639 Mentire
287 559 326 624 F.
350 559 512 634 Thoricius,
532 559 605 642 quid
625 561 772 642 egemus?
803 580 841 623 sn
859 561 1080 622 embuiebimus
1106 555 1250 637 uterquei
1316 557 1318 561 ’

137 648 204 717 ,Qui
213 653 298 714 enim
312 652 510 734 dignoscetur,
523 651 595 715 tu'ne
606 674 644 716 sn
657 655 781 734 egerim
792 653 922 719 citetur?

179 747 211 812 4·
234 747 304 824 Age
318 765 398 828 vero,
411 746 500 807 deum
521 747 726 822 immortalem,
737 747 762 807 sii
775 740 945 826 publice'de
959 761 1137 823 quocunque
1156 741 1250 822 mogi·

139 847 237 900 sustu
252 839 307 899 fiet
319 838 447 910 sortitio,
460 849 504 910 ut,
518 839 556 898 de
569 849 686 910 senatu,
696 839 856 911 sexrirotu,
866 837 997 917 reliquis,
1008 836 1058 916 qui
1068 835 1251 896 discernetur

138 938 207 988 uter
224 937 362 990 nostrum
383 929 578 990 niterentur?
608 929 674 988 Nisi
687 929 762 989 sorte
778 939 849 989 noto
866 941 901 988 nt
921 927 1080 988 senecensi
1101 937 1152 988 sut
1164 925 1249 988 olt'eri

141 1020 274 1099 cuipiam
289 1022 332 1082 rei
351 1020 521 1102 adjiciatur:
542 1039 578 1082 sc
592 1041 629 1081 ne
640 1041 678 1080 es
689 1019 815 1100 quidem·
823 1020 917 1080 utrius
928 1021 967 1080 sit
975 1019 1083 1099 vulgus
1096 1027 1250 1098 agnoscet·

144 1109 275 1174 Proinde
289 1133 346 1192 ego
361 1133 408 1174 me
421 1122 554 1175 creatum
565 1111 754 1186 contendero,
766 1123 801 1173 tu‘
812 1132 881 1173 rero
895 1121 936 1172 te.
977 1111 1135 1195 Reliquum
1149 1112 1204 1170 erit
1217 1119 1251 1170 ut

138 1225 200 1272 uos
218 1205 411 1286 inJ'udicium
427 1206 587 1270 veniemus.
629 1205 755 1286 Propter
777 1205 866 1285 igitur
889 1204 1006 1286 ringula
1027 1203 1121 1284 hujus
1136 1203 1251 1283 generis

130 1297 247 1380 ¹civiter
272 1298 419 1378 judicium
451 1299 534 1360 nobis
568 1298 753 1371 convocabit,
777 1317 814 1360 oc
835 1317 873 1376 eo
897 1291 1016 1378 quidem
1040 1297 1121 1375 qnod
1145 1315 1207 1374 par
1221 1305 1252 1355 et

139 1389 264 1471 ,equum
280 1401 338 1464 est,
351 1402 385 1452 ut
402 1391 428 1452 is
452 1393 537 1473 cujus
552 1411 616 1454 sors
630 1391 730 1454 exierit
743 1392 916 1472 magistratu
929 1389 1082 1470 iungetur,
1102 1387 1252 1450 freudsbi·

144 1503 226 1546 mur:
251 1483 328 1546 niter
340 1495 440 1546 sutem
454 1485 579 1546 sitorum
593 1484 689 1549 rerbis
701 1483 921 1559 insectnbimur,
932 1493 965 1544 et
983 1483 1009 1544 is
1028 1481 1183 1562 imperabit
1200 1480 1251 1558 qui

140 1576 231 1637 ruent
254 1577 389 1641 oratione
412 1577 554 1658 superior.
596 1573 702 1640 Utrum
714 1597 785 1640 reto
806 1577 901 1657 magis
920 1576 1005 1638 nobie
1021 1573 1158 1655 expediet
1169 1573 1251 1634 bisce

143 1668 373 1758 difficultatibus
392 1670 570 1753 liberarior
587 1671 695 1736 mutuis
716 1670 793 1732 odiis
813 1681 866 1731 sut
882 1659 1046 1730 maledictis
1058 1687 1114 1728 nos
1128 1666 1253 1728 inuicem

146 1762 308 1842 prosequi?
326 1764 538 1843 ,quse-omnino
555 1764 695 1826 exsistere
715 1772 917 1836 necesse'est,
930 1782 998 1824 curn
1015 1760 1161 1823 internos
1181 1769 1253 1820 con·

145 1854 237 1916 tentio
252 1855 292 1916 de
313 1857 483 1935 megistrstu
501 1864 554 1918 e'ut
574 1857 660 1918 simili
681 1877 714 1918 re
733 1858 851 1918 orietur.
875 1855 976 1924 onio
997 1873 1068 1916 vero
1090 1853 1116 1914 si
1136 1854 1252 1914 forte-⁴

147 1967 216 2008 nem
229 1948 331 2008 omnio
348 1949 544 2032 perquirendo
557 1949 810 2012 runtss—elteruter
822 1958 961 2010 nostrum
969 1947 1052 2008 citeri
1065 1944 1254 2026 persuaserit,

147 2040 267 2120 ut'ipre
298 2051 417 2104 orestus
441 2043 525 2104 elteri
543 2043 753 2124 'magistratum
776 2041 886 2114 trudet,
907 2049 1001 2120 'etque
1028 2038 1070 2100 its
1093 2035 1254 2098 sortimur?

149 2134 251 2194 Unum
271 2134 387 2196 dusbus
410 2135 506 2198 sortiri
525 2135 654 2207 tabellis,
668 2135 737 2216 quid
757 2132 924 2206 ciruitu?
946 2132 1030 2194 itone
1044 2129 1125 2209 qnod
1137 2129 1254 2208 legibus

147 2236 281 2309 amomo
292 2227 623 2307 supplioio'mulctotur,
637 2229 667 2290 id
682 2230 803 2310 impune
816 2225 919 2288 licebit
932 2223 1037 2286 nobisi
1057 2223 1207 2284 Omnino:
1221 2214 1253 2283 st

147 2318 179 2378 id
190 2337 253 2402 pon
266 2315 422 2390 iaciemus,
435 2323 504 2383 nori
516 2332 548 2383 et
561 2341 629 2402 ego,
645 2321 725 2401 quod
740 2320 779 2382 nd
792 2341 838 2382 me
852 2319 972 2400 quidem
986 2316 1101 2378 atunet
1142 2315 1204 2376 Sed
1215 2333 1252 2376 ne

149 2421 305 2493 suspectos
319 2411 443 2492 quidem'
453 2426 506 2475 aut
519 2433 585 2475 reos
597 2414 659 2475 fieri
678 2414 746 2475 telis
763 2413 884 2475 mulctre
897 2413 1010 2491 eliquor
1029 2411 1141 2470 bonurn
1159 2419 1217 2483 ert,
1231 2408 1257 2469 si

149 2522 255 2565 cerere
269 2503 369 2565 boeot.
411 2504 495 2566 Esto.
1027 2577 1030 2582 ἱ

188 2598 216 2655 5
242 2595 303 2655 Sed
318 2595 382 2657 bore
405 2595 523 2675 publice
537 2607 666 2658 nocent:
687 2598 760 2658 mihi
776 2616 846 2659 rero
860 2596 995 2678 privetim
1008 2595 1079 2675 quid
1094 2594 1255 2655 incommo-

151 2686 246 2749 dent?
282 2688 422 2767 Spectato
436 2698 591 2768 qusntum,
601 2698 632 2749 et
644 2686 839 2763 considerate,
852 2687 977 2771 onlmibi
991 2706 1084 2747 causa
1097 2706 1163 2749 esse
1174 2687 1255 2748 ride·

148 2787 231 2856 otor:
253 2798 323 2840 nem
342 2780 408 2841 brec
428 2780 518 2859 longe
540 2780 575 2841 iir
596 2799 664 2860 qum
686 2780 812 2843 audistis.
835 2779 971 2860 gruriom
996 2787 1078 2839 sunt.
1129 2777 1254 2840 Vidistis

149 2891 254 2933 omnes
267 2872 357 2932 istum
371 2868 518 2945 Menecle,
533 2872 605 2932 dum
618 2874 644 2933 is
657 2872 779 2946 vireret,
789 2872 906 2933 et'iliios
917 2868 1085 2950 'gregsiibus
1093 2868 1139 2929 uti
1148 2868 1255 2930 ismiii·

143 2963 247 3038 variter,
261 2982 343 3024 nunc
355 2980 424 3024 roro
437 2962 502 3023 eliis
523 2963 595 3023 nibil
613 2963 665 3025 illo
686 2963 875 3037 melioribus,
884 2972 916 3025 et
930 2962 1002 3023 telin
1020 2961 1120 3021 studio
1134 2959 1255 3035 bebere,

151 3054 381 3135 eteloquenten
395 3053 485 3116 rideri
505 3054 589 3115 velle.
632 3054 672 3115 Et
692 3065 739 3117 est
762 3054 898 3125 fortusse,
911 3055 955 3115 ita
970 3074 1018 3114 me
1036 3052 1255 3131 smetdopiter,

150 3147 315 3227 eloquens..
348 3146 483 3217 Quodsi
506 3166 661 3229 progressu
683 3148 822 3229 temporis
846 3148 951 3209 eudem
970 3147 1068 3207 iacere
1085 3146 1255 3217 instituent,

151 3260 185 3302 er
199 3258 271 3301 vero
295 3240 606 3323 commessationes,
624 3239 833 3311 indicationes,
844 3238 1029 3309 delationes,
1042 3226 1255 3306 obductionem
1332 3260 1342 3269 ·

152 3343 183 3394 et
199 3332 231 3393 in
245 3334 347 3393 corum
360 3332 584 3412 aliquo—multi
596 3332 673 3393 enirn
685 3343 759 3393 'sunt
777 3330 900 3391 bumeni
912 3350 1013 3407 cesus,
1027 3341 1064 3390 et
1073 3328 1256 3391 exercitaris·

108 3494 112 3499 ¹
151 3424 242 3486 simos
259 3424 398 3507 'quosque
422 3444 512 3504 rope.
526 3424 551 3485 si
569 3424 656 3485 nimis
668 3424 856 3486 'insolescere
869 3422 1024 3509 ceperint,
1044 3441 1098 3483 vor
1121 3440 1257 3483 coercere

152 3517 393 3599 scitis-publice
412 3518 572 3577 mulctetur
590 3516 688 3591 iuerit,
706 3518 756 3598 qui
778 3517 873 3597 magis
890 3517 954 3577 'iste
972 3516 1146 3576 inscribetur
1168 3534 1257 3593 quom

153 3610 228 3690 egoi
261 3600 364 3671 Scient
384 3628 487 3669 omnes
509 3608 599 3669 credo
622 3620 686 3671 uter
708 3609 748 3671 sit
776 3608 941 3671 damnetur.
983 3608 1080 3669 Bene·
1120 3606 1153 3667 Si
1175 3626 1257 3680 rero,

153 3703 235 3783 quod
246 3702 371 3763 fortusse
385 3700 447 3775 bet,
461 3721 544 3787 mors
555 3702 752 3765 intercesserit
765 3710 796 3763 et
808 3700 919 3761 mulcta
932 3699 1078 3761 dissoluto
1087 3718 1148 3759 non
1158 3698 1258 3781 inerit,

154 3798 204 3876 qui
217 3795 316 3876 mn'gis
326 3795 412 3857 istius
425 3795 508 3856 liberi
520 3816 609 3876 quem
630 3796 689 3856 mei
709 3795 842 3875 inscripti
860 3804 956 3865 erunt,
969 3813 1037 3853 cum
1057 3804 1088 3853 et
1105 3812 1214 3853 nomen
1228 3803 1260 3855 et

153 3898 239 3970 peter
253 3898 285 3949 et
297 3888 390 3949 tribus
404 3887 507 3949 eadem
520 3898 606 3948 erunt
619 3886 737 3949 omnini
770 3886 861 3960 Quid,
874 3886 900 3946 si
917 3887 993 3965 quis,
1003 3886 1118 3946 notione
1131 3888 1211 3947 unde
1229 3885 1259 3945 ri
1360 3913 1365 3927 =

154 3991 259 4042 contro
280 3998 349 4041 eum
369 3980 513 4055 institute,
538 3980 609 4039 mibi
633 3981 705 4041 nihil
726 3989 828 4040 secum
846 3997 913 4039 esse
934 3978 978 4039 rei
995 3978 1110 4051 dixerit,
1124 3978 1178 4038 sed
1191 3997 1258 4038 eom

155 4066 250 4135 rutum
261 4072 392 4134 hobitum
406 4072 594 4151 inscripserit,
608 4073 657 4152 qui
670 4073 766 4153 mogis'
782 4072 871 4158 istum
885 4091 974 4151 quum
992 4090 1039 4131 me
1059 4064 1259 4150 inscripserit?

147 4162 238 4243 Quid
256 4160 339 4239 vero,
351 4166 375 4226 si
397 4184 456 4247 qun
475 4165 585 4234 tribute
606 4186 667 4226 non
685 4156 888 4247 pependerit?
916 4163 1006 4235 Quid,
1022 4163 1046 4224 si
1069 4184 1129 4242 qun
1149 4161 1207 4220 ulia
1227 4161 1258 4221 in
1313 4202 1317 4208 -

158 4252 266 4321 nomen
277 4256 341 4319 ¹boc
365 4258 441 4318 actio
455 4258 633 4331 instituetur,
647 4260 700 4319 sut
714 4255 871 4338 judicium,
885 4266 1049 4316 outremer
1063 4254 1179 4313 sinister
1201 4253 1258 4313 ori·

20 4432 21 4435 Ἴ
159 4354 246 4416 stnri
273 4353 349 4423 Quis
374 4352 448 4413 sciet
468 4372 485 4411 e
508 4343 716 4435 popn10,²uter
737 4343 789 4411 iile
807 4350 937 4425 sit,‘cum
951 4350 1020 4409 duo*
1032 4345 1259 4408 rintMuntitbei

139 4504 143 4509 ,
160 4459 240 4527 putre
255 4442 382 4510 eudemi
403 4447 469 4526 Age
482 4465 561 4519 vero,
573 4445 598 4507 si
612 4444 738 4511 deserte
749 4442 863 4511 militie
882 4451 1050 4532 recusetur,
1062 4440 1170 4501 sicum
1185 4436 1260 4497 miii-
