2967 4950
198 294 421 354 anvrnsns
442 296 758 361 urustnacrrtrrs
781 296 831 359 nr
852 258 1140 363 xnuoerrnanr.
1173 308 1235 366 ms

132 460 250 511 tantam
264 456 517 515 camuris
540 455 639 515 valeat
662 462 789 534 rataque
803 456 851 527 stt,
872 458 903 521 is
926 458 1044 519 ratione
1065 461 1237 538 pecanimra

131 544 291 624 ensisque
304 546 467 632 minonem
480 566 540 608 nen
553 548 689 611 valebit?
721 550 840 609 valebit
853 551 995 629 prolecto.
1038 553 1143 633 Neque
1156 555 1236 615 enim
1340 630 1343 637 Ι

132 634 194 695 lm
214 637 420 716 mammam
443 653 499 713 ess,
513 642 538 700 si
558 656 621 720 ego
635 647 689 718 'yae
707 656 805 702 merra
827 644 946 703 arebla
969 660 1028 705 nen
1053 659 1234 726 consequar:
1298 635 1299 639 ’

134 728 202 800 aad,
212 730 238 788 si
246 730 393 809 justaras
406 734 446 792 ab
457 728 539 793 imni
550 748 614 794 ern
629 746 757 814 secema,
773 749 851 793 nnnc
866 728 1064 816 abnegabitur.
1334 730 1338 737 '

131 855 135 861 -
175 826 207 881 8.
226 822 298 883 tlon
321 826 457 884 muna
475 837 607 886 nostram
627 828 759 901 domam,
778 828 907 887 sonasse
928 829 1044 889 dicent:
1076 842 1135 890 nen
1158 834 1235 892 enirn
1301 869 1304 874 -

133 912 236 973 ωΙιιὴ,
249 924 376 993 patrum
394 916 795 998 vocalissimumque,
817 932 887 978 eum
909 935 970 979 rem
995 934 1059 983 eam
1083 923 1238 985 detulisset

134 1004 273 1079 Nicidss,
284 1004 441 1087 judicibus
458 1010 606 1088 pmsnasit
627 1024 663 1069 ut
678 1008 732 1069 sibi
754 1008 817 1089 ejus
842 1013 1041 1089 gubernandae
1064 1015 1236 1075 ibonltatent

132 1098 250 1168 &aaut
279 1097 429 1160 brusa·
448 1101 544 1161 mant
566 1116 681 1162 nunes.
734 1102 834 1162 Multa
857 1104 941 1167 uobis
967 1104 1010 1162 illl
1034 1105 1235 1185 diripuerunta
1336 1098 1340 1106 '

133 1191 258 1270 proinde
287 1210 352 1251 eam
375 1208 493 1270 poenam
517 1193 553 1251 de
578 1194 620 1253 eis
645 1189 821 1273 sumpsistis,
846 1207 936 1273 quain
960 1198 1129 1275 persuaderi
1153 1200 1236 1259 vobis

133 1282 256 1353 absistis,
265 1303 323 1343 nen
336 1282 438 1363 utique·
448 1286 549 1345 denno
559 1286 752 1346 vobisdum
766 1301 853 1367 postte
867 1278 1011 1348 sumenda
1026 1298 1082 1347 est.

176 1378 206 1435 9.
229 1378 273 1435 Ut
286 1397 325 1437 ne
338 1378 481 1448 veroisra
498 1379 610 1458 patetis
629 1394 697 1439 esse
710 1374 830 1459 aliquid,
844 1388 877 1449 et
896 1380 921 1439 sl
940 1380 998 1440 boe
1017 1371 1095 1441 certe
1116 1378 1235 1461 quidest

135 1467 270 1546 iniquum
284 1481 350 1531 est:
372 1472 428 1550 qui
442 1471 520 1531 enim
543 1482 621 1531 esset
642 1471 778 1550 aequum?
801 1474 838 1532 ab
857 1472 892 1531 iis
913 1472 1048 1551 quicum
1068 1466 1236 1535 auctoribus
1270 1544 1277 1553 ⁷

135 1571 345 1641 transegerunt
372 1563 412 1623 rei
438 1557 556 1642 ignaros
576 1565 718 1624 accusari.
762 1564 820 1638 Sed
847 1574 993 1637 tamen,o
1019 1566 1185 1645 Xenopithe
1206 1579 1237 1627 et
1303 1585 1306 1589 ·

135 1652 348 1728 Nausimache,
362 1656 387 1715 si
399 1676 506 1736 magna
515 1655 599 1716 vobis
613 1667 644 1717 et
659 1656 842 1717 admirabilia
849 1658 916 1736 jura
929 1676 996 1717 esse
1009 1658 1128 1735 putatis,
1143 1658 1236 1720 tribus
1329 1706 1331 1717 ,

133 1745 251 1807 talentis
265 1748 326 1809 huc
336 1740 527 1825 renumeratis
540 1749 701 1828 pergitote:
722 1770 740 1809 a
753 1750 858 1826 quibus
869 1768 937 1809 vero
951 1770 988 1809 ne
999 1769 1051 1810 eos
1061 1752 1236 1811 accusaretis

133 1848 248 1899 tantam
261 1842 419 1920 pecuniam
432 1840 580 1919 exegistis,
595 1842 764 1920 priusquam
785 1840 910 1903 eandem
929 1840 1124 1914 reddideritis,
1139 1852 1236 1903 tacere

132 1950 185 1991 vos
207 1951 327 2012 aequum
347 1944 403 2006 est,
423 1944 453 1993 et
471 1953 530 1998 non
544 1953 682 1994 accusare
696 1932 804 2013 pariter
822 1942 851 1993 et
865 1944 973 1993 tenere.
1017 1935 1094 1993 Nam
1108 1955 1143 1995 ea
1156 1949 1236 1996 esset

134 2042 252 2084 summa
270 2025 414 2105 iniquitas.
562 2097 566 2102 ¹
880 2015 884 2023 ¹
1313 2016 1318 2023 ²

179 2120 229 2179 10.
250 2119 394 2180 Fortassis
407 2130 503 2180 autem
518 2130 550 2180 et
569 2122 727 2180 instructas
741 2140 760 2179 e
774 2140 805 2181 se
820 2120 951 2179 triremes
972 2119 1186 2198 praedicabunt,
1205 2131 1236 2180 et
1262 2149 1273 2161 ·

133 2230 206 2271 suas
231 2231 304 2292 opes
327 2213 358 2271 in
371 2233 425 2273 vos
448 2226 595 2293 erogatas.
637 2213 784 2291 Egorero
807 2212 881 2271 iilud
899 2211 1041 2285 omittam,
1060 2212 1233 2273 mentituros

132 2322 199 2363 esse
212 2322 278 2377 eos,
292 2314 322 2365 et
334 2325 403 2365 cum
415 2305 555 2385 pleraque
576 2324 631 2364 sua
643 2307 722 2365 bona
736 2304 924 2383 perdiderint,
940 2323 1159 2384 paucorumque
1172 2324 1236 2365 res-

131 2396 255 2474 publica
279 2407 393 2476 partem
407 2387 528 2480 ceperit,
541 2418 593 2458 eos
607 2397 743 2474 injustam
765 2406 795 2456 et
813 2396 972 2457 indebitam
985 2398 1109 2476 gratiam
1124 2400 1235 2476 arabis

130 2490 328 2568 repetituros:
348 2511 417 2552 narn
440 2493 548 2570 etipse
569 2491 697 2571 postulo,
715 2490 848 2564 ludices,
869 2501 902 2549 ut
919 2491 1054 2551 omnibus
1078 2491 1162 2552 nobis
1185 2493 1235 2570 qui
1256 2561 1260 2568 ,

13 2635 19 2640 .
131 2583 208 2643 bene
223 2603 368 2645 meremur
381 2585 420 2645 de
432 2585 583 2665 republica
593 2585 832 2664 gratiaquaedam
847 2604 865 2644 a
877 2585 959 2644 vobis
968 2585 1121 2659 habeatur,
1129 2585 1235 2665 quibus
1337 2645 1340 2650 Δ

130 2695 202 2736 vero
217 2677 365 2742 maxima?
394 2678 457 2737 illis
471 2679 617 2750 nimirum,
627 2679 677 2756 qui
687 2677 826 2756 quicquid
838 2679 867 2736 in
883 2697 918 2737 ea
931 2696 962 2737 re
973 2679 1089 2757 publice
1102 2679 1234 2758 prodest,

130 2764 263 2842 faciunt,
276 2769 307 2828 id
320 2789 390 2830 vero
404 2771 482 2849 quod
502 2770 588 2849 turp‘e
608 2790 673 2842 esse
696 2789 797 2829 omnes
814 2769 914 2828 dicant
936 2777 967 2828 et
979 2769 1161 2843 indecorum,
1175 2790 1234 2830 non

130 2848 324 2942 suscipiunt'
351 2863 408 2932 Qni
430 2874 529 2923 autem
549 2863 636 2923 simul
659 2872 690 2922 et
707 2862 827 2941 publice
846 2880 965 2920 munera
979 2864 1089 2922 obeunt
1101 2871 1131 2922 et
1151 2881 1234 2922 suam

130 2973 195 3014 rem
208 2954 381 3016 familiarem
402 2956 536 3036 perdunt,
550 2955 739 3035 opprobrium
762 2953 929 3035 reipublicae
947 2955 1083 3015 beneficii
1102 2955 1168 3016 loco
1188 2975 1243 3014 rev

131 3046 292 3125 linquunt;
312 3067 399 3109 nemo
406 3049 486 3109 enim
499 3049 562 3128 ipse
575 3068 641 3108 sese
656 3067 782 3126 unquam
797 3047 958 3120 accusavit,
970 3047 1022 3107 sed
1037 3047 1153 3125 publice
1163 3067 1234 3126 opes

133 3139 191 3200 sibi
214 3150 329 3220 ereptas
353 3159 418 3202 esse
443 3139 600 3201 dictitant:
628 3139 678 3217 qui
701 3159 772 3200 vero
789 3149 820 3200 et
843 3158 910 3216 quae
931 3157 983 3198 vos
1002 3138 1112 3215 jubetis
1137 3139 1235 3198 omnia
1342 3163 1344 3166 ·

132 3243 253 3292 strenue
267 3243 478 3312 exsequuntur,
492 3242 523 3293 et
546 3251 602 3291 sua
618 3231 730 3292 coeteris
752 3230 782 3288 in
800 3229 887 3288 rebus
906 3228 1073 3307 frugalitate
1097 3247 1157 3288 rem
1181 3229 1235 3289 do-

133 3324 289 3384 mesticam
309 3335 438 3398 tuentur,
458 3344 518 3383 uon
537 3344 573 3384 eo
590 3322 708 3384 nomine
730 3323 873 3382 duntaxat
891 3320 948 3379 illis
968 3321 1142 3399 proeferendi
1156 3335 1235 3396 sunt,

131 3416 217 3496 qnod
231 3437 296 3477 sese
308 3417 397 3477 utiles
411 3429 442 3477 et
454 3419 641 3498 praebuerunt
657 3425 688 3475 et
708 3415 893 3496 praebebunt,
908 3412 962 3473 sed
975 3413 1055 3492 quod
1070 3416 1156 3474 etiam
1172 3417 1233 3475 siue
1333 3497 1335 3501 ,

131 3510 312 3570 contumelia
324 3510 408 3571 vobis
431 3530 467 3569 ea
486 3518 634 3588 praestant.
677 3507 741 3569 Nos
761 3518 860 3568 autem
874 3506 949 3567 tales
963 3508 994 3567 in
1014 3527 1066 3567 vos
1087 3510 1233 3570 exstitisse

131 3602 298 3663 constabit:
318 3603 392 3663 istos
405 3621 474 3664 vero
486 3603 592 3662 missos
606 3602 721 3676 faciam,
735 3621 773 3661 ne
787 3600 841 3661 sibi
855 3599 990 3671 maledici
1003 3612 1172 3680 querantur.
1219 3613 1221 3620 ⁴

178 3697 226 3754 ll.
248 3695 354 3775 Neque
373 3695 509 3766 mirabor,
532 3696 557 3754 si
580 3704 612 3754 et
633 3695 703 3753 flere
721 3703 752 3753 et
776 3713 808 3754 se
828 3693 1007 3761 miserabiles
1030 3693 1126 3753 iacere
1145 3713 1234 3755 cona·

129 3790 254 3850 buntur.
296 3788 362 3868 Ego
380 3808 450 3849 vero
473 3787 615 3848 adversus
633 3785 690 3847 ista
708 3804 762 3846 vos
784 3805 886 3846 omnes
900 3784 943 3844 sic
957 3785 1122 3845 existimare
1136 3788 1233 3863 velim,

128 3890 219 3960 turpe
239 3899 362 3954 esse,ac
382 3881 480 3960 potius
499 3880 650 3959 injustum,
669 3898 720 3938 eos
740 3878 791 3957 qni
813 3878 1022 3940 helluendoet
1035 3899 1102 3938 cum
1118 3881 1234 3940 Aristo-

131 3984 217 4035 crate
240 3974 447 4053 Diognetoqne
470 3981 500 4032 et
519 3972 583 4052 ejus
607 3971 722 4051 generis
746 3970 911 4030 hominibus
944 3971 1234 4034 debacchando'sua

119 4069 213 4128 male
238 4067 438 4148 perdiderunt,
467 4083 546 4124 nunc
569 4072 603 4124 ut
628 4063 725 4123 aliene
745 4061 861 4144 rapiant
883 4063 997 4143 plorare
1021 4073 1052 4123 et
1073 4063 1233 4127 lamentari.
1266 4077 1286 4114 '-

129 4163 191 4224 Illa
203 4161 285 4223 vobis
300 4159 484 4240 deploranda
493 4167 586 4228 erant,
598 4177 665 4234 quse
678 4155 876 4218 factitabatis:
896 4176 976 4216 nunc
986 4175 1057 4216 vero
1069 4157 1233 4237 lacryman-

131 4256 205 4315 dum
230 4273 292 4314 non
315 4261 371 4325 est,
387 4253 440 4312 sed
464 4271 518 4312 vos
542 4269 603 4310 non
623 4251 804 4328 transegisse
825 4250 1050 4323 ostendendum,
1074 4261 1125 4310 aut
1150 4251 1232 4312 robis

132 4367 236 4408 rursus
260 4332 494 4408 actionem'esse
518 4360 619 4404 earum
643 4363 740 4404 rerum
763 4362 836 4422 quas
857 4341 1052 4422 transegistis,
1066 4353 1118 4402 aut
1136 4343 1232 4404 adhuc

133 4463 202 4505 esre
217 4443 331 4521 justum
352 4438 447 4499 sortiri
465 4435 620 4516 judicium,
642 4456 710 4497 cum
729 4437 778 4497 lex
801 4437 1031 4516 quinquennium
1056 4436 1232 4512 praefinierit.
