2967 4950
454 278 707 401 '’nuvnnsus
730 302 964 366 rotronem
1213 303 1278 369 css

170 456 347 541 respondit3
376 455 430 517 sed
453 476 521 519 curu
547 456 606 519 risu
628 458 865 539 dixissefertur,
892 458 1012 523 Modo
1041 477 1124 520 mur
1149 459 1278 541 picem

171 560 328 631 gustat,
360 548 474 610 facetus
488 549 565 609 enim
579 570 649 611 esse
663 552 766 614 soluit.
807 553 908 623 Quum
925 552 1235 630 autemEuctemohis
1247 563 1278 614 et

101 684 112 734 3
174 642 276 703 Diniae
286 640 385 703 verbis
399 641 469 702 nihil
483 652 656 719 moveretur,
669 654 772 724 postea
785 664 886 726 rursus
895 665 963 706 eum
974 644 1158 711 conveniunt¹
1166 645 1279 727 Pytho·

173 736 268 797 dorus
295 734 492 795 Acharnensis
516 731 558 797 et'
572 736 769 816 Apollodorus
800 738 1009 812 Leuconensis,
1035 737 1193 799 familiares
1220 738 1279 799 mei
1383 794 1386 798 ,

175 842 267 908 atque
280 827 384 897 amici3
406 838 436 888 et
457 828 496 888 ad
510 846 614 889 navem
634 830 714 889 abire
723 830 841 909 jubent,
857 840 891 891 ut
908 850 1120 901 successorem,
1135 832 1218 891 etde
1232 851 1281 891 ar·

174 922 332 982 mamentis
352 921 380 981 ei
402 929 531 993 narrant,
548 941 595 981 me
618 922 752 1003 privatim
771 922 879 983 habere
902 922 1011 1003 omnia,
1024 922 1176 1004 publicum
1196 922 1278 983 nihil.

179 1014 274 1083 Quod
288 1013 311 1073 si
322 1014 378 1073 illis
391 1013 435 1073 nti
448 1014 540 1088 voles,
554 1014 693 1093 relinque,
704 1016 850 1095 inquiunt,
861 1016 1012 1095 pecuniam
1026 1015 1085 1088 hic,
1094 1036 1189 1096 neque
1203 1018 1280 1096 peri-

180 1108 253 1167 culo
266 1106 349 1165 maris
365 1094 525 1179 committe,
538 1106 609 1167 illuc
624 1106 778 1169 vehendo:
798 1107 889 1186 idque
904 1128 943 1168 ea
957 1107 996 1167 de
1012 1126 1105 1167 causa
1121 1109 1279 1186 faciebant,

177 1207 216 1257 ut
230 1196 298 1256 mihi
312 1198 487 1257 redimerent
499 1197 652 1277 praedium,
667 1198 789 1259 redditis
802 1198 958 1259 Archeneo
972 1207 1003 1258 et
1016 1198 1215 1279 Thrasylocho
1228 1201 1280 1266 tri-

177 1290 266 1369 ginta
278 1288 374 1347 minis.
390 1286 444 1347 ¹De
458 1300 701 1351 armamentorum
712 1300 811 1351 autem
824 1291 971 1352 attritione
978 1290 1131 1352 voluerunt
1140 1290 1168 1351 ei
1178 1291 1279 1354 literas

178 1380 253 1441 dare
276 1392 307 1441 et
330 1379 385 1461 ipsi
405 1380 548 1460 spondere
569 1401 622 1463 pro
645 1370 780 1453 maiore
804 1392 838 1443 ut
855 1383 961 1444 eadem
979 1402 1094 1444 mecum
1112 1384 1280 1457 conditione
1358 1437 1359 1440 ,

178 1476 366 1555 transigeret,
382 1490 440 1555 qua
462 1484 494 1535 et
513 1474 616 1553 reliqui
638 1475 797 1535 triremium
812 1476 946 1555 proeiecti
963 1496 1032 1537 cum
1051 1476 1278 1553 successoribus.

179 1566 259 1629 Haec
273 1586 292 1629 a
303 1586 351 1629 me
364 1586 430 1627 vere
444 1565 502 1628 dici
515 1576 549 1629 ut
561 1578 687 1642 constet,
701 1566 868 1629 testimonia
879 1568 968 1655 'vobis‘
978 1567 1187 1630 recitabuntur.

596 1786 864 1848 TESTIMONIA.
959 1831 963 1837 -

224 1943 255 2001 8.
275 1936 380 2001 Multis
398 1948 497 2003 autem
516 1959 564 2000 me
583 1940 666 2003 robis
680 1938 875 2021 argumentis
880 1949 1068 2023 ostensorem
1075 1950 1171 2044 puto,
1190 1939 1281 2022 Poly·

177 2034 259 2095 clem
275 2052 370 2113 neque
394 2042 466 2093 tunc
488 2032 519 2091 in
540 2024 636 2094 animo
654 2033 793 2103 habuisse
809 2052 914 2093 navem
928 2051 1006 2093 ame
1020 2032 1163 2113 accipere,
1176 2053 1281 2113 neque,

179 2136 339 2207 postquam
352 2146 370 2187 a
382 2127 464 2187 vobis
478 2136 509 2185 et
521 2124 639 2187 decreto
651 2136 750 2189 vestro
760 2135 881 2187 coactns
892 2134 940 2185 est
952 2124 991 2185 ad
1001 2143 1104 2185 navem
1114 2125 1217 2202 abire,
1213 2146 1283 2186 curn

179 2239 217 2281 eo
230 2210 370 2291 venisset,
384 2218 513 2279 voluisse
527 2218 642 2278 mihim
657 2220 827 2280 trierarchia
847 2218 1017 2279 succedere
1058 2216 1137 2277 Nam
1150 2218 1281 2279 Thasum
1388 2252 1392 2268 ·

179 2312 233 2371 ubi
246 2311 335 2383 venit,
348 2331 396 2371 me
414 2312 477 2391 jam
497 2322 634 2391 quartum
649 2332 779 2373 mensem
795 2314 880 2390 ultra
899 2307 1054 2373 terminum
1074 2310 1282 2391 praefecturam

180 2414 313 2486 gerente,
327 2424 383 2486 ego
393 2392 517 2465 testibus
529 2404 668 2465 adhibitis
683 2405 869 2487 quamnpotui
881 2404 1011 2486 plurimis
1024 2414 1088 2465 tum
1099 2404 1206 2465 civium
1218 2414 1283 2483 tum

179 2497 307 2557 militum
319 2507 382 2557 tum
390 2497 531 2578 remigum
546 2517 614 2558 eum
629 2497 721 2558 Thasi
734 2497 764 2557 in
777 2498 842 2558 foro
861 2499 1021 2569 convenio;
1043 2507 1073 2558 et
1085 2517 1189 2558 navem
1203 2517 1283 2560 ame

179 2591 316 2671 accipere
326 2591 427 2670 jubeo,
437 2598 470 2650 ut
484 2610 693 2666 successorem,
702 2601 733 2652 et
747 2591 851 2670 reliqui
861 2590 1000 2671 temporis
1010 2589 1081 2650 mihi
1092 2603 1226 2673 sumptus
1238 2611 1283 2652 re·

179 2685 313 2744 stituere.
356 2683 512 2742 Rationem
535 2695 632 2744 autem
653 2703 721 2748 cum
740 2704 777 2744 eo
793 2694 897 2765 putare
910 2685 990 2745 solui
1007 2684 1045 2744 de
1064 2683 1197 2764 singulis,
1211 2686 1284 2754 dum

179 2775 253 2836 mrhr
260 2775 403 2836 sactorum
411 2785 579 2855 sumptuum
588 2786 679 2836 testes
689 2775 831 2838 adessent
832 2788 959 2851 nautae,
967 2776 1110 2838 mrlrteset
1118 2797 1282 2859 remigrum,

178 2879 225 2941 ut,
240 2891 265 2930 sr
257 2868 350 2950 quid
361 2869 549 2944 inficiaretur,
564 2883 631 2930 eum
646 2871 745 2931 statim
759 2872 971 2932 convincerem.
1013 2871 1089 2931 Tam
1102 2872 1181 2932 enim
1193 2891 1282 2933 accu-

177 2962 245 3024 rate
258 2983 276 3023 a
288 2982 335 3022 me
357 2961 497 3042 inscripta
514 2974 598 3024 erant
610 2963 718 3036 omnia,
739 2973 845 3023 utnon
856 2950 946 3024 modo
959 2974 1094 3044 sumptus
1111 2973 1211 3024 essent
1221 2983 1291 3035 ,an-¹

180 3052 288 3126 notati,
301 3053 353 3114 sed
367 3055 454 3115 etiam
472 3054 522 3115 ubi
541 3065 639 3128 essent
657 3056 736 3127 facti,
760 3065 791 3116 et
812 3075 887 3134 quos
909 3055 940 3114 in
954 3074 1035 3128 usus,
1056 3063 1088 3114 et
1108 3055 1232 3134 pretium
1252 3064 1284 3115 et

178 3145 288 3225 quanti
300 3147 426 3227 quicque
439 3157 530 3222 esset,
544 3157 575 3207 et
587 3149 684 3225 ouJate
700 3147 857 3211 nomisma,
869 3157 900 3207 et
921 3146 1023 3226 quanti
1044 3135 1169 3227 pecunia
1188 3155 1283 3206 muta·

179 3248 282 3300 retur:
302 3250 337 3300 ut
356 3251 437 3302 certo
458 3259 574 3320 possem
598 3240 772 3301 convincere
795 3258 1006 3311 successorem,
1021 3238 1046 3300 si
1069 3238 1141 3320 quid
1158 3259 1207 3300 me
1229 3240 1284 3301 sibi

179 3331 258 3394 falso
271 3332 415 3412 imputare
429 3332 558 3394 duceret.
599 3332 747 3392 Praeterea
759 3331 818 3392 fide
831 3331 920 3392 etiam
932 3331 1002 3391 data
1015 3339 1150 3410 sumptus
1163 3331 1191 3391 ei
1202 3350 1285 3392 com·

179 3439 286 3510 putare
303 3427 391 3488 volui.
433 3429 487 3488 Me
506 3425 657 3505 autemid
675 3415 854 3507 postulante,
871 3425 1033 3505 respondit,
1048 3443 1082 3484 se
1096 3425 1167 3484 nihil
1181 3445 1284 3486 curare

180 3521 320 3602 quicquid
345 3519 481 3582 dicerem.
523 3521 640 3580 interea
658 3520 800 3594 minister,
813 3539 839 3604 a·
850 3519 926 3579 duce
942 3518 1062 3591 missus,
1075 3517 1146 3577 mihi
1163 3519 1285 3599 mandat

179 3624 216 3674 ut
237 3603 434 3684 solvam,·non
451 3611 499 3672 isti
519 3613 692 3686 successori,
710 3612 795 3693 cujus
817 3632 924 3672 munus
946 3611 977 3671 id
999 3620 1082 3675 erat:
1103 3611 1165 3691 ejus
1183 3624 1285 3672 autem
1344 3604 1346 3613 ’

179 3706 225 3770 rei
238 3727 358 3772 causam
371 3707 401 3766 in
413 3721 572 3790 progressu
588 3705 726 3770 orationis
740 3725 794 3766 ros
808 3705 950 3769 edocebo.

224 3802 254 3860 9.
276 3793 354 3864 Tum
368 3799 456 3879 igitur
470 3799 540 3863 mihi
552 3798 647 3858 visum
665 3798 722 3858 fuit
740 3799 862 3873 solvere,
876 3807 907 3861 et
926 3797 1075 3878 navigare,
1088 3815 1147 3876 quo
1158 3795 1284 3876 juberet.

179 3894 344 3975 Postquam
358 3903 456 3958 autem
475 3912 576 3966 rursus
594 3890 726 3956 Thasum
748 3891 859 3974 appuli,
881 3883 1018 3970 Strymen
1038 3883 1203 3970 pertractis,
1224 3907 1285 3969 quo

180 3987 244 4048 dux
257 3975 423 4059 mandarat,
446 3984 581 4064 navigiis,
603 3984 699 4050 nautis
724 3993 755 4044 et
779 3981 919 4043 militibus
937 3992 969 4044 et
989 3981 1175 4062 remigibus
1167 4001 1197 4040 ιιι
1217 3981 1285 4042 uari

179 4099 303 4146 manere
311 4079 415 4160 jussis,
429 4078 491 4158 ipse
497 4076 651 4139 exscendi
670 4086 701 4137 et
718 4077 749 4136 in
757 4077 843 4136 aedes
857 4075 925 4150 abii,
938 4075 989 4135 ubi
1003 4075 1210 4136 Timomachus
1223 4073 1285 4132 dux

176 4172 351 4237 diversabat
339 4181 397 4244 tur,
415 4171 520 4232 voleus
541 4171 628 4232 ctiam
648 4189 747 4232 coram
765 4169 817 4229 illc
834 4189 940 4230 navem
958 4170 1074 4230 undere
1087 4165 1201 4246 Polycli
1220 4164 1285 4244 ple-

181 4261 263 4332 nam.
305 4263 531 4352 Deprehendo
523 4263 612 4344 egitur
637 4273 667 4324 et
688 4262 777 4324 istum
796 4253 856 4324 illic
869 4272 899 4323 et
912 4262 1072 4324 triremium
1083 4258 1287 4339 proefectoset

178 4368 373 4430 successores
400 4368 431 4418 et
450 4357 531 4418 alios
556 4351 720 4436 quosdam
724 4356 822 4419 cives·
849 4365 880 4416 et
902 4366 983 4416 recta
1001 4355 1163 4439 ingressus,
1184 4359 1289 4431 coram

178 4453 272 4572 duce,
288 4447 378 4518 verba
391 4451 511 4550 adeum
525 4449 612 4524 facio,
625 4460 655 4511 et
665 4457 738 4574 peto
752 4459 786 4566 ut
800 4468 935 4513 narema
949 4469 997 4520 me
1010 4445 1136 4536 accipiat
1153 4455 1184 4515 et
1201 4463 1286 4528 sum
