2967 4950
229 319 290 377 778
578 317 751 383 OONTRA
773 315 971 382 NEAERAM.

227 449 1326 540 murreumsamcatumeumquisqam-mimae,e‚peeunermtsan

227 557 253 598 ut
265 565 320 598 suus
332 551 392 598 iilius
410 551 434 599 in
451 555 548 614 gentiles
565 557 759 610 introduceretur,
765 554 875 604 aetiam
883 551 1112 602 muramutha
1124 555 1327 599 musonem:

227 626 296 682 soios,
303 627 448 692 prohibuisse
455 631 602 680 Phrartorem
612 647 640 680 ne
647 632 720 684 fllium
731 631 900 680 introduceret.

168 753 170 758 ·
272 742 318 798 17.
332 743 452 804 Au'uou
466 745 553 822 igitur
563 746 712 806 evidenter
722 747 891 806 demonstro
902 743 996 815 vobis,
1010 743 1091 822 ipsos
1105 741 1194 802 etiam
1209 741 1327 800 Nereius

229 831 493 910 conjuretissimos,
508 836 539 894 in
561 835 626 898 earn
647 847 681 897 ut
703 839 886 918 peregrinam
909 835 1020 896 dixisse
1041 833 1249 906 testimonium,
1262 845 1330 891 nrm

230 924 420 1003 Stephanum,
437 929 487 1008 qni
508 949 572 990 eam
593 949 671 990 nune
686 931 778 991 hebet
793 931 823 990 iu
837 929 1031 1002 matrimonio,
1043 940 1108 988 tum
1127 928 1328 999 Phrastorem,

229 1015 279 1092 qui
292 1018 380 1078 filiam
394 1021 456 1098 ejus
478 1022 619 1083 duxerat?
647 1024 723 1084 Cum
744 1023 911 1103 Stephanus
928 1023 1019 1081 filiam
1030 1021 1123 1094 istius,
1137 1041 1156 1080 a
1169 1020 1331 1080 Pbrastore

230 1109 309 1186 apud
333 1113 460 1173 servires
484 1125 650 1188 accusatus,
673 1116 754 1194 quod
775 1115 827 1194 qui
848 1114 1031 1174 Atheniensis
1048 1123 1139 1184 esset,
1165 1112 1332 1192 peregrinae

230 1201 318 1262 filiam
331 1204 546 1283 despondisset,
558 1209 715 1270 defendere
730 1207 865 1280 noluerit,
876 1206 930 1266 sed
941 1207 1040 1266 dotem
1054 1206 1238 1278 condonarit,
1247 1223 1329 1264 earn-

230 1313 286 1370 que
305 1315 363 1356 uon
386 1301 544 1380 receperit:
566 1321 634 1360 cnm
658 1300 797 1360 Phrastor
821 1298 935 1358 Neserae
955 1299 1046 1357 filiam
1066 1297 1251 1357 matrimonio
1271 1297 1332 1356 sibi
1417 1297 1420 1302 ’

225 1385 358 1462 junctam
383 1389 510 1470 ejecerit,
526 1403 680 1470 postquam
702 1391 832 1452 audierat
850 1410 909 1450 nou
930 1411 996 1450 esse
1018 1390 1170 1469 Stephani,
1183 1390 1254 1449 dote
1267 1407 1332 1449 non

231 1479 357 1552 reddita,
370 1503 436 1542 cum
450 1493 552 1562 postea
566 1494 596 1544 et
609 1484 775 1544 infirmitate
793 1503 857 1556 sua,
871 1494 902 1543 et
921 1484 988 1544 odio
1006 1481 1232 1544 domesticorum
1246 1501 1333 1542 eoru·

232 1581 338 1644 motus,
353 1575 526 1652 adoptasset
538 1575 639 1648 filiurn,
653 1577 734 1636 etad
749 1577 873 1655 gentiles
886 1576 1108 1646 introduxisset,
1117 1595 1209 1655 puero
1223 1595 1242 1634 a
1256 1594 1332 1653 gen·

231 1663 330 1724 tiiibus
345 1667 461 1745 rejecto,
470 1669 678 1749 jusjurandum
694 1670 722 1728 ei
735 1669 944 1740 deferentibus,
950 1670 1050 1748 jurare
1060 1668 1197 1738 noluerit,
1211 1667 1342 1746 religioe

175 1785 181 1798 =
233 1756 321 1834 nique
353 1779 436 1820 snam
474 1761 660 1840 cupiditatem
685 1761 898 1840 posthabuerit,
922 1762 1066 1840 aliamque
1089 1771 1192 1840 postea
1214 1761 1334 1820 dnxait

233 1848 337 1922 civem,
351 1862 383 1910 ut
406 1855 513 1930 jubent
532 1855 624 1933 leges.
666 1855 722 1914 Hae
744 1855 820 1916 enim
839 1874 888 1915 res
907 1854 949 1914 ita
962 1855 1111 1916 evidentes
1124 1872 1235 1934 magne
1248 1853 1333 1914 testi·

233 1943 331 2002 monio
344 1957 445 2006 contra
458 1966 509 2006 eos
523 1947 652 2016 inerunt,
665 1948 801 2008 Neaeram
813 1968 878 2008 esee
890 1947 1082 2028 peregrinam.

277 2037 322 2094 18.
340 2037 399 2097 Sed
418 2039 603 2100 considerate
626 2051 656 2099 et
675 2040 776 2100 sordes
797 2039 949 2120 Stephani,
962 2051 993 2099 et
1009 2037 1235 2118 improbitatem,
1247 2047 1281 2096 ut
1294 2054 1334 2097 en

201 2131 204 2137 '
234 2146 397 2207 aequoque
412 2131 605 2210 perspicietis,
625 2132 761 2192 Neaeram
776 2152 835 2191 non
849 2152 914 2192 esse
930 2133 1034 2194 civem.
1075 2131 1252 2209 Epoenetum
1267 2131 1334 2190 An-

231 2219 337 2293 drium,
362 2224 476 2284 Neeeree
497 2235 813 2298 veterem-amatorem,
835 2225 884 2284 cui
906 2245 943 2286 ea
965 2243 1072 2303 magno
1100 2223 1283 2296 constiterat,
1301 2234 1335 2284 et

234 2312 336 2375 diverti
359 2316 397 2375 ad
421 2316 501 2388 istos,
522 2337 590 2378 cum
608 2318 739 2378 Athenas
763 2317 911 2390 veniebat,
932 2313 1060 2390 solitum,
1075 2326 1194 2397 propter
1215 2316 1334 2376 Neaerae

235 2407 401 2481 amicitiam,
418 2408 585 2490 Stephanus
607 2430 659 2490 per
678 2410 799 2470 insidias
819 2410 849 2468 in
874 2428 1053 2491 agrnm,per
1073 2409 1208 2489 speciem·
1225 2408 1335 2468 dimna

235 2499 276 2559 rei
292 2500 434 2561 faciendae
448 2504 634 2577 accersitum,
647 2504 727 2582 apud
740 2503 825 2564 istius
839 2503 928 2563 filiam
945 2522 998 2583 pro
1012 2502 1128 2580 rnoecho
1140 2501 1335 2580 comprehoe·

128 2618 131 2623 ·
236 2590 289 2661 dit,
303 2604 334 2651 et
347 2603 454 2655 terrore
467 2595 576 2675 injecto
587 2596 706 2675 triginta
716 2596 754 2655 ab
763 2614 799 2654 eo
812 2595 908 2655 minas
918 2602 1094 2673 extorquet:
1109 2607 1233 2671 quarum
1244 2609 1334 2673 spone

235 2684 350 2743 soribus
371 2687 509 2765 acceptis,
533 2688 748 2759 Aristomache,
772 2688 823 2765 qni
845 2687 941 2747 sextis
962 2686 1069 2760 iuerat,
1090 2696 1123 2745 et
1147 2684 1333 2765 Nausifflin,

237 2776 389 2837 Nausinici
402 2779 454 2837 viri
471 2780 598 2857 praetorii
621 2780 692 2852 filio,
712 2781 833 2840 missum
850 2799 916 2839 eum
935 2779 1018 2851 facit,
1030 2798 1084 2857 spe
1100 2777 1216 2856 argenti
1237 2778 1276 2839 nh
1297 2798 1334 2837 eo

235 2869 400 2949 reeipiendi.
442 2870 589 2949 Egressus
614 2872 783 2951 Epaenetus,
797 2882 828 2929 et
849 2869 981 2949 suijuris
1001 2869 1161 2940 iactus,ds
1184 2866 1334 2949 Stephano

235 2963 313 3043 apud
343 2964 471 3027 servitos
500 2966 640 3045 queritur,
662 2984 714 3044 per
737 2965 871 3044 injuriam
890 2983 922 3023 se
945 2965 982 3023 ab
1007 2983 1042 3023 eo
1064 2963 1095 3022 in
1121 2962 1241 3023 vincula
1262 2983 1334 3023 eon·

231 3055 352 3135 jectum,
368 3076 403 3117 ex
418 3057 484 3137 iege
505 3075 571 3137 quse
588 3059 684 3139 jubet,
707 3058 731 3117 si
744 3056 811 3135 quis
826 3057 951 3136 aliquem
964 3055 1165 3136 perinjurium
1182 3076 1236 3135 pro
1249 3056 1333 3115 adui-

230 3139 299 3211 ‘tern
326 3151 459 3225 vinxerit,
473 3161 508 3213 ut
528 3153 606 3231 apud
630 3151 761 3212 servires
783 3158 988 3230 conqueratur,
1013 3169 1044 3209 se
1071 3168 1123 3227 per
1146 3149 1284 3225 injuriam
1303 3149 1334 3209 iu

234 3245 352 3307 uincula
375 3265 442 3306 esse
466 3236 644 3325 conjectum.
686 3245 773 3313 Quod
796 3244 821 3305 si
843 3263 909 3303 eurn
927 3243 977 3322 qui
998 3242 1100 3312 vinxit,
1114 3242 1227 3315 riserit,
1240 3250 1333 3322 etper

234 3335 369 3413 iujuriam
389 3338 501 3398 insidiis
523 3338 669 3418 appetitus
683 3356 749 3397 esse
771 3337 913 3410 uideatur,
926 3337 1022 3415 ipsum
1035 3335 1202 3395 indemnem
1215 3354 1292 3407 esse,
1304 3345 1334 3394 et

236 3447 394 3506 sponsores
416 3430 691 3508 'sponsionesolriz
713 3430 759 3489 sin
778 3430 909 3489 moechus
933 3448 998 3489 esse
1020 3428 1163 3499 videatur,
1177 3446 1333 3507 speum

231 3520 373 3598 jubentur
402 3541 470 3581 eum
504 3523 666 3582 accusatori
697 3524 824 3596 tradere,
851 3522 922 3594 cui,
936 3540 1007 3581 ense
1042 3532 1178 3600 excepto,
1201 3540 1270 3580 eum
1304 3522 1333 3580 in

236 3614 383 3690 pretorio,
404 3632 459 3675 suo
479 3614 630 3686 arbitratu,
653 3626 685 3674 nt
706 3616 873 3675 adulterum
893 3626 1019 3675 tractare
1040 3616 1137 3675 liceat
1180 3615 1249 3675 Hac
1269 3616 1334 3696 lege

235 3706 323 3783 igitur
342 3726 408 3767 eum
430 3718 549 3769 accusat
563 3708 733 3788 Epeenetus,
757 3728 890 3769 seusam
904 3728 969 3768 esse
984 3709 1105 3769 muliere
1130 3708 1252 3786 fatetur,
1263 3728 1333 3767 rnre·

235 3799 323 3859 chum
338 3820 403 3885 esse
417 3814 520 3881 negat:
551 3802 743 3881 nequeenim
766 3794 908 3882 Stephani
932 3822 997 3861 esse
1016 3800 1186 3875 fllium,sed
1209 3800 1334 3872 Natam,

235 3903 413 3973 matremque
435 3898 582 3957 consciam
604 3912 670 3955 esse
689 3897 820 3976 ipsorum
846 3894 1078 3967 consuetudinis,
1100 3912 1193 3973 seque
1211 3893 1335 3954 multum

235 3987 277 4047 eis
301 3986 486 4066 impendisse,
500 3999 651 4067 totamque
673 4009 740 4049 cum
760 3985 839 4048 adsit
860 3988 938 4047 alere
956 3984 1106 4059 familiam,
1119 3996 1153 4046 et·
1169 3984 1272 4066 legen·
1285 4004 1335 4045 ex·

235 4078 326 4152 hibet,
344 4098 411 4158 quae
425 4088 504 4137 vetet
529 4080 607 4159 apud
629 4100 677 4140 eas
699 4100 753 4159 pro
773 4080 888 4139 moecho
909 4077 995 4159 arripi
1014 4097 1203 4157 quemquam,
1216 4098 1285 4155 quse
1306 4079 1336 4137 in

235 4176 356 4233 taberna
368 4172 514 4231 meritoria
536 4173 668 4242 sedeant,
690 4182 741 4232 aut
760 4172 790 4233 in
804 4174 867 4232 soro
888 4170 998 4250 aliquid
1019 4171 1173 4231 manifeste
1186 4170 1335 4230 vendant':

236 4268 388 4326 tabernam
402 4284 468 4325 esse
492 4284 556 4325 earn
580 4266 672 4343 ipsam
687 4262 828 4343 Stephani
848 4265 969 4325 domum
982 4262 1131 4336 dictitans,
1145 4274 1178 4323 et
1191 4272 1337 4342 questum

237 4374 288 4415 eas
309 4358 397 4417 istum
420 4358 528 4430 iacere,
550 4366 581 4415 et
603 4356 672 4416 inde
694 4358 822 4419 maxime
841 4357 1025 4438 locupletari.
1067 4359 1144 4423 Quae
1158 4358 1250 4418 rerba
1268 4374 1337 4417 curn

233 4445 357 4522 jactaret
376 4449 548 4530 Epaenetus,
568 4459 599 4527 et
621 4450 767 4510 actionem
779 4451 962 4525 instituisset,
973 4448 1142 4531 intelligens
1157 4450 1338 4529 stephanos,
