2967 4950
337 426 339 433 Ι
391 326 455 400 suu
478 339 591 400 mute
612 337 751 398 austu
769 332 1022 397 LEGATIONE.
1173 333 1179 342 ⁴
1217 334 1257 390 ’67

155 493 215 553 lice
228 492 367 573 populum
380 494 495 554 extulit.
517 495 600 555 Na'ro
614 493 693 555 mille
706 494 819 554 talenta
831 491 957 572 signatae
971 481 1103 570 pecumm
1116 481 1257 547 in-aro'em
1274 533 1276 538 .
1325 537 1327 545 Α

156 585 322 663 retulimus,
340 595 372 644 et
384 597 504 646 centum
517 587 590 648 alias
602 587 736 646 triremes
747 585 884 644 ‘fabricati
892 601 1010 654 sumus,
1025 591 1057 642 ct
1075 575 1192 640 naualia
1204 572 1257 638 ex-

148 679 326 750 struximus,
336 689 367 740 et
379 680 494 757 equites
506 679 587 739 mille
598 679 741 746 ducentos
752 678 997 757 comparavimus,
1007 685 1036 735 et
1049 673 1123 736 alios
1137 672 1258 732 totidem

158 771 346 851 sagittarium
368 781 466 832 erecta
492 772 560 842 item
589 781 658 831 sunt
678 769 812 830 austrina
839 769 957 842 moenia,
983 785 1077 846 nequa
1104 765 1259 846 quisquam

155 875 270 925 statum
288 863 458 947 popularem
473 873 605 943 evertere
623 873 670 924 est
682 866 849 943 aggressus.
881 862 995 920 Rursus
1009 879 1075 926 cum
1089 875 1260 938 persuasum

157 955 246 1014 nobis
266 965 356 1024 esset,
380 964 415 1014 ut
434 955 545 1014 bellum
565 956 707 1014 adversus
727 955 927 1034 Megarenses.
946 949 1173 1030 susciperemus,
1198 957 1260 1006 tum

158 1067 251 1125 agros
261 1057 376 1112 nostros
392 1046 499 1106 vastari
508 1047 589 1126 passi
603 1067 714 1118 sumus,
729 1056 792 1106 tum
806 1046 906 1104 multis
920 1045 1005 1105 bonis
1020 1040 1144 1114 amissis,
1157 1061 1260 1121 pacem

25 1143 30 1152 ‘
64 1161 71 1174 ¹
157 1139 327 1218 petivimus,
346 1140 435 1217 atque
448 1139 573 1200 fecimus
593 1159 643 1218 per
661 1139 777 1199 Niciam
797 1139 929 1198 Nicerati
948 1136 1051 1195 filium.
1086 1135 1138 1194 Sic
1157 1135 1261 1193 iterum
1358 1215 1362 1218 Ι

158 1233 220 1292 boc
243 1244 373 1311 tempore
387 1244 499 1311 septem
513 1232 604 1292 millia
622 1233 767 1291 talentum
791 1233 829 1290 ob
850 1231 929 1310 pacis
951 1230 1035 1288 istius
1056 1217 1212 1286 commoda
1232 1227 1261 1284 in

159 1343 261 1384 arcem
269 1324 430 1395 retulimus,
441 1334 472 1384 et
485 1323 782 1403 triremesexpeditas
791 1334 880 1404 atque
893 1323 1024 1400 integras
1039 1337 1097 1379 non
1111 1317 1263 1398 pauciores

158 1418 302 1480 trecentis
321 1419 569 1496 compererimus,
591 1417 774 1477 item‘tributi
795 1418 920 1477 nomine,
928 1410 1085 1495 quotannis
1105 1407 1182 1470 mille
1207 1412 1262 1502 du·
1306 1445 1308 1454 ‚

157 1521 249 1571 centa
258 1511 369 1570 talenta
376 1511 461 1571 nobis
469 1510 551 1569 fuere
561 1510 721 1589 pensitata3
734 1511 882 1569 tenuimus
891 1510 1118 1578 Chersonesum,
1126 1506 1260 1573 Naxum,

159 1603 318 1676 Euboeam,
332 1602 469 1681 plurimas
482 1596 613 1663 colonias
628 1603 663 1662 iis
677 1604 856 1682 temporibus
867 1603 1062 1663 condidimus.
1080 1601 1126 1659 ‘Et
1139 1617 1206 1660 cum
1220 1606 1265 1656 tot

158 1697 250 1758 honis
259 1697 584 1776 afflueremus,propter
599 1697 727 1774 Argivos
736 1697 846 1770 bellum
857 1697 1007 1756 intulimus
1022 1692 1263 1762 Lacedaemoniis,

155 1787 281 1867 Argivis
302 1789 444 1871 obsecuti,
463 1789 557 1852 donec
571 1789 691 1849 tandem
704 1808 757 1868 per
766 1799 917 1848 oratorum
930 1787 1113 1847 velitatioues
1127 1805 1163 1844 eo
1177 1786 1264 1844 dere·

160 1880 273 1953 nimus,
282 1890 317 1941 ut
325 1881 494 1960 presidium
504 1881 569 1940 urbi
579 1881 787 1960 imponeretur,
798 1892 828 1941 et
838 1880 1055 1961 quadringenti,
1065 1899 1100 1939 ac
1110 1887 1177 1958 post
1186 1877 1264 1954 impii

150 1975 284 2057 'triginta
296 1975 422 2054 tyranni,
435 1994 531 2034 rerum
545 1976 720 2053 potirentur,
733 1995 806 2054 pace
818 1996 877 2048 nou
893 1976 969 2034 ultro
979 1972 1068 2045 iacta,
1079 1973 1132 2031 sed
1142 1973 1170 2030 vi
1182 1971 1266 2029 nobis

154 2069 316 2145 imperata.
348 2068 465 2126 Rursus
479 2067 540 2126 v'ita
552 2068 688 2127 modeste
706 2078 784 2141 acta,
800 2078 831 2127 et
848 2065 958 2146 popul-o
980 2085 997 2126 e
1017 2065 1112 2144 Phyle
1132 2064 1265 2133 reducto,
1354 2120 1356 2124 Α

162 2158 295 2231 Archino
314 2172 346 2220 et
359 2156 544 2239 Thrasybulo
563 2160 664 2239 populi
679 2171 778 2239 partes
803 2156 1202 2229 defendentibusoblirione
1215 2156 1266 2214 'in-

156 2249 303 2332 juriarum
322 2251 512 2330 jurejurando
533 2253 656 2326 sancita,
669 2253 757 2312 unde
778 2271 880 2312 omnes
902 2253 1048 2312 civitatem
1070 2241 1197 2309 nostram
1220 2267 1268 2306 sa·
1329 2302 1338 2317 ,

156 2342 374 2423 gpientissimam
382 2343 563 2418 judicarunt,
576 2357 649 2403 tunc
662 2345 772 2423 populo
783 2338 1027 2423 recreato‚‘,atque
1040 2344 1144 2402 iterum
1158 2341 1266 2400 viribus

155 2444 264 2508 aucta,
282 2434 360 2495 cives
381 2433 546 2507 adulterini,
559 2435 705 2506 etfraude
719 2436 750 2494 in
765 2436 863 2495 album
886 2436 1010 2496 civitatis
1030 2436 1122 2508 relati,
1143 2433 1267 2495 subinde

53 2564 63 2579 s
162 2526 346 2588 laborantem
361 2525 441 2585 urbis
452 2534 565 2605 parbem
580 2526 636 2585 sibi
649 2528 852 2598 conciliarunt,
867 2538 898 2591 et
910 2529 1021 2599 bellum
1042 2548 1077 2586 ex
1092 2527 1170 2587 bello
1185 2546 1268 2588 sere·
1303 2554 1305 2557 ·

120 2668 125 2678 ,
163 2630 246 2679 runt
269 2620 348 2678 Nam
360 2619 391 2676 in
405 2638 479 2697 pace
494 2618 589 2677 verbis
603 2619 734 2698 pericula
747 2620 975 2699 amplificabant,
992 2630 1023 2679 et
1036 2622 1266 2700 praemonebant,

165 2710 378 2791 atqueanirnos
384 2710 522 2770 liberales
533 2720 564 2769 et
572 2710 658 2770 nimis
668 2711 780 2771 celeres
792 2713 1030 2783 exstimulabant,
1037 2706 1158 2772 inbellis
1170 2722 1268 2772 autem
1326 2698 1334 2709 Χ

167 2801 251 2866 arma
260 2823 321 2863 non
335 2803 527 2881 attingebant,
537 2804 669 2881 quamvis
683 2812 715 2863 et
726 2824 861 2863 censores
875 2814 1034 2878 essent,'et'
1043 2805 1182 2869 classium
1195 2824 1270 2883 prae-

107 2949 114 2957 .
165 2900 248 2970 fecti,
269 2896 454 2976 quiquidem
473 2895 579 2957 liberos
593 2916 610 2955 e
625 2898 728 2971 scortis
744 2896 952 2976 suscipiebant,
966 2907 996 2956 et
1014 2900 1051 2957 ob
1072 2896 1270 2957 calumniandi

166 2991 299 3059 sudium
308 2990 432 3048 infames
445 2997 537 3048 erant.
560 2988 600 3046 Hi
607 2988 701 3067 ‚igitur
710 2998 839 3071 nostram
847 2990 952 3071 urbem
961 2988 991 3046 in
1002 2998 1133 3048 extrema
1142 2988 1271 3068 pericula

160 3083 339 3162 ¹conjiciunt,
348 3090 379 3140 et
391 3100 458 3144 arim
466 3080 616 3160 popularis
624 3081 742 3160 imperii
755 3099 863 3141 nornen
877 3096 935 3139 non
949 3082 1088 3155 moribus,
1103 3081 1155 3140 sed
1170 3098 1270 3140 assen-
1342 3151 1352 3163 ῃ

161 3174 279 3248 ‘tatione
293 3174 403 3243 colant,
418 3181 564 3251 etpacem
578 3174 707 3246 turbent,
721 3192 782 3249 qua
793 3173 941 3253 popularis
963 3182 1058 3232 status
1071 3181 1272 3249 conservatur,

128 3289 134 3296 ⁴
168 3276 260 3347 atque
278 3266 314 3326 iis
327 3274 437 3325 navent
450 3284 580 3343 operam,
600 3264 651 3343 qui
668 3264 810 3343 populum
831 3260 917 3324 bellis
934 3266 1125 3347 opprimunt:
1145 3264 1174 3321 hi
1193 3282 1271 3323 nuuc

168 3359 340 3438 conglobati
351 3376 397 3416 me
408 3357 562 3426 invadunt,
574 3376 610 3416 ac
618 3356 787 3436 Philippum
794 3374 896 3436 paoem
913 3356 1018 3417 emisse
1028 3356 1173 3429 dictitant,
1184 3366 1272 3434 atque

168 3452 201 3510 in
215 3450 398 3532 pactionibus
413 3449 511 3528 omnia
523 3448 608 3513 nobis
620 3450 824 3529 praeripuisse3
844 3442 936 3527 >quarn
952 3458 1049 3509 autem
1062 3446 1273 3529 pacem'impe·

169 3544 254 3603 trarit
274 3543 330 3603 sibi
343 3540 568 3611 conducibilem,
582 3560 649 3601 eam
670 3542 806 3601 violasse.
836 3540 893 3601 Me
906 3560 977 3602 vero
992 3542 1033 3601 sic
1048 3552 1198 3613 accusant,
1213 3563 1273 3601 non

169 3647 206 3695 ut
224 3635 366 3715 legatum,
380 3633 434 3693 sed
447 3643 482 3692 ut
496 3632 625 3714 Philippi
638 3644 726 3712 atque
739 3628 934 3715 ipsius‘pac'is
948 3650 1137 3713 sponsorem:
1160 3645 1191 3693 et
1205 3650 1272 3694 cum

83 3728 87 3730 ’
107 3758 112 3764 -
169 3747 209 3787 ne
223 3716 314 3786 totius
337 3724 457 3805 quidem
470 3726 609 3786 orationis
627 3736 758 3805 potestas
779 3745 872 3806 penes
890 3727 1047 3797 metuerit,
1056 3728 1208 3789 ‘actionum
1222 3746 1273 3787 ex-

112 3859 120 3868 ·
171 3818 386 3898 spectationem
404 3837 423 3875 a
435 3835 482 3874 me
496 3826 664 3896 reposcunt.
696 3818 765 3876 lam
780 3818 907 3889 eundem
930 3814 1079 3879 hominem
1096 3819 1126 3879 in
1148 3819 1273 3885 decretis

169 3903 355 3972 laudatorem
368 3927 465 3980 meum
485 3910 621 3983 ostendo,
634 3922 665 3969 et
681 3912 711 3969 in
726 3909 1060 3988 judicioaccusetorem
1080 3914 1201 3993 reperio.
1236 3906 1275 3970 Et

171 4024 241 4064 cum
255 4004 386 4063 decimus
400 4002 463 4081 ipse
476 4004 592 4081 legatus
607 4003 721 4073 hierim,
736 4002 817 4061 solus
829 4002 960 4063 rationes
975 4006 1077 4065 reddo.

214 4099 265 4156 55.
287 4096 406 4154 Adsunt
420 4096 490 4154 mihi
505 4095 623 4175 quidem
635 4094 686 4173 qui
699 4113 760 4153 una
772 4115 888 4155 mecum
903 4116 955 4156 vos
970 4097 1174 4177 deprecentur,
1191 4104 1275 4174 pater

172 4209 267 4262 meus,
280 4188 329 4248 oui
343 4208 426 4267 spem
440 4187 599 4247 senectutis
609 4206 648 4247 ne
661 4188 808 4267 eripiatis:
830 4198 860 4247 et
873 4190 988 4263 fratrea,
998 4192 1047 4269 qui
1061 4210 1079 4249 a
1092 4209 1139 4248 me
1151 4190 1275 4269 sejuncti

165 4281 263 4340 ‘vitain
277 4280 331 4340 sibi
346 4281 483 4340 acerbam
497 4282 663 4359 putabunt:
689 4280 792 4339 affines
807 4280 876 4339 item
891 4291 921 4339 et
933 4282 963 4339 hi
978 4281 1068 4361 puelli
1082 4280 1210 4361 quidem,
1224 4282 1275 4362 qui

172 4373 302 4457 pericula
323 4374 456 4434 noudum
469 4374 645 4453 intelligunt,
666 4374 720 4434 sed
733 4375 914 4435 miserabiles
932 4385 1030 4434 tameu
1044 4385 1113 4435 sunt
1131 4376 1232 4444 futuri,
1251 4378 1275 4437 si

171 4468 244 4549 'quid
258 4468 343 4529 nobis
357 4468 507 4529 acciderit.
529 4468 588 4527 Pro
601 4468 707 4546 quibus
720 4488 778 4547 ego
791 4489 844 4529 vos
855 4488 906 4529 oro
920 4477 1008 4545 atque
1022 4470 1163 4545 obtestor,
1176 4480 1210 4531 ut
1223 4489 1274 4529 eos
