<?xml version="1.0" encoding="UTF-8"?>
<!DOCTYPE html PUBLIC "-//W3C//DTD XHTML 1.0 Transitional//EN"
    "http://www.w3.org/TR/xhtml1/DTD/xhtml1-transitional.dtd">
<html xmlns="http://www.w3.org/1999/xhtml" xml:lang="en" lang="en">
 <head>
  <title>
</title>
<meta http-equiv="Content-Type" content="text/html;charset=utf-8" />
  <meta name='ocr-system' content='tesseract 3.04.00' />
  <meta name='ocr-capabilities' content='ocr_page ocr_carea ocr_par ocr_line ocrx_word'/>
</head>
<body>
  <div class='ocr_page' id='page_1' title='image "./demosthenisetsc06ulpigoog_0295.png"; bbox 0 0 2967 4950; ppageno 0'>
   <div class='ocr_carea' id='block_1_1' title="bbox 475 368 1233 442">
    <p class='ocr_par' dir='ltr' id='par_1_1' title="bbox 475 368 1233 442">
     <span class='ocr_line' id='line_1_1' title="bbox 475 368 1233 442; baseline -0.008 -1"><span class='ocrx_word' id='word_1_1' title='bbox 475 377 634 442; x_wconf 82' lang='lat' dir='ltr'><strong>ORATIO</strong></span> <span class='ocrx_word' id='word_1_2' title='bbox 657 377 896 442; x_wconf 59' lang='lat' dir='ltr'>Funeratus:</span> <span class='ocrx_word' id='word_1_3' title='bbox 1174 368 1233 436; x_wconf 72' lang='lat'>795</span> 
     </span>
    </p>
   </div>
   <div class='ocr_carea' id='block_1_2' title="bbox 136 525 1247 3409">
    <p class='ocr_par' dir='ltr' id='par_1_2' title="bbox 136 525 1239 1819">
     <span class='ocr_line' id='line_1_2' title="bbox 139 525 1235 617; baseline -0.004 -23"><span class='ocrx_word' id='word_1_4' title='bbox 139 525 353 606; x_wconf 82' lang='lat' dir='ltr'>educabantur,</span> <span class='ocrx_word' id='word_1_5' title='bbox 375 543 404 594; x_wconf 90' lang='lat' dir='ltr'>et</span> <span class='ocrx_word' id='word_1_6' title='bbox 425 546 559 615; x_wconf 89' lang='lat' dir='ltr'>parentes</span> <span class='ocrx_word' id='word_1_7' title='bbox 577 536 607 595; x_wconf 90' lang='lat' dir='ltr'>in</span> <span class='ocrx_word' id='word_1_8' title='bbox 628 547 781 597; x_wconf 79' lang='lat' dir='ltr'>senectute</span> <span class='ocrx_word' id='word_1_9' title='bbox 809 535 961 617; x_wconf 83' lang='lat' dir='ltr'><strong>conspicui</strong></span> <span class='ocrx_word' id='word_1_10' title='bbox 988 534 1112 604; x_wconf 78' lang='lat' dir='ltr'>alentur,</span> <span class='ocrx_word' id='word_1_11' title='bbox 1140 532 1235 610; x_wconf 69' lang='lat' dir='ltr'>gleiie</span> 
     </span>
     <span class='ocr_line' id='line_1_3' title="bbox 136 625 1236 719; baseline 0 -34"><span class='ocrx_word' id='word_1_12' title='bbox 136 625 260 687; x_wconf 82' lang='lat' dir='ltr'>filiorum</span> <span class='ocrx_word' id='word_1_13' title='bbox 270 647 309 694; x_wconf 84' lang='grc' dir='ltr'>ιι</span> <span class='ocrx_word' id='word_1_14' title='bbox 323 627 352 686; x_wconf 91' lang='lat' dir='ltr'>in</span> <span class='ocrx_word' id='word_1_15' title='bbox 366 627 447 688; x_wconf 84' lang='lat' dir='ltr'>luctu</span> <span class='ocrx_word' id='word_1_16' title='bbox 460 629 654 689; x_wconf 86' lang='lat' dir='ltr'>consolaturi:</span> <span class='ocrx_word' id='word_1_17' title='bbox 676 630 782 690; x_wconf 90' lang='lat' dir='ltr'>deiude</span> <span class='ocrx_word' id='word_1_18' title='bbox 796 649 851 690; x_wconf 90' lang='lat' dir='ltr'>nec</span> <span class='ocrx_word' id='word_1_19' title='bbox 864 629 973 690; x_wconf 88' lang='lat' dir='ltr'>morbis</span> <span class='ocrx_word' id='word_1_20' title='bbox 987 627 1093 689; x_wconf 81' lang='lat' dir='ltr'>affecta</span> <span class='ocrx_word' id='word_1_21' title='bbox 1107 633 1236 719; x_wconf 65' lang='lat' dir='ltr'>corpolaf</span> 
     </span>
     <span class='ocr_line' id='line_1_4' title="bbox 138 718 1238 812; baseline 0.001 -35"><span class='ocrx_word' id='word_1_22' title='bbox 138 728 169 777; x_wconf 90' lang='lat' dir='ltr'>et</span> <span class='ocrx_word' id='word_1_23' title='bbox 184 718 301 780; x_wconf 85' lang='lat' dir='ltr'>animos</span> <span class='ocrx_word' id='word_1_24' title='bbox 327 719 508 812; x_wconf 67' lang='lat' dir='ltr'>aegritudinis</span> <span class='ocrx_word' id='word_1_25' title='bbox 530 733 685 802; x_wconf 81' lang='lat' dir='ltr'>expertes</span> <span class='ocrx_word' id='word_1_26' title='bbox 682 723 812 794; x_wconf 89' lang='lat' dir='ltr'>habent,</span> <span class='ocrx_word' id='word_1_27' title='bbox 837 743 896 801; x_wconf 86' lang='lat' dir='ltr'>qua</span> <span class='ocrx_word' id='word_1_28' title='bbox 913 722 967 802; x_wconf 85' lang='lat' dir='ltr'>qui</span> <span class='ocrx_word' id='word_1_29' title='bbox 988 723 1092 780; x_wconf 75' lang='grc' dir='ltr'>ιιιιιιιι</span> <span class='ocrx_word' id='word_1_30' title='bbox 1114 724 1238 799; x_wconf 67' lang='lat' dir='ltr'>propter&lt;</span> 
     </span>
     <span class='ocr_line' id='line_1_5' title="bbox 138 809 1236 918; baseline 0.004 -50"><span class='ocrx_word' id='word_1_31' title='bbox 138 809 296 871; x_wconf 85' lang='lat' dir='ltr'>adversum</span> <span class='ocrx_word' id='word_1_32' title='bbox 320 831 420 872; x_wconf 89' lang='lat' dir='ltr'>casum</span> <span class='ocrx_word' id='word_1_33' title='bbox 452 824 661 893; x_wconf 74' lang='lat' dir='ltr'>acceptamque</span> <span class='ocrx_word' id='word_1_34' title='bbox 691 815 805 875; x_wconf 85' lang='lat' dir='ltr'>cladem</span> <span class='ocrx_word' id='word_1_35' title='bbox 833 817 1036 876; x_wconf 86' lang='lat' dir='ltr'>conflictantur</span> <span class='ocrx_word' id='word_1_36' title='bbox 1058 830 1236 918; x_wconf 77' lang='lat' dir='ltr'>magnoque</span> 
     </span>
     <span class='ocr_line' id='line_1_6' title="bbox 136 902 1237 986; baseline 0.004 -22"><span class='ocrx_word' id='word_1_37' title='bbox 136 921 205 964; x_wconf 87' lang='lat' dir='ltr'>cum</span> <span class='ocrx_word' id='word_1_38' title='bbox 219 902 330 964; x_wconf 83' lang='lat' dir='ltr'>honore</span> <span class='ocrx_word' id='word_1_39' title='bbox 343 914 374 964; x_wconf 85' lang='lat' dir='ltr'>et</span> <span class='ocrx_word' id='word_1_40' title='bbox 386 904 493 984; x_wconf 78' lang='lat' dir='ltr'>insigni</span> <span class='ocrx_word' id='word_1_41' title='bbox 508 907 601 984; x_wconf 78' lang='lat' dir='ltr'>gloria</span> <span class='ocrx_word' id='word_1_42' title='bbox 619 907 702 985; x_wconf 91' lang='lat' dir='ltr'>justa</span> <span class='ocrx_word' id='word_1_43' title='bbox 722 907 764 967; x_wconf 90' lang='lat' dir='ltr'>eis</span> <span class='ocrx_word' id='word_1_44' title='bbox 784 909 1001 986; x_wconf 84' lang='lat' dir='ltr'>persolvuntur.</span> <span class='ocrx_word' id='word_1_45' title='bbox 1042 908 1119 968; x_wconf 88' lang='lat' dir='ltr'>Nam</span> <span class='ocrx_word' id='word_1_46' title='bbox 1134 905 1184 984; x_wconf 89' lang='lat' dir='ltr'>qui</span> <span class='ocrx_word' id='word_1_47' title='bbox 1202 913 1237 968; x_wconf 74' lang='lat' dir='ltr'>el</span> 
     </span>
     <span class='ocr_line' id='line_1_7' title="bbox 138 995 1236 1080; baseline 0.004 -27"><span class='ocrx_word' id='word_1_48' title='bbox 138 995 178 1054; x_wconf 87' lang='lat' dir='ltr'>ab</span> <span class='ocrx_word' id='word_1_49' title='bbox 194 995 328 1056; x_wconf 81' lang='lat' dir='ltr'>universa</span> <span class='ocrx_word' id='word_1_50' title='bbox 349 997 444 1077; x_wconf 88' lang='lat' dir='ltr'>patria</span> <span class='ocrx_word' id='word_1_51' title='bbox 465 999 644 1077; x_wconf 90' lang='lat' dir='ltr'>sepeliuntur</span> <span class='ocrx_word' id='word_1_52' title='bbox 657 999 785 1080; x_wconf 89' lang='lat' dir='ltr'>publice,</span> <span class='ocrx_word' id='word_1_53' title='bbox 800 1009 832 1059; x_wconf 86' lang='lat' dir='ltr'>et</span> <span class='ocrx_word' id='word_1_54' title='bbox 850 1018 909 1058; x_wconf 92' lang='grc' dir='ltr'>ιιοιι</span> <span class='ocrx_word' id='word_1_55' title='bbox 925 998 1014 1060; x_wconf 85' lang='lat' dir='ltr'>modo</span> <span class='ocrx_word' id='word_1_56' title='bbox 1027 1019 1046 1060; x_wconf 91' lang='lat' dir='ltr'>a</span> <span class='ocrx_word' id='word_1_57' title='bbox 1058 998 1191 1078; x_wconf 81' lang='lat' dir='ltr'>cognatis</span> <span class='ocrx_word' id='word_1_58' title='bbox 1203 1007 1236 1058; x_wconf 89' lang='lat' dir='ltr'>et</span> 
     </span>
     <span class='ocr_line' id='line_1_8' title="bbox 138 1087 1234 1170; baseline 0.001 -22"><span class='ocrx_word' id='word_1_59' title='bbox 138 1087 262 1161; x_wconf 84' lang='lat' dir='ltr'>civibus,</span> <span class='ocrx_word' id='word_1_60' title='bbox 275 1088 328 1148; x_wconf 86' lang='lat' dir='ltr'>sed</span> <span class='ocrx_word' id='word_1_61' title='bbox 347 1090 436 1149; x_wconf 87' lang='lat' dir='ltr'>etiam</span> <span class='ocrx_word' id='word_1_62' title='bbox 456 1109 474 1150; x_wconf 89' lang='lat' dir='ltr'>a</span> <span class='ocrx_word' id='word_1_63' title='bbox 487 1101 555 1152; x_wconf 55' lang='lat' dir='ltr'>tota*</span> <span class='ocrx_word' id='word_1_64' title='bbox 567 1096 645 1170; x_wconf 84' lang='lat' dir='ltr'>(quaa</span> <span class='ocrx_word' id='word_1_65' title='bbox 659 1091 775 1170; x_wconf 89' lang='lat' dir='ltr'>quidem</span> <span class='ocrx_word' id='word_1_66' title='bbox 795 1092 837 1150; x_wconf 83' lang='lat' dir='ltr'>ita</span> <span class='ocrx_word' id='word_1_67' title='bbox 850 1092 1028 1152; x_wconf 78' lang='lat' dir='ltr'>nominanda</span> <span class='ocrx_word' id='word_1_68' title='bbox 1053 1092 1103 1165; x_wconf 87' lang='lat' dir='ltr'>sit)</span> <span class='ocrx_word' id='word_1_69' title='bbox 1117 1091 1234 1150; x_wconf 70' lang='lat' dir='ltr'>Graecis</span> 
     </span>
     <span class='ocr_line' id='line_1_9' title="bbox 137 1171 1238 1262; baseline 0.004 -24"><span class='ocrx_word' id='word_1_70' title='bbox 137 1177 350 1251; x_wconf 68' lang='lat' dir='ltr'>desiderentur,</span> <span class='ocrx_word' id='word_1_71' title='bbox 365 1191 426 1241; x_wconf 89' lang='lat' dir='ltr'>eta</span> <span class='ocrx_word' id='word_1_72' title='bbox 445 1181 571 1242; x_wconf 85' lang='lat' dir='ltr'>maxima</span> <span class='ocrx_word' id='word_1_73' title='bbox 585 1192 669 1241; x_wconf 85' lang='lat' dir='ltr'>terrae</span> <span class='ocrx_word' id='word_1_74' title='bbox 689 1181 855 1242; x_wconf 88' lang='lat' dir='ltr'>habitabilis</span> <span class='ocrx_word' id='word_1_75' title='bbox 873 1193 955 1261; x_wconf 89' lang='lat' dir='ltr'>parte</span> <span class='ocrx_word' id='word_1_76' title='bbox 967 1177 1127 1262; x_wconf 77' lang='lat' dir='ltr'>lugentur,²</span> <span class='ocrx_word' id='word_1_77' title='bbox 1136 1171 1238 1242; x_wconf 76' lang='lat' dir='ltr'>noune</span> 
     </span>
     <span class='ocr_line' id='line_1_10' title="bbox 137 1273 1239 1356; baseline -0.002 -22"><span class='ocrx_word' id='word_1_78' title='bbox 137 1275 169 1334; x_wconf 93' lang='lat' dir='ltr'>hi</span> <span class='ocrx_word' id='word_1_79' title='bbox 197 1276 275 1336; x_wconf 88' lang='lat' dir='ltr'>beati</span> <span class='ocrx_word' id='word_1_80' title='bbox 297 1285 367 1336; x_wconf 90' lang='lat' dir='ltr'>sunt</span> <span class='ocrx_word' id='word_1_81' title='bbox 382 1275 554 1356; x_wconf 77' lang='lat' dir='ltr'>judicandi?</span> <span class='ocrx_word' id='word_1_82' title='bbox 576 1277 657 1344; x_wconf 87' lang='lat' dir='ltr'>Quos</span> <span class='ocrx_word' id='word_1_83' title='bbox 680 1293 842 1336; x_wconf 88' lang='lat' dir='ltr'>assessores</span> <span class='ocrx_word' id='word_1_84' title='bbox 861 1291 927 1334; x_wconf 87' lang='lat' dir='ltr'>esse</span> <span class='ocrx_word' id='word_1_85' title='bbox 950 1275 1005 1333; x_wconf 86' lang='lat' dir='ltr'>diis</span> <span class='ocrx_word' id='word_1_86' title='bbox 1026 1273 1239 1364; x_wconf 65' lang='lat' dir='ltr'>manibusjure</span> 
     </span>
     <span class='ocr_line' id='line_1_11' title="bbox 137 1367 1239 1476; baseline -0.003 -48"><span class='ocrx_word' id='word_1_87' title='bbox 137 1367 258 1441; x_wconf 78' lang='lat' dir='ltr'>dixeris,</span> <span class='ocrx_word' id='word_1_88' title='bbox 276 1369 438 1476; x_wconf 83' lang='lat' dir='ltr'>eademqne</span> <span class='ocrx_word' id='word_1_89' title='bbox 451 1389 516 1429; x_wconf 87' lang='lat' dir='ltr'>esse</span> <span class='ocrx_word' id='word_1_90' title='bbox 529 1369 695 1430; x_wconf 76' lang='lat' dir='ltr'>couchtione</span> <span class='ocrx_word' id='word_1_91' title='bbox 709 1390 769 1448; x_wconf 89' lang='lat' dir='ltr'>qua</span> <span class='ocrx_word' id='word_1_92' title='bbox 793 1380 905 1428; x_wconf 87' lang='lat' dir='ltr'>veteres</span> <span class='ocrx_word' id='word_1_93' title='bbox 926 1368 992 1428; x_wconf 88' lang='lat' dir='ltr'>illos</span> <span class='ocrx_word' id='word_1_94' title='bbox 1009 1370 1104 1427; x_wconf 87' lang='lat' dir='ltr'>bonos</span> <span class='ocrx_word' id='word_1_95' title='bbox 1117 1377 1158 1426; x_wconf 87' lang='grc' dir='ltr'>ιι</span> <span class='ocrx_word' id='word_1_96' title='bbox 1159 1372 1239 1445; x_wconf 77' lang='lat' dir='ltr'>prae</span> 
     </span>
     <span class='ocr_line' id='line_1_12' title="bbox 137 1461 1235 1542; baseline 0.001 -22"><span class='ocrx_word' id='word_1_97' title='bbox 137 1470 252 1521; x_wconf 78' lang='lat' dir='ltr'>stantes</span> <span class='ocrx_word' id='word_1_98' title='bbox 270 1461 346 1522; x_wconf 85' lang='lat' dir='ltr'>viros</span> <span class='ocrx_word' id='word_1_99' title='bbox 369 1463 399 1520; x_wconf 91' lang='lat' dir='ltr'>in</span> <span class='ocrx_word' id='word_1_100' title='bbox 414 1462 516 1521; x_wconf 89' lang='lat' dir='ltr'>insulis</span> <span class='ocrx_word' id='word_1_101' title='bbox 530 1463 697 1522; x_wconf 76' lang='lat' dir='ltr'>fortunatis.</span> <span class='ocrx_word' id='word_1_102' title='bbox 740 1464 816 1522; x_wconf 89' lang='lat' dir='ltr'>Nam</span> <span class='ocrx_word' id='word_1_103' title='bbox 835 1482 873 1522; x_wconf 86' lang='lat' dir='ltr'>ns</span> <span class='ocrx_word' id='word_1_104' title='bbox 895 1462 932 1522; x_wconf 91' lang='lat' dir='ltr'>de</span> <span class='ocrx_word' id='word_1_105' title='bbox 951 1463 1009 1522; x_wconf 87' lang='lat' dir='ltr'>illis</span> <span class='ocrx_word' id='word_1_106' title='bbox 1026 1461 1142 1542; x_wconf 86' lang='lat' dir='ltr'>quidem</span> <span class='ocrx_word' id='word_1_107' title='bbox 1156 1463 1235 1540; x_wconf 79' lang='lat' dir='ltr'>quis·</span> 
     </span>
     <span class='ocr_line' id='line_1_13' title="bbox 136 1545 1234 1660; baseline 0.002 -50"><span class='ocrx_word' id='word_1_108' title='bbox 136 1571 228 1630; x_wconf 90' lang='lat' dir='ltr'>quam</span> <span class='ocrx_word' id='word_1_109' title='bbox 248 1555 297 1660; x_wconf 84' lang='lat' dir='ltr'>qui</span> <span class='ocrx_word' id='word_1_110' title='bbox 317 1553 423 1613; x_wconf 83' lang='lat' dir='ltr'>viderit</span> <span class='ocrx_word' id='word_1_111' title='bbox 435 1555 499 1614; x_wconf 83' lang='lat' dir='ltr'>hoec</span> <span class='ocrx_word' id='word_1_112' title='bbox 514 1545 703 1629; x_wconf 79' lang='lat' dir='ltr'>renunciavit,</span> <span class='ocrx_word' id='word_1_113' title='bbox 717 1555 771 1614; x_wconf 88' lang='lat' dir='ltr'>sed</span> <span class='ocrx_word' id='word_1_114' title='bbox 783 1575 858 1634; x_wconf 90' lang='lat' dir='ltr'>quos</span> <span class='ocrx_word' id='word_1_115' title='bbox 878 1556 1008 1614; x_wconf 87' lang='lat' dir='ltr'>viventes</span> <span class='ocrx_word' id='word_1_116' title='bbox 1029 1554 1121 1634; x_wconf 82' lang='lat' dir='ltr'>hujus</span> <span class='ocrx_word' id='word_1_117' title='bbox 1141 1554 1234 1640; x_wconf 87' lang='lat' dir='ltr'>nostri</span> 
     </span>
     <span class='ocr_line' id='line_1_14' title="bbox 138 1634 1235 1734; baseline -0.001 -29"><span class='ocrx_word' id='word_1_118' title='bbox 138 1645 259 1725; x_wconf 86' lang='lat' dir='ltr'>superni</span> <span class='ocrx_word' id='word_1_119' title='bbox 280 1647 357 1706; x_wconf 87' lang='lat' dir='ltr'>orbis</span> <span class='ocrx_word' id='word_1_120' title='bbox 379 1636 531 1734; x_wconf 77' lang='lat' dir='ltr'>dignantur</span> <span class='ocrx_word' id='word_1_121' title='bbox 554 1646 723 1719; x_wconf 83' lang='lat' dir='ltr'>honoribus,</span> <span class='ocrx_word' id='word_1_122' title='bbox 738 1667 789 1706; x_wconf 87' lang='lat' dir='ltr'>eos</span> <span class='ocrx_word' id='word_1_123' title='bbox 813 1647 872 1706; x_wconf 91' lang='lat' dir='ltr'>illic</span> <span class='ocrx_word' id='word_1_124' title='bbox 890 1647 978 1706; x_wconf 89' lang='lat' dir='ltr'>etiam</span> <span class='ocrx_word' id='word_1_125' title='bbox 1001 1646 1128 1725; x_wconf 77' lang='lat' dir='ltr'>quadan</span> <span class='ocrx_word' id='word_1_126' title='bbox 1146 1634 1235 1705; x_wconf 81' lang='lat' dir='ltr'>anisii</span> 
     </span>
     <span class='ocr_line' id='line_1_15' title="bbox 138 1737 1040 1819; baseline 0 -22"><span class='ocrx_word' id='word_1_127' title='bbox 138 1737 285 1818; x_wconf 81' lang='lat' dir='ltr'>praesagio</span> <span class='ocrx_word' id='word_1_128' title='bbox 299 1738 463 1799; x_wconf 77' lang='lat' dir='ltr'>consimiles</span> <span class='ocrx_word' id='word_1_129' title='bbox 477 1740 601 1798; x_wconf 89' lang='lat' dir='ltr'>honores</span> <span class='ocrx_word' id='word_1_130' title='bbox 615 1738 737 1819; x_wconf 84' lang='lat' dir='ltr'>adipisci</span> <span class='ocrx_word' id='word_1_131' title='bbox 751 1739 932 1798; x_wconf 87' lang='lat' dir='ltr'>arbitramur.</span> <span class='ocrx_word' id='word_1_132' title='bbox 1007 1773 1011 1780; x_wconf 87' lang='lat'><strong>·</strong></span> <span class='ocrx_word' id='word_1_133' title='bbox 1034 1750 1040 1782; x_wconf 77' lang='lat'>³</span> 
     </span>
    </p>

    <p class='ocr_par' dir='ltr' id='par_1_3' title="bbox 138 1829 1244 3199">
     <span class='ocr_line' id='line_1_16' title="bbox 184 1829 1239 1908; baseline 0.003 -22"><span class='ocrx_word' id='word_1_134' title='bbox 184 1830 232 1888; x_wconf 90' lang='grc'>10.</span> <span class='ocrx_word' id='word_1_135' title='bbox 256 1829 322 1889; x_wconf 89' lang='lat' dir='ltr'>Ac</span> <span class='ocrx_word' id='word_1_136' title='bbox 315 1840 399 1892; x_wconf 83' lang='lat' dir='ltr'>istam</span> <span class='ocrx_word' id='word_1_137' title='bbox 424 1831 552 1890; x_wconf 85' lang='lat' dir='ltr'>oratione</span> <span class='ocrx_word' id='word_1_138' title='bbox 571 1831 666 1891; x_wconf 88' lang='lat' dir='ltr'>levare</span> <span class='ocrx_word' id='word_1_139' title='bbox 685 1830 853 1890; x_wconf 88' lang='lat' dir='ltr'>moestitiam</span> <span class='ocrx_word' id='word_1_140' title='bbox 867 1840 913 1889; x_wconf 88' lang='lat' dir='ltr'>est</span> <span class='ocrx_word' id='word_1_141' title='bbox 932 1829 963 1888; x_wconf 90' lang='lat' dir='ltr'>id</span> <span class='ocrx_word' id='word_1_142' title='bbox 979 1829 1093 1908; x_wconf 86' lang='lat' dir='ltr'>quidem</span> <span class='ocrx_word' id='word_1_143' title='bbox 1109 1830 1239 1894; x_wconf 70' lang='lat' dir='ltr'>sonasse</span> 
     </span>
     <span class='ocr_line' id='line_1_17' title="bbox 138 1919 1241 2002; baseline 0.002 -22"><span class='ocrx_word' id='word_1_144' title='bbox 138 1919 272 1981; x_wconf 86' lang='lat' dir='ltr'>difficile.</span> <span class='ocrx_word' id='word_1_145' title='bbox 293 1921 460 1983; x_wconf 83' lang='lat' dir='ltr'>faciendum</span> <span class='ocrx_word' id='word_1_146' title='bbox 475 1932 572 1982; x_wconf 87' lang='lat' dir='ltr'>tamen</span> <span class='ocrx_word' id='word_1_147' title='bbox 586 1923 746 2002; x_wconf 88' lang='lat' dir='ltr'>periculum</span> <span class='ocrx_word' id='word_1_148' title='bbox 761 1932 807 1982; x_wconf 89' lang='lat' dir='ltr'>est</span> <span class='ocrx_word' id='word_1_149' title='bbox 830 1933 860 1982; x_wconf 90' lang='lat' dir='ltr'>et</span> <span class='ocrx_word' id='word_1_150' title='bbox 875 1922 990 1982; x_wconf 85' lang='lat' dir='ltr'>animus</span> <span class='ocrx_word' id='word_1_151' title='bbox 1005 1922 1042 1980; x_wconf 91' lang='lat' dir='ltr'>ad</span> <span class='ocrx_word' id='word_1_152' title='bbox 1060 1923 1241 1997; x_wconf 80' lang='lat' dir='ltr'>jucundiora</span> 
     </span>
     <span class='ocr_line' id='line_1_18' title="bbox 140 2005 1236 2096; baseline 0 -22"><span class='ocrx_word' id='word_1_153' title='bbox 140 2013 349 2085; x_wconf 87' lang='lat' dir='ltr'>traducendus,</span> <span class='ocrx_word' id='word_1_154' title='bbox 369 2015 441 2075; x_wconf 87' lang='lat' dir='ltr'>tales</span> <span class='ocrx_word' id='word_1_155' title='bbox 464 2016 539 2074; x_wconf 88' lang='lat' dir='ltr'>enim</span> <span class='ocrx_word' id='word_1_156' title='bbox 553 2015 630 2076; x_wconf 88' lang='lat' dir='ltr'>viros</span> <span class='ocrx_word' id='word_1_157' title='bbox 643 2017 693 2096; x_wconf 90' lang='lat' dir='ltr'>qui</span> <span class='ocrx_word' id='word_1_158' title='bbox 712 2026 878 2095; x_wconf 83' lang='lat' dir='ltr'>genuerunt</span> <span class='ocrx_word' id='word_1_159' title='bbox 892 2025 922 2074; x_wconf 89' lang='lat' dir='ltr'>et</span> <span class='ocrx_word' id='word_1_160' title='bbox 935 2033 951 2074; x_wconf 92' lang='lat' dir='ltr'>e</span> <span class='ocrx_word' id='word_1_161' title='bbox 964 2005 1072 2073; x_wconf 87' lang='lat' dir='ltr'>talibus</span> <span class='ocrx_word' id='word_1_162' title='bbox 1094 2013 1186 2072; x_wconf 89' lang='lat' dir='ltr'>aliis</span> <span class='ocrx_word' id='word_1_163' title='bbox 1178 2016 1236 2093; x_wconf 90' lang='lat' dir='ltr'>rpsi</span> 
     </span>
     <span class='ocr_line' id='line_1_19' title="bbox 139 2099 1237 2187; baseline 0.001 -20"><span class='ocrx_word' id='word_1_164' title='bbox 139 2108 197 2168; x_wconf 91' lang='lat' dir='ltr'>orti</span> <span class='ocrx_word' id='word_1_165' title='bbox 221 2115 299 2178; x_wconf 85' lang='lat' dir='ltr'>sunt,</span> <span class='ocrx_word' id='word_1_166' title='bbox 321 2125 379 2168; x_wconf 88' lang='lat' dir='ltr'>eos</span> <span class='ocrx_word' id='word_1_167' title='bbox 394 2109 563 2187; x_wconf 88' lang='lat' dir='ltr'>praeclarum</span> <span class='ocrx_word' id='word_1_168' title='bbox 579 2119 625 2168; x_wconf 96' lang='grc' dir='ltr'>ιιι</span> <span class='ocrx_word' id='word_1_169' title='bbox 648 2109 785 2169; x_wconf 84' lang='lat' dir='ltr'>adversas</span> <span class='ocrx_word' id='word_1_170' title='bbox 805 2127 852 2168; x_wconf 86' lang='lat' dir='ltr'>res</span> <span class='ocrx_word' id='word_1_171' title='bbox 873 2099 1001 2187; x_wconf 79' lang='lat' dir='ltr'>pulcrius</span> <span class='ocrx_word' id='word_1_172' title='bbox 1015 2108 1128 2166; x_wconf 77' lang='lat' dir='ltr'>crateris</span> <span class='ocrx_word' id='word_1_173' title='bbox 1149 2125 1237 2184; x_wconf 84' lang='lat' dir='ltr'>posse</span> 
     </span>
     <span class='ocr_line' id='line_1_20' title="bbox 140 2199 1236 2289; baseline -0.003 -30"><span class='ocrx_word' id='word_1_174' title='bbox 140 2200 225 2271; x_wconf 77' lang='lat' dir='ltr'>ferre,</span> <span class='ocrx_word' id='word_1_175' title='bbox 240 2208 271 2258; x_wconf 90' lang='lat' dir='ltr'>et</span> <span class='ocrx_word' id='word_1_176' title='bbox 283 2199 444 2279; x_wconf 88' lang='lat' dir='ltr'>inutraque</span> <span class='ocrx_word' id='word_1_177' title='bbox 457 2201 575 2261; x_wconf 83' lang='lat' dir='ltr'>fortuna</span> <span class='ocrx_word' id='word_1_178' title='bbox 587 2203 668 2261; x_wconf 87' lang='lat' dir='ltr'>vultu</span> <span class='ocrx_word' id='word_1_179' title='bbox 687 2203 790 2262; x_wconf 89' lang='lat' dir='ltr'>eodem</span> <span class='ocrx_word' id='word_1_180' title='bbox 810 2200 958 2280; x_wconf 51' lang='lat' dir='ltr'>conspicis</span> <span class='ocrx_word' id='word_1_181' title='bbox 989 2201 1077 2289; x_wconf 77' lang='lat' dir='ltr'>Ques,</span> <span class='ocrx_word' id='word_1_182' title='bbox 1095 2199 1236 2260; x_wconf 81' lang='lat' dir='ltr'>cumillis</span> 
     </span>
     <span class='ocr_line' id='line_1_21' title="bbox 140 2283 1235 2369; baseline -0.002 -19"><span class='ocrx_word' id='word_1_183' title='bbox 140 2291 268 2351; x_wconf 81' lang='lat' dir='ltr'>maximo</span> <span class='ocrx_word' id='word_1_184' title='bbox 281 2299 312 2352; x_wconf 88' lang='lat' dir='ltr'>et</span> <span class='ocrx_word' id='word_1_185' title='bbox 323 2291 427 2352; x_wconf 90' lang='lat' dir='ltr'>honori</span> <span class='ocrx_word' id='word_1_186' title='bbox 439 2291 549 2352; x_wconf 87' lang='lat' dir='ltr'>fuerint</span> <span class='ocrx_word' id='word_1_187' title='bbox 562 2304 593 2354; x_wconf 89' lang='lat' dir='ltr'>et</span> <span class='ocrx_word' id='word_1_188' title='bbox 612 2305 792 2369; x_wconf 84' lang='lat' dir='ltr'>ornamento,</span> <span class='ocrx_word' id='word_1_189' title='bbox 805 2303 866 2353; x_wconf 91' lang='lat' dir='ltr'>tum</span> <span class='ocrx_word' id='word_1_190' title='bbox 880 2294 940 2352; x_wconf 78' lang='lat' dir='ltr'>toti</span> <span class='ocrx_word' id='word_1_191' title='bbox 955 2283 1064 2353; x_wconf 80' lang='lat' dir='ltr'>civitati</span> <span class='ocrx_word' id='word_1_192' title='bbox 1087 2301 1118 2350; x_wconf 88' lang='lat' dir='ltr'>et</span> <span class='ocrx_word' id='word_1_193' title='bbox 1138 2291 1235 2349; x_wconf 65' lang='lat' dir='ltr'>vivin-</span> 
     </span>
     <span class='ocr_line' id='line_1_22' title="bbox 140 2375 1236 2460; baseline 0 -19"><span class='ocrx_word' id='word_1_194' title='bbox 140 2382 220 2442; x_wconf 89' lang='lat' dir='ltr'>tibus</span> <span class='ocrx_word' id='word_1_195' title='bbox 234 2380 389 2442; x_wconf 74' lang='lat' dir='ltr'>marinam</span> <span class='ocrx_word' id='word_1_196' title='bbox 410 2383 570 2443; x_wconf 86' lang='lat' dir='ltr'>attulerunt</span> <span class='ocrx_word' id='word_1_197' title='bbox 592 2384 800 2445; x_wconf 87' lang='lat' dir='ltr'>celebritatem.</span> <span class='ocrx_word' id='word_1_198' title='bbox 843 2385 940 2443; x_wconf 69' lang='lat' dir='ltr'>Graue</span> <span class='ocrx_word' id='word_1_199' title='bbox 951 2393 999 2443; x_wconf 86' lang='lat' dir='ltr'>est</span> <span class='ocrx_word' id='word_1_200' title='bbox 1011 2381 1096 2442; x_wconf 86' lang='lat' dir='ltr'>matri</span> <span class='ocrx_word' id='word_1_201' title='bbox 1112 2375 1236 2460; x_wconf 75' lang='grc' dir='ltr'>ιιίιιιίῑ</span> 
     </span>
     <span class='ocr_line' id='line_1_23' title="bbox 142 2470 1242 2557; baseline 0 -23"><span class='ocrx_word' id='word_1_202' title='bbox 142 2475 239 2534; x_wconf 81' lang='lat' dir='ltr'>orbari</span> <span class='ocrx_word' id='word_1_203' title='bbox 261 2472 357 2535; x_wconf 89' lang='lat' dir='ltr'>liberis</span> <span class='ocrx_word' id='word_1_204' title='bbox 381 2487 411 2537; x_wconf 89' lang='lat' dir='ltr'>et</span> <span class='ocrx_word' id='word_1_205' title='bbox 435 2476 679 2557; x_wconf 86' lang='lat' dir='ltr'>conjunctissimis</span> <span class='ocrx_word' id='word_1_206' title='bbox 701 2484 768 2538; x_wconf 76' lang='lat' dir='ltr'>suad</span> <span class='ocrx_word' id='word_1_207' title='bbox 786 2476 943 2537; x_wconf 85' lang='lat' dir='ltr'>senectutis</span> <span class='ocrx_word' id='word_1_208' title='bbox 956 2476 1063 2556; x_wconf 78' lang='lat' dir='ltr'>privari</span> <span class='ocrx_word' id='word_1_209' title='bbox 1054 2470 1242 2535; x_wconf 56' lang='lat' dir='ltr'>altoribus&amp;-</span> 
     </span>
     <span class='ocr_line' id='line_1_24' title="bbox 141 2564 1247 2676; baseline 0.008 -51"><span class='ocrx_word' id='word_1_210' title='bbox 141 2564 196 2625; x_wconf 86' lang='lat' dir='ltr'>sed</span> <span class='ocrx_word' id='word_1_211' title='bbox 209 2566 380 2645; x_wconf 75' lang='lat' dir='ltr'>praeclarum</span> <span class='ocrx_word' id='word_1_212' title='bbox 393 2577 440 2628; x_wconf 89' lang='lat' dir='ltr'>est</span> <span class='ocrx_word' id='word_1_213' title='bbox 451 2568 577 2628; x_wconf 90' lang='lat' dir='ltr'>honores</span> <span class='ocrx_word' id='word_1_214' title='bbox 582 2569 756 2676; x_wconf 84' lang='lat' dir='ltr'>praecipuos</span> <span class='ocrx_word' id='word_1_215' title='bbox 773 2579 806 2631; x_wconf 90' lang='lat' dir='ltr'>et</span> <span class='ocrx_word' id='word_1_216' title='bbox 818 2566 1028 2630; x_wconf 80' lang='lat' dir='ltr'>monimentum</span> <span class='ocrx_word' id='word_1_217' title='bbox 1041 2568 1161 2628; x_wconf 69' lang='lat' dir='ltr'>virtualis</span> <span class='ocrx_word' id='word_1_218' title='bbox 1165 2568 1247 2643; x_wconf 58' lang='lat' dir='ltr'>coss</span> 
     </span>
     <span class='ocr_line' id='line_1_25' title="bbox 141 2655 1244 2741; baseline 0.003 -22"><span class='ocrx_word' id='word_1_219' title='bbox 141 2658 211 2719; x_wconf 89' lang='lat' dir='ltr'>dem</span> <span class='ocrx_word' id='word_1_220' title='bbox 223 2660 337 2741; x_wconf 88' lang='lat' dir='ltr'>publice</span> <span class='ocrx_word' id='word_1_221' title='bbox 350 2662 473 2739; x_wconf 83' lang='lat' dir='ltr'>adeptos</span> <span class='ocrx_word' id='word_1_222' title='bbox 488 2662 668 2739; x_wconf 88' lang='lat' dir='ltr'>conspicere,</span> <span class='ocrx_word' id='word_1_223' title='bbox 682 2682 834 2737; x_wconf 80' lang='lat' dir='ltr'>sacrisque</span> <span class='ocrx_word' id='word_1_224' title='bbox 842 2672 874 2721; x_wconf 89' lang='lat' dir='ltr'>et</span> <span class='ocrx_word' id='word_1_225' title='bbox 882 2655 1087 2721; x_wconf 80' lang='lat' dir='ltr'>certaminibus</span> <span class='ocrx_word' id='word_1_226' title='bbox 1097 2657 1244 2739; x_wconf 63' lang='lat' dir='ltr'>dignatos</span> 
     </span>
     <span class='ocr_line' id='line_1_26' title="bbox 141 2750 1243 2831; baseline -0.005 -19"><span class='ocrx_word' id='word_1_227' title='bbox 141 2752 361 2812; x_wconf 64' lang='lat' dir='ltr'>immortalibus&lt;</span> <span class='ocrx_word' id='word_1_228' title='bbox 404 2752 561 2813; x_wconf 88' lang='lat' dir='ltr'>Molestum</span> <span class='ocrx_word' id='word_1_229' title='bbox 575 2763 619 2812; x_wconf 90' lang='lat' dir='ltr'>est</span> <span class='ocrx_word' id='word_1_230' title='bbox 637 2752 736 2812; x_wconf 85' lang='lat' dir='ltr'>liberis</span> <span class='ocrx_word' id='word_1_231' title='bbox 758 2750 898 2811; x_wconf 72' lang='lat' dir='ltr'>amisisse</span> <span class='ocrx_word' id='word_1_232' title='bbox 907 2762 1025 2831; x_wconf 87' lang='lat' dir='ltr'>patres·</span> <span class='ocrx_word' id='word_1_233' title='bbox 1032 2753 1101 2811; x_wconf 88' lang='lat' dir='ltr'>sed</span> <span class='ocrx_word' id='word_1_234' title='bbox 1112 2753 1243 2831; x_wconf 62' lang='lat' dir='ltr'>proclam</span> 
     </span>
     <span class='ocr_line' id='line_1_27' title="bbox 142 2843 1240 2923; baseline -0.001 -20"><span class='ocrx_word' id='word_1_235' title='bbox 142 2862 208 2903; x_wconf 91' lang='lat' dir='ltr'>rum</span> <span class='ocrx_word' id='word_1_236' title='bbox 221 2851 407 2921; x_wconf 78' lang='lat' dir='ltr'>estpaternoe</span> <span class='ocrx_word' id='word_1_237' title='bbox 426 2843 571 2921; x_wconf 88' lang='lat' dir='ltr'>consequi</span> <span class='ocrx_word' id='word_1_238' title='bbox 590 2844 690 2923; x_wconf 78' lang='lat' dir='ltr'>gloriae</span> <span class='ocrx_word' id='word_1_239' title='bbox 710 2844 922 2904; x_wconf 69' lang='lat' dir='ltr'>hoereditatem.</span> <span class='ocrx_word' id='word_1_240' title='bbox 964 2845 1012 2903; x_wconf 84' lang='lat' dir='ltr'>Ac</span> <span class='ocrx_word' id='word_1_241' title='bbox 1029 2844 1154 2903; x_wconf 74' lang='lat' dir='ltr'>tristities</span> <span class='ocrx_word' id='word_1_242' title='bbox 1172 2845 1240 2923; x_wconf 86' lang='lat' dir='ltr'>qui·</span> 
     </span>
     <span class='ocr_line' id='line_1_28' title="bbox 144 2933 1243 3015; baseline -0.002 -18"><span class='ocrx_word' id='word_1_243' title='bbox 144 2934 212 2997; x_wconf 85' lang='lat' dir='ltr'>dem</span> <span class='ocrx_word' id='word_1_244' title='bbox 230 2934 318 3014; x_wconf 89' lang='lat' dir='ltr'>hujus</span> <span class='ocrx_word' id='word_1_245' title='bbox 341 2933 490 2995; x_wconf 74' lang='lat' dir='ltr'>fortuitam</span> <span class='ocrx_word' id='word_1_246' title='bbox 510 2954 576 2995; x_wconf 87' lang='lat' dir='ltr'>esse</span> <span class='ocrx_word' id='word_1_247' title='bbox 599 2938 718 2997; x_wconf 88' lang='lat' dir='ltr'>causam</span> <span class='ocrx_word' id='word_1_248' title='bbox 737 2936 924 3015; x_wconf 90' lang='lat' dir='ltr'>reperiemus,</span> <span class='ocrx_word' id='word_1_249' title='bbox 938 2935 987 2994; x_wconf 93' lang='lat' dir='ltr'>cui</span> <span class='ocrx_word' id='word_1_250' title='bbox 999 2935 1133 2995; x_wconf 86' lang='lat' dir='ltr'>homiues</span> <span class='ocrx_word' id='word_1_251' title='bbox 1149 2947 1243 3011; x_wconf 64' lang='lat' dir='ltr'>natos}</span> 
     </span>
     <span class='ocr_line' id='line_1_29' title="bbox 144 3026 1243 3174; baseline 0 -87"><span class='ocrx_word' id='word_1_252' title='bbox 144 3026 250 3087; x_wconf 87' lang='lat' dir='ltr'>cedere</span> <span class='ocrx_word' id='word_1_253' title='bbox 272 3046 308 3086; x_wconf 88' lang='lat' dir='ltr'>ac</span> <span class='ocrx_word' id='word_1_254' title='bbox 326 3044 426 3105; x_wconf 86' lang='lat' dir='ltr'>parere</span> <span class='ocrx_word' id='word_1_255' title='bbox 449 3046 568 3087; x_wconf 88' lang='lat' dir='ltr'>necesse</span> <span class='ocrx_word' id='word_1_256' title='bbox 592 3039 657 3088; x_wconf 86' lang='lat' dir='ltr'>est:</span> <span class='ocrx_word' id='word_1_257' title='bbox 680 3038 710 3087; x_wconf 89' lang='lat' dir='ltr'>at</span> <span class='ocrx_word' id='word_1_258' title='bbox 731 3026 850 3088; x_wconf 90' lang='lat' dir='ltr'>honoris</span> <span class='ocrx_word' id='word_1_259' title='bbox 867 3035 899 3088; x_wconf 88' lang='lat' dir='ltr'>et</span> <span class='ocrx_word' id='word_1_260' title='bbox 919 3026 1041 3102; x_wconf 88' lang='lat' dir='ltr'>decoris,</span> <span class='ocrx_word' id='word_1_261' title='bbox 1065 3046 1164 3086; x_wconf 88' lang='lat' dir='ltr'>eorum</span> <span class='ocrx_word' id='word_1_262' title='bbox 1186 3028 1243 3174; x_wconf 76' lang='lat' dir='ltr'>qui</span> 
     </span>
     <span class='ocr_line' id='line_1_30' title="bbox 144 3118 885 3199; baseline 0 -20"><span class='ocrx_word' id='word_1_263' title='bbox 144 3119 266 3179; x_wconf 84' lang='lat' dir='ltr'>honeste</span> <span class='ocrx_word' id='word_1_264' title='bbox 279 3128 417 3199; x_wconf 87' lang='lat' dir='ltr'>oppetere</span> <span class='ocrx_word' id='word_1_265' title='bbox 430 3118 605 3180; x_wconf 83' lang='lat' dir='ltr'>voluerunt</span> <span class='ocrx_word' id='word_1_266' title='bbox 596 3119 774 3181; x_wconf 82' lang='lat' dir='ltr'>institutum.</span> <span class='ocrx_word' id='word_1_267' title='bbox 882 3168 885 3173; x_wconf 95' lang='lat'>.</span> 
     </span>
    </p>

    <p class='ocr_par' dir='ltr' id='par_1_4' title="bbox 144 3209 1239 3383">
     <span class='ocr_line' id='line_1_31' title="bbox 190 3209 1239 3291; baseline 0 -22"><span class='ocrx_word' id='word_1_268' title='bbox 190 3212 236 3269; x_wconf 93' lang='lat' dir='ltr'>ll</span> <span class='ocrx_word' id='word_1_269' title='bbox 258 3209 333 3269; x_wconf 86' lang='lat' dir='ltr'>Mihi</span> <span class='ocrx_word' id='word_1_270' title='bbox 352 3210 468 3289; x_wconf 87' lang='lat' dir='ltr'>quidem</span> <span class='ocrx_word' id='word_1_271' title='bbox 488 3230 546 3271; x_wconf 89' lang='lat' dir='ltr'>non</span> <span class='ocrx_word' id='word_1_272' title='bbox 560 3210 662 3282; x_wconf 86' lang='lat' dir='ltr'>multa,</span> <span class='ocrx_word' id='word_1_273' title='bbox 676 3210 730 3270; x_wconf 88' lang='lat' dir='ltr'>sed</span> <span class='ocrx_word' id='word_1_274' title='bbox 753 3230 824 3270; x_wconf 84' lang='lat' dir='ltr'>vera</span> <span class='ocrx_word' id='word_1_275' title='bbox 847 3209 945 3269; x_wconf 86' lang='lat' dir='ltr'>dicere</span> <span class='ocrx_word' id='word_1_276' title='bbox 968 3209 1150 3291; x_wconf 84' lang='lat' dir='ltr'>propositum</span> <span class='ocrx_word' id='word_1_277' title='bbox 1162 3209 1239 3270; x_wconf 82' lang='lat' dir='ltr'>fuit.</span> 
     </span>
     <span class='ocr_line' id='line_1_32' title="bbox 144 3300 935 3409; baseline -0.001 -46"><span class='ocrx_word' id='word_1_278' title='bbox 144 3320 198 3363; x_wconf 84' lang='lat' dir='ltr'>vos</span> <span class='ocrx_word' id='word_1_279' title='bbox 213 3310 309 3409; x_wconf 81' lang='lat' dir='ltr'>autem</span> <span class='ocrx_word' id='word_1_280' title='bbox 324 3300 412 3361; x_wconf 88' lang='lat' dir='ltr'>linito</span> <span class='ocrx_word' id='word_1_281' title='bbox 419 3301 511 3372; x_wconf 89' lang='lat' dir='ltr'>luctu,</span> <span class='ocrx_word' id='word_1_282' title='bbox 525 3310 559 3362; x_wconf 91' lang='lat' dir='ltr'>ut</span> <span class='ocrx_word' id='word_1_283' title='bbox 571 3300 636 3362; x_wconf 83' lang='lat' dir='ltr'>fas</span> <span class='ocrx_word' id='word_1_284' title='bbox 624 3322 733 3383; x_wconf 81' lang='lat' dir='ltr'>Jurque</span> <span class='ocrx_word' id='word_1_285' title='bbox 747 3311 803 3376; x_wconf 83' lang='lat' dir='ltr'>est,</span> <span class='ocrx_word' id='word_1_286' title='bbox 817 3301 935 3363; x_wconf 80' lang='lat' dir='ltr'>abitote.</span> 
     </span>
    </p>
   </div>
   <div class='ocr_carea' id='block_1_3' title="bbox 418 3788 983 3908">
    <p class='ocr_par' dir='ltr' id='par_1_5' title="bbox 418 3788 983 3908">
     <span class='ocr_line' id='line_1_33' title="bbox 418 3788 983 3908; baseline 0.004 -35"><span class='ocrx_word' id='word_1_287' title='bbox 418 3788 983 3908; x_wconf 78' lang='lat' dir='ltr'>numosuuuurs·</span> 
     </span>
    </p>
   </div>
   <div class='ocr_carea' id='block_1_4' title="bbox 450 4014 932 4086">
    <p class='ocr_par' dir='ltr' id='par_1_6' title="bbox 450 4014 932 4086">
     <span class='ocr_line' id='line_1_34' title="bbox 450 4014 932 4086; baseline 0.01 -5"><span class='ocrx_word' id='word_1_288' title='bbox 450 4014 634 4081; x_wconf 76' lang='lat' dir='ltr'><strong>ORATIO</strong></span> <span class='ocrx_word' id='word_1_289' title='bbox 658 4014 932 4086; x_wconf 82' lang='lat' dir='ltr'>AMATORIA.</span> 
     </span>
    </p>
   </div>
   <div class='ocr_carea' id='block_1_5' title="bbox 645 4204 741 4217">
    <p class='ocr_par' dir='ltr' id='par_1_7' title="bbox 645 4204 741 4217">
     <span class='ocr_line' id='line_1_35' title="bbox 645 4204 741 4217; baseline 0.021 -2"><span class='ocrx_word' id='word_1_290' title='bbox 645 4204 741 4217; x_wconf 74' lang='grc'>-</span> 
     </span>
    </p>
   </div>
   <div class='ocr_carea' id='block_1_6' title="bbox 144 4317 1246 4589">
    <p class='ocr_par' dir='ltr' id='par_1_8' title="bbox 144 4317 1246 4589">
     <span class='ocr_line' id='line_1_36' title="bbox 189 4317 1242 4401; baseline 0.002 -21"><span class='ocrx_word' id='word_1_291' title='bbox 189 4323 217 4381; x_wconf 88' lang='lat' dir='ltr'>l.</span> <span class='ocrx_word' id='word_1_292' title='bbox 237 4322 307 4381; x_wconf 85' lang='lat' dir='ltr'>Aue</span> <span class='ocrx_word' id='word_1_293' title='bbox 327 4338 393 4401; x_wconf 75' lang='lat' dir='ltr'>age,</span> <span class='ocrx_word' id='word_1_294' title='bbox 414 4319 552 4399; x_wconf 86' lang='lat' dir='ltr'>quoniam</span> <span class='ocrx_word' id='word_1_295' title='bbox 578 4321 678 4383; x_wconf 87' lang='lat' dir='ltr'>audire</span> <span class='ocrx_word' id='word_1_296' title='bbox 703 4321 758 4393; x_wconf 82' lang='lat' dir='ltr'>ris,</span> <span class='ocrx_word' id='word_1_297' title='bbox 781 4319 934 4380; x_wconf 83' lang='lat' dir='ltr'>ostendam</span> <span class='ocrx_word' id='word_1_298' title='bbox 950 4320 1004 4381; x_wconf 93' lang='lat' dir='ltr'>tibi</span> <span class='ocrx_word' id='word_1_299' title='bbox 1030 4317 1189 4379; x_wconf 86' lang='lat' dir='ltr'>orationem</span> <span class='ocrx_word' id='word_1_300' title='bbox 1209 4331 1242 4383; x_wconf 86' lang='lat' dir='ltr'>et</span> 
     </span>
     <span class='ocr_line' id='line_1_37' title="bbox 145 4410 1242 4494; baseline -0.002 -18"><span class='ocrx_word' id='word_1_301' title='bbox 145 4417 255 4494; x_wconf 79' lang='lat' dir='ltr'>legam.</span> <span class='ocrx_word' id='word_1_302' title='bbox 296 4417 356 4475; x_wconf 89' lang='lat' dir='ltr'>Sed</span> <span class='ocrx_word' id='word_1_303' title='bbox 376 4414 531 4475; x_wconf 89' lang='lat' dir='ltr'>consilium</span> <span class='ocrx_word' id='word_1_304' title='bbox 554 4415 608 4477; x_wconf 90' lang='lat' dir='ltr'>tibi</span> <span class='ocrx_word' id='word_1_305' title='bbox 630 4425 677 4477; x_wconf 91' lang='lat' dir='ltr'>est</span> <span class='ocrx_word' id='word_1_306' title='bbox 696 4414 727 4473; x_wconf 91' lang='lat' dir='ltr'>in</span> <span class='ocrx_word' id='word_1_307' title='bbox 750 4413 850 4493; x_wconf 88' lang='lat' dir='ltr'>primis</span> <span class='ocrx_word' id='word_1_308' title='bbox 871 4410 1092 4492; x_wconf 83' lang='lat' dir='ltr'>intelligendum</span> <span class='ocrx_word' id='word_1_309' title='bbox 1114 4412 1178 4493; x_wconf 89' lang='lat' dir='ltr'>ejus</span> <span class='ocrx_word' id='word_1_310' title='bbox 1191 4416 1242 4493; x_wconf 92' lang='lat' dir='ltr'>qui</span> 
     </span>
     <span class='ocr_line' id='line_1_38' title="bbox 144 4505 1246 4589; baseline 0.001 -19"><span class='ocrx_word' id='word_1_311' title='bbox 144 4510 224 4570; x_wconf 85' lang='lat' dir='ltr'>hanc</span> <span class='ocrx_word' id='word_1_312' title='bbox 245 4506 406 4569; x_wconf 84' lang='lat' dir='ltr'>orationem</span> <span class='ocrx_word' id='word_1_313' title='bbox 420 4508 595 4589; x_wconf 86' lang='lat' dir='ltr'>composuit.</span> <span class='ocrx_word' id='word_1_314' title='bbox 637 4509 667 4569; x_wconf 85' lang='lat' dir='ltr'>is</span> <span class='ocrx_word' id='word_1_315' title='bbox 690 4506 864 4587; x_wconf 82' lang='lat' dir='ltr'>Epicratem,</span> <span class='ocrx_word' id='word_1_316' title='bbox 883 4525 981 4584; x_wconf 84' lang='lat' dir='ltr'>quem,</span> <span class='ocrx_word' id='word_1_317' title='bbox 1001 4505 1076 4567; x_wconf 86' lang='lat' dir='ltr'>inter</span> <span class='ocrx_word' id='word_1_318' title='bbox 1092 4505 1199 4568; x_wconf 87' lang='lat' dir='ltr'>multos</span> <span class='ocrx_word' id='word_1_319' title='bbox 1211 4518 1246 4572; x_wconf 88' lang='lat' dir='ltr'>et</span> 
     </span>
    </p>
   </div>
   <div class='ocr_carea' id='block_1_7' title="bbox 0 0 1504 4950">
    <p class='ocr_par' dir='ltr' id='par_1_9' title="bbox 0 0 1504 4950">
     <span class='ocr_line' id='line_1_39' title="bbox 0 0 1504 4950; baseline 0 0"><span class='ocrx_word' id='word_1_320' title='bbox 0 0 1504 4950; x_wconf 95' lang='lat' dir='ltr'> </span> 
     </span>
    </p>
   </div>
  </div>
 </body>
</html>
