2967 4950
272 597 284 628 ¹*
319 611 619 682 incomestum
641 615 833 677 ecmonus
855 613 1118 675 tusuuuauu
1141 613 1310 674 coutet
1340 695 1343 702 Ι

289 713 294 722 ·
562 707 775 770 oououun
794 707 847 767 013
869 705 1076 800 vuenunt.

287 895 292 904 ·
303 869 403 917 Asuero
418 866 566 916 Atheniensis
576 867 694 916 (lenonem
705 865 872 914 verberationis
887 869 989 918 mont,
1005 877 1032 910 so
1047 865 1077 911 ab
1087 869 1151 912 eo‘et
1160 863 1214 928 ejus
1222 865 1353 912 olimst·

232 973 237 980 =
270 946 336 998 ribus
346 945 453 998 rismum
466 959 524 994 esse.
529 959 683 1004 conquerens,
694 954 719 992 et
729 945 781 1005 oJ'us
791 942 850 991 iacti
859 949 934 992 testes
943 941 1087 1002 producam,
1102 944 1182 996 Conon
1192 943 1278 993 boun
1286 948 1353 1002 sept.

271 1029 298 1072 et
306 1021 408 1073 ,vicissim
415 1027 489 1070 tostos
494 1020 612 1083 producit,
621 1021 705 1082 quibus
717 1020 886 1068 Demosthenes
895 1018 964 1065 tidem
974 1016 1102 1067 orbentur
1112 1033 1165 1066 esse
1175 1024 1262 1084 παρη
1272 1018 1327 1079 quod
1333 1023 1353 1064 st

271 1097 376 1160 improbe
387 1097 499 1156 vixerint,
508 1104 532 1146 ot
542 1097 652 1161 expedite
664 1097 756 1144 mentiri
767 1097 863 1144 soleant.

540 1561 1083 1648 DEMOSTHENIS
1139 1651 1143 1657 ,

468 1787 757 1866 CONTRA
801 1785 1164 1865 CONONEM

395 1999 542 2068 ACTIO
563 1999 876 2070 INJURIARUM
907 2001 970 2067 OB
991 1997 1235 2067 VERBERA.

309 2164 336 2220 l.
358 2160 462 2231 Quuu
477 2180 571 2222 essem
584 2160 769 2222 coutumeliis
782 2162 903 2223 affectus
921 2172 952 2223 et
970 2163 1013 2224 sic
1026 2171 1168 2222 tractatus
1190 2180 1211 2221 a
1230 2160 1350 2228 Conone,

264 2255 397 2329 Judices,
415 2264 449 2315 ut
467 2255 557 2334 longo
569 2266 701 2336 tempore
714 2275 810 2334 neque
829 2249 983 2316 domestici
1003 2255 1061 2315 mei
1073 2273 1169 2333 neque
1181 2253 1349 2313 medicorum

263 2349 419 2428 quisquam
436 2368 483 2408 me
503 2369 656 2409 erasurum
669 2359 817 2431 putarent,
833 2358 1004 2430 recuperata
1016 2349 1183 2411 valetudiue
1208 2358 1240 2409 et
1258 2357 1351 2428 preter
1436 2368 1437 2371 ¹

263 2441 430 2524 opinionem
454 2451 654 2517 conservatus,
679 2463 747 2505 cum
769 2442 827 2505 hoc
859 2443 980 2505 crimine
1003 2442 1175 2524 pulsationis
1205 2438 1348 2523 postulari.

263 2536 342 2596 Cum
360 2537 437 2597 enim
458 2556 559 2597 omncs
578 2538 695 2617 cognati
713 2547 744 2598 et
761 2537 858 2610 amici,
878 2557 953 2617 quos
967 2537 1110 2608 consului,
1123 2555 1193 2597 eum
1214 2537 1271 2596 illis
1289 2533 1349 2595 ieci·

263 2629 383 2691 notibus
396 2638 472 2713 etflut
484 2630 577 2689 iurem
591 2632 620 2689 in
634 2649 780 2691 carcerem
793 2630 926 2710 abripiet
943 2630 1060 2711 publice
1073 2629 1261 2691 contumeliae
1274 2646 1349 2708 posse
1435 2687 1436 2714 i

263 2722 396 2783 accusari
410 2720 551 2796 dicerent,
564 2724 635 2784 mihi
650 2734 748 2785 autem
760 2724 917 2785 suaderent
936 2734 967 2785 et
986 2733 1138 2783 monerent
1158 2742 1198 2782 ne
1220 2720 1350 2803 graviora,
1435 2729 1436 2794 3

260 2834 351 2895 ,quem
364 2815 438 2876 serre
451 2834 579 2896 possem,
594 2816 784 2897 susciperem,
798 2836 872 2878 uere
886 2837 976 2898 supra
989 2826 1107 2878 aetatem
1127 2836 1187 2896 qua
1202 2836 1296 2876 essem
1313 2814 1351 2874 ai·

259 2910 357 2970 lectus
378 2909 489 2990 injuriis
509 2909 651 2970 actionem
672 2911 864 2983 instituerem,
885 2911 928 2972 sic
952 2910 1024 2981 secie
1047 2910 1143 2988 deque
1163 2909 1280 2969 illorum
1292 2926 1348 2968 seu·
1434 2971 1435 2996 ,

260 3002 354 3063 tentia
373 3003 517 3084 privatum
542 3002 689 3084 judicium
712 3024 779 3064 sum
802 3004 937 3084 adeptus,
964 3022 1133 3083 quanquam
1159 3001 1346 3082 cupidissime,

259 3093 465 3168 Athenienses,
484 3093 575 3156 istum
589 3096 630 3157 rei
644 3096 776 3177 ospitalis
794 3115 877 3156 reum
895 3095 1042 3157 fecissem.
1082 3095 1181 3175 Atque
1195 3095 1267 3156 huic
1279 3112 1348 3155 acer·
1434 3097 1435 3154 l

256 3186 342 3250 bitati
354 3209 429 3249 meuc
442 3208 495 3248 vos
508 3208 619 3263 omnes,
633 3189 741 3251 cuditis
757 3189 867 3270 injuriis
880 3210 948 3270 quse
961 3188 1030 3248 mibi
1045 3189 1133 3249 iactae
1151 3197 1233 3263 suut,
1245 3187 1346 3250 venium
1433 3221 1434 3230 κ

259 3300 330 3343 esse
338 3281 468 3355 daturos,
483 3282 553 3343 sotis
567 3284 647 3345 scine
668 3302 837 3363 quenquam
859 3283 937 3344 euim
958 3300 1066 3361 magna
1086 3292 1167 3342 esset
1185 3301 1276 3364 quam
1294 3290 1346 3341 tum

258 3392 414 3455 perpessus
428 3393 508 3435 erem
528 3375 717 3450 contumelia,
734 3395 796 3437 uon
814 3375 909 3435 minor
927 3384 1026 3435 temen
1041 3386 1110 3454 post
1122 3374 1178 3435 luit
1200 3375 1283 3435 istius
1302 3373 1346 3431 im

257 3464 400 3545 probitas.
430 3464 505 3525 Peto
518 3476 616 3527 autem
630 3477 661 3527 et
673 3487 747 3548 rogo
765 3486 817 3528 vos
831 3467 939 3547 pariter
949 3485 1059 3540 omues,
1073 3466 1201 3545 primum
1213 3477 1249 3528 ut
1259 3484 1304 3525 mc
1315 3462 1345 3523 de
1433 3457 1434 3504 l

256 3558 366 3636 injuriis
378 3568 602 3637 conquerentem
622 3561 749 3639 benigne
767 3560 912 3621 undistisz
932 3559 1050 3631 deinde,
1075 3558 1100 3619 si
1117 3570 1222 3620 contro
1242 3562 1306 3639 jus
1321 3565 1346 3614 st
1432 3571 1433 3582 ¹

255 3649 339 3730 leges
352 3658 494 3711 tractatus
515 3670 580 3711 esse
598 3650 729 3727 videbor,
743 3661 778 3712 ut
789 3670 837 3712 me
856 3652 888 3712 in
901 3670 967 3712 meo
980 3656 1046 3728 jure
1059 3651 1219 3732 odjuretis.
1260 3652 1345 3730 Expo-

256 3764 325 3806 nsm
339 3754 437 3805 autem
451 3746 534 3807 vobis
548 3748 585 3807 eb
602 3746 684 3808 initio
698 3752 890 3808 rem‘omnem
904 3745 1016 3819 ordine,
1031 3746 1074 3807 uti
1095 3757 1183 3827 gesta
1197 3757 1255 3822 est,
1267 3762 1343 3827 quau

257 3847 359 3919 potero
372 3839 565 3918 paucissimis.

297 3934 327 3992 2.
348 3929 464 3992 Abhinc
477 3932 644 4009 triennium,
659 3932 795 3993 custodis
814 3933 898 3993 nobis
911 3932 1099 4006 denunciata,
1110 3932 1277 3995 Panactum
1289 3947 1343 3990 sum

255 4042 402 4105 egressus.
445 4024 619 4084 Habuerunt
637 4034 738 4085 autern
750 4024 881 4086 Cononis
903 4024 955 4084 lilii
972 4026 1166 4086 tabemeculo
1184 4046 1277 4107 prope
1290 4040 1343 4092 uos,

255 4118 336 4198 quod
349 4116 462 4176 utinum
476 4116 584 4176 factum
598 4138 656 4178 non
679 4128 774 4179 esset:
794 4118 895 4198 primae
909 4116 986 4177 enim
1006 4117 1165 4180 inimicitie
1189 4130 1221 4180 et
1239 4117 1343 4179 offense

254 4210 323 4270 inde
337 4210 421 4270 nobis
435 4218 506 4269 ortoe
520 4219 598 4280 sunt,
613 4210 689 4269 sicut
707 4211 842 4271 audietis.
885 4211 1035 4272 Potabaut
1049 4212 1099 4273 isti
1123 4212 1267 4293 quotidie,
1285 4224 1343 4270 cum

259 4303 379 4381 primum
393 4300 491 4382 prensi
506 4311 615 4375 esseut,
629 4311 707 4363 totos
733 4303 816 4372 dies';
838 4303 938 4382 idque,
958 4302 1029 4363 dum
1042 4304 1074 4364 in
1086 4305 1225 4385 presidio
1238 4304 1342 4368 fuimus,

261 4394 352 4453 iecere
374 4414 432 4454 non
454 4394 639 4456 destitemut.
681 4395 744 4455 No's
766 4416 844 4468 vero,
858 4407 892 4455 ut
901 4395 958 4456 ‘hic
978 4397 1057 4458 soliti
1078 4418 1208 4472 eramus,
1219 4397 1263 4458 ita
1282 4393 1342 4455 foris

261 4495 371 4565 quoque
383 4486 573 4567 degebamus.
615 4489 682 4557 Qua
694 4486 783 4567 igitur
795 4488 867 4550 hora
887 4509 1000 4551 coenam
1014 4490 1063 4552 ulii
1081 4509 1184 4573 perere
1199 4491 1341 4561 solentes
