2967 4950
217 334 277 464 sos
451 350 457 363 ’
512 381 735 445 nnvnnsus·
762 376 1033 471 nnnrumuru..

215 540 262 601 his
274 540 313 599 de
326 538 415 599 rebus
428 539 585 618 dequibus
597 557 676 597 nunc
695 536 801 615 litigat.
843 532 956 593 Fuisse¹
968 542 1065 592 autem
1087 524 1155 591 eum
1173 520 1227 589 bie
1236 542 1315 587 anno

217 630 376 710 praeterito,
386 649 453 689 cum
462 628 576 705 judicia
585 630 800 699 exercerentur,
807 626 931 688 recitato
940 622 1107 709 testimonio
1118 618 1314 735 cognoscetis.

541 856 572 912 ⁸,
612 841 920 925 resrruouruu.

218 984 282 1065 Age
295 973 391 1063 degent
405 985 508 1055 etiamr
530 1004 597 1066 quae
620 985 794 1064 sponsiones
815 1004 929 1047 annues
944 1003 1012 1045 esse
1021 984 1117 1065 jubet,
1130 980 1200 1041 mihi
1214 978 1314 1039 recita.

219 1076 324 1154 Neque
339 1096 408 1137 vero
420 1097 457 1137 ea
469 1078 536 1157 iege
548 1077 590 1137 ita
607 1077 694 1148 nitor,
714 1086 759 1149 ut,
779 1077 805 1137 si
825 1077 1042 1157 spoponderim,
1062 1082 1167 1156 prenae
1185 1070 1255 1131 dare
1268 1065 1316 1129 uie

218 1186 278 1227 non
291 1179 434 1247 oporteat,
445 1168 573 1229 sedeam
588 1169 682 1247 ipsam
694 1167 793 1247 legem
806 1187 866 1228 non
880 1169 1074 1249 spopondisse
1088 1186 1136 1227 me
1150 1161 1316 1225 testimonio

219 1259 288 1318 ruihi
308 1269 376 1319 esse
396 1260 527 1321 affirmo:
548 1280 615 1321 nam
635 1279 674 1320 es
695 1278 808 1339 sponsu
827 1261 939 1340 egisset
963 1278 1079 1321 mecum
1103 1267 1235 1337 tempore
1259 1253 1317 1311 hae

218 1340 284 1431 lege
298 1329 451 1430 proefinito.

607 1550 610 1555 .
719 1504 808 1564 unx.
851 1456 868 1541 ’κ

152 1700 155 1705 ,
260 1633 289 1693 8.
312 1633 357 1693 Sit
379 1632 468 1712 igitur
495 1633 552 1692 boc
573 1633 659 1692 etiarn
682 1634 767 1693 vobis'
794 1642 968 1712 argumento
994 1630 1317 1712 mentiri'Apaturium.

220 1726 299 1784 Nam
311 1726 337 1785 si
349 1724 377 1803 ei
389 1744 442 1805 pro
455 1723 654 1784 Parmenonis
669 1725 902 1804 spopondissem,
926 1743 985 1783 non
1006 1724 1108 1801 utique
1124 1723 1208 1785 istius
1223 1724 1318 1783 inimi·

219 1816 303 1875 citias
317 1826 435 1897 propter
447 1814 533 1873 illuns·
544 1814 751 1893 suscepissem,
765 1814 835 1874 dum
848 1814 1047 1894 providebam,
1069 1832 1108 1873 ne
1123 1815 1269 1875 amitteret
1281 1810 1318 1874 e'a

131 1930 135 1937 ·
220 1927 286 1987 quoe
300 1927 352 1987 per
365 1926 414 1967 me
427 1906 476 1966 isti
490 1916 654 1967 mutuarat:
676 1907 738 1987 ipse
751 1926 821 1967 uero
835 1906 1031 1986 mihipropter
1040 1904 1122 1965 illum
1136 1906 1215 1986 apud
1230 1908 1318 1965 istum

220 1998 521 2078 sponsioneobligato
534 2018 594 2058 nou
606 1999 763 2060 cavissem.
804 1998 884 2065 Quid
897 1998 976 2057 euim
988 1997 1050 2078 spei
1062 1997 1171 2059 habere
1185 1992 1317 2077 poterar'd

219 2092 307 2151 istum
322 2091 393 2151 mibi
406 2110 570 2171 parsurum,
584 2108 672 2168 quem
693 2090 754 2169 ipse
772 2109 927 2169 coegeram
944 2089 990 2150 illi
1009 2088 1196 2150 satisfacere?
1228 2108 1318 2168 aquo

219 2183 395 2243 mensariarn
409 2182 597 2262 sponsionem
611 2175 713 2243 odiose
723 2182 902 2261 exegeram?
935 2181 1015 2247 Quid
1029 2182 1066 2242 ab
1080 2200 1116 2241 eo
1128 2179 1200 2241 mihi
1213 2200 1318 2261 exspe-

220 2278 359 2339 ctandum
373 2275 534 2336 abitrareri
841 2284 844 2289 ’
1069 2294 1072 2301 ’
1178 2286 1180 2293 “

215 2388 222 2396 ’
261 2372 291 2429 9.
307 2369 386 2439 Quin
399 2367 474 2426 illud
487 2367 575 2427 etiarn
589 2368 786 2447 considerare,
800 2368 1005 2443 Athenienses,
1016 2358 1062 2431 est
1071 2387 1168 2450 operes
1180 2368 1317 2447 pretium,

220 2461 246 2524 si
259 2460 493 2542 spopondissem,
507 2481 555 2520 me
568 2461 825 2540 nunquamfuisse
838 2462 944 2522 iturum
962 2462 1083 2524 inficias.
1130 2460 1227 2524 Multo
1240 2462 1318 2521 enirn

221 2553 373 2614 confitenti
385 2552 456 2612 mihi
469 2563 501 2613 et
513 2553 552 2613 ad
570 2555 739 2634 pactionem
753 2555 845 2628 eunti,
860 2575 896 2616 ex
910 2573 971 2634 qua
982 2556 1093 2616 tactum
1102 2553 1166 2618 ‘tait
1184 2573 1318 2642 comprof

220 2648 353 2718 missum,
376 2644 486 2706 firmior
504 2656 582 2706 esset
595 2645 737 2706 defensio.
778 2646 883 2707 Tribus
906 2647 984 2706 enim
1007 2647 1122 2712 arbitris
1141 2645 1206 2707 ¹rem
1228 2645 1320 2705 fuisse

221 2739 401 2818 permissam,
420 2747 560 2798 testatum
578 2739 662 2799 vobis
682 2747 748 2801 est:
770 2759 838 2799 cum
855 2741 964 2800 vero'a
980 2741 1075 2800 tribus
1092 2740 1154 2800 lata
1172 2736 1320 2798 sententia

221 2848 281 2889 non
302 2829 349 2900 sit,
363 2827 434 2906 quid
448 2829 586 2907 neganda
598 2828 758 2909 sponsione
771 2829 842 2890 mibi
855 2829 1032 2891 voluissem?
1054 2831 1231 2909 Cognitibne
1240 2828 1320 2889 enim

204 2920 387 2981 secundum
406 2920 571 2998 pactionem
589 2938 649 2992 non
669 2920 760 2994 facta,
781 2939 836 2980 uec
854 2939 910 3000 ego
924 2922 987 3001 jam
1007 2922 1166 3000 sponsione
1185 2921 1319 2980 tenebar.

222 3015 321 3079 Quare
333 3029 529 3092 nequaquam,
542 3010 560 3070 J
563 3011 675 3083 udices,
685 3011 884 3102 praetermissa
895 3019 964 3074 reia
976 3012 1147 3073 defensione
1158 3011 1183 3074 si
1192 3030 1320 3096 spopon-⁸

205 3117 210 3126 “
221 3105 387 3180 dissem,'ad
397 3103 587 3183 inficiendum
594 3105 754 3165 venissem.
767 3105 785 3164 J
789 3123 835 3165 em
846 3105 919 3165 illud
929 3106 1016 3166 'etiam
1026 3107 1164 3166 testatum
1174 3105 1257 3165 robis
1264 3114 1319 3177 est,

220 3199 357 3279 pactione
373 3199 410 3262 eb
431 3197 494 3256 istis
514 3196 633 3271 abolita,
643 3197 731 3259 aliam
750 3198 840 3259 istum
859 3209 890 3259 et
899 3198 1124 3258 Parmenontern
1134 3197 1320 3260 conscribere

222 3291 361 3363 voluisse,
381 3290 467 3369 quasi
484 3289 564 3351 irrita
581 3299 681 3350 essent
699 3310 735 3351 ea
749 3310 816 3369 quas
826 3291 914 3370 'prius
928 3291 1017 3350 'inter
1034 3305 1084 3350 eos
1110 3281 1319 3352 convenerint.

222 3383 324 3460 Atqui,
335 3400 403 3440 cum
413 3382 451 3441 de
460 3381 560 3440 futura
569 3381 737 3460 cognitione
745 3371 832 3442 aliem
844 3383 1010 3462 pactionem
1018 3383 1204 3444 ¹conscribere
1218 3385 1319 3444 volue-

221 3477 279 3537 rint
298 3476 395 3557 priore
407 3475 532 3555 perdita,
543 3494 603 3555 quo
617 3484 717 3559 paeto,
734 3473 794 3538 alia
813 3475 949 3554 pactione
962 3493 1022 3534 nun
1043 3475 1161 3554 scripte,
1175 3475 1221 3535 vel
1240 3473 1319 3536 ‘arbi-

223 3570 311 3629 trium
324 3569 385 3630 fieri
399 3569 446 3628 vel
460 3569 581 3648 sponsio
594 3566 713 3646 potuit?
734 3566 851 3627 De'hoe
865 3567 1022 3646 ipso‘enim
1036 3576 1100 3628 orte
1112 3567 1321 3637 controversia,

221 3662 338 3723 tabulas
350 3660 425 3730 elias
439 3678 499 3722 non
514 3661 655 3739 fecenunt,
674 3660 733 3720 isto
745 3678 848 3732 unum,
866 3659 917 3720 iuo
930 3669 989 3719 tres
1003 3659 1126 3720 arbitros
1139 3658 1323 3738 postulante.'

223 3743 385 3833 Postquain
400 3764 501 3813 autem
514 3752 607 3831 prims
616 3750 731 3830 pactio,
744 3769 804 3830 qua
816 3770 864 3811 me
876 3757 1050 3830 'sponsorem
1064 3771 1129 3811 esse
1143 3751 1254 3810 fectum
1269 3751 1320 3822 ait,

222 3847 319 3927 periit,
331 3846 390 3907 alia
403 3865 472 3907 uero
486 3845 595 3923 scripta
608 3863 668 3904 non
681 3854 737 3915 est,
748 3863 808 3922 quo
817 3842 884 3923 jure
895 3847 1010 3903 mecum
1025 3862 1113 3921 agere
1126 3847 1236 3921 potest,
1248 3860 1320 3901 con-

222 3952 363 4019 traquam
376 3940 480 4018 nequit
488 3937 617 4018 proferre
630 3933 820 4016 pactionem?
841 3936 881 3994 At
893 3933 1079 3996 interdixisse
1092 3934 1320 3994 Parmenontem

223 4033 360 4094 Aristocli
373 4052 411 4095 ne
424 4044 529 4094 cenna
546 4051 578 4093 se
596 4033 706 4109 absque
719 4028 871 4090 coerbitris
886 4025 1103 4108 pronunciaret,
1116 4036 1256 4087 testamm
1270 4045 1321 4086 vo-

117 4184 121 4188 ,
222 4127 267 4186 bis
281 4137 336 4187 est.
378 4125 467 4193 Quod
481 4123 506 4182 si
520 4122 778 4184 constateundem
792 4121 939 4180 hominem
952 4131 982 4180 et
996 4119 1162 4200 pactionem
1175 4118 1321 4189 abolesse,

223 4237 259 4278 ex
276 4237 337 4298 qua
351 4217 499 4279 arbitrium
512 4215 574 4276 fieri
587 4214 790 4286 conveniebat,
808 4223 838 4272 et
858 4213 919 4274 sine
935 4213 1050 4273 arbitris
1068 4212 1188 4272 caeteris
1202 4214 1321 4271 senten·

224 4311 295 4372 uam
315 4329 346 4369 se
370 4309 474 4372 tulisse
493 4307 557 4388 ipse
577 4307 696 4381 fatetur,
719 4307 770 4387 qui
789 4306 937 4380 convenit,
955 4315 989 4365 ut
1013 4305 1055 4366 illi
1075 4303 1133 4366 fide
1153 4304 1254 4364 habita
1274 4307 1321 4362 ius

117 4404 120 4413 '
225 4402 354 4489 perdatis
363 4404 378 4480 i⁴
