2967 4950
596 306 813 368 EPISTOLAE.
1189 306 1247 365 837

146 476 291 538 tnrtsfest,
305 466 422 527 fortuna
432 464 537 543 querit
547 460 879 543 aliquosquibusadsit.
921 461 946 521 Ii
958 481 1011 523 ros
1029 463 1099 523 esse
1117 462 1247 530 debetiaz

147 571 183 621 et
197 548 443 639 ducesperqu'os
456 558 517 639 geri
536 578 658 619 necesse
673 570 719 618 est
740 578 828 637 quarn
842 558 1134 619 benevmentissimos
1143 584 1147 592 ·
1157 558 1248 636 copiis

148 654 320 731 praeficere:
334 652 487 729 ¹qnodque
500 652 701 729 unusquisque
719 662 846 711 vestrum
869 652 965 711 facere
981 652 1090 729 poterit
1110 660 1141 711 et
1159 650 1248 719 rolet,

147 744 184 803 id
199 746 236 803 ad
250 744 382 823 seipsum
394 743 473 802 dicat
485 754 517 803 et
529 741 688 823 promittat,
703 755 865 823 caveatque
882 764 919 804 ne
931 746 1026 817 fallat,
1040 759 1136 822 neque
1159 743 1249 822 tergi·

149 838 288 897 versandi
303 838 397 915 gratia
411 836 465 895 sibi
479 838 549 907 data
563 856 637 897 ease
650 838 748 909 verba,
759 858 819 897 non
830 858 1003 918 persuasum
1017 859 1092 911 esse,
1102 837 1247 899 causetur.

150 929 302 1008 Quicquid
312 929 389 988 enim
399 947 451 987 ros
464 929 659 1006 neglexeritis,
668 929 698 987 id
712 930 762 1007 qui
771 930 910 990 resarciat
922 932 1066 1000 neminem
1079 930 1248 989 invenietis:

147 1041 252 1099 neque
263 1022 340 1082 idem
350 1020 515 1099 perieulum
530 1031 574 1080 est
583 1022 617 1091 ,in
631 1020 665 1079 iis
679 1022 776 1090 rebus,
793 1042 866 1099 quas
880 1031 942 1081 tum
956 1041 1024 1081 cum
1044 1022 1148 1081 voletis
1160 1019 1248 1101 agere

147 1114 262 1186 licebit,
284 1114 405 1173 consilia
429 1132 507 1192 sape
528 1123 649 1185 mutare,
664 1123 694 1171 et
720 1113 750 1170 in
773 1114 808 1173 iis
832 1124 948 1192 propter
969 1134 1043 1192 quas
1065 1110 1176 1173 bellum
1196 1114 1251 1174 erit

148 1207 323 1287 gerendum,
338 1206 391 1266 aed
405 1205 435 1263 in
449 1206 614 1285 hujusmodi
629 1207 714 1265 rebus
728 1208 879 1265 sententiar
896 1207 1020 1267 mutatio
1034 1226 1093 1266 non
1109 1218 1155 1266 est
1169 1208 1249 1267 aliud

148 1316 240 1377 qaam
254 1298 367 1358 consilii
381 1308 411 1357 et
424 1297 549 1357 instituti
569 1298 680 1357 clades.
723 1298 769 1357 Ne
784 1319 853 1359 vero
873 1299 932 1358 tale
949 1299 1094 1377 quippiam
1116 1299 1249 1359 commit·

148 1390 218 1461 tite,
231 1390 295 1462 sed,
310 1390 448 1469 quicquid
470 1390 564 1449 acturi
585 1391 666 1461 estis,
681 1391 712 1448 id
734 1393 882 1468 generosis
902 1404 934 1452 et
952 1392 1062 1471 paratis
1076 1391 1180 1450 animis
1194 1392 1247 1452 de·

151 1483 283 1549 cernite;
304 1493 335 1541 et
346 1483 394 1540 ubi
409 1483 500 1541 semel
514 1482 815 1566 decreveritis,jduotu
829 1496 859 1543 et
872 1484 1008 1563 auspiciis
1022 1495 1084 1543 tum
1106 1482 1250 1543 Dodonaei

150 1574 237 1633 Jeris
247 1583 315 1632 tum
328 1573 503 1651 reliquorum
517 1572 648 1644 deorum,
663 1572 712 1650 qui
730 1574 822 1631 multa
834 1574 916 1633 robis
930 1584 961 1633 et
974 1574 1113 1651 praeclara
1129 1583 1159 1631 et
1172 1575 1250 1633 bona

140 1675 280 1757 lettera
300 1664 421 1725 oracula
443 1664 641 1736 reddiderunt,
655 1664 830 1743 illorumque
852 1686 908 1745 ope
930 1667 1094 1744 implorata,
1115 1666 1250 1743 votisque

149 1776 210 1837 pro
235 1756 415 1817 victorialis
443 1758 574 1816 omnibus
606 1757 794 1835 nuncupatis,
820 1758 962 1834 adjutrice
987 1758 1104 1817 tbrtuna
1127 1756 1251 1835 propitia

148 1850 319 1911 libertatem
333 1848 448 1911 Groeuis
461 1848 614 1910 restituite.
656 1848 772 1908 Valete.

685 2317 725 2377 ll.

418 2499 499 2574 DE
540 2499 664 2574 SUO
710 2497 975 2572 REDITU.

192 2913 197 2922 ·
277 2874 584 2936 DEMOSTHENES
608 2877 793 2936 SENATUI
816 2877 1069 2947 POPULOQUE
1090 2879 1122 2937 S.

196 3055 438 3116 Exrsnfflananr
452 3075 505 3135 pro
520 3057 592 3117 meis
613 3059 643 3117 in
658 3058 881 3136 Rempublicam
895 3059 1016 3129 meritis,
1030 3076 1078 3116 me
1092 3075 1150 3114 non
1165 3055 1253 3115 modo

149 3147 301 3208 insontem
311 3169 370 3208 non
384 3149 425 3208 ita
438 3159 595 3210 tractatum
610 3150 653 3223 iri,
674 3150 728 3210 sed
747 3150 936 3210 mediocrium
950 3151 1038 3208 etiarn
1052 3158 1252 3227 peccatorum,

152 3241 283 3320 siquam
304 3243 378 3302 forte
400 3243 521 3321 culpam·
538 3243 758 3316 contraxissem,
777 3245 892 3303 reniam
909 3243 1139 3320 impetraturum.
1151 3241 1255 3298 ·Post-

153 3353 245 3412 quam
260 3353 328 3394 vero
341 3335 383 3394 ita
404 3335 521 3408 accidit,
535 3336 613 3395 dum·
626 3336 759 3396 videbam
774 3337 898 3408 arobis,
912 3336 1001 3395 nullis
1023 3333 1189 3394 criminibus
1203 3353 1254 3411 per

153 3437 289 3504 senatum
311 3437 409 3506 aperte
428 3429 633 3490 demonstratis
654 3440 685 3489 et
706 3426 848 3508 probatis,
863 3448 899 3488 ex
914 3430 1034 3489 istorum
1054 3427 1166 3487 arcanis
1182 3446 1253 3485 corr·

153 3519 225 3579 siliis
249 3520 439 3580 condemnari
461 3541 570 3593 onmes,
590 3541 649 3580 non
670 3520 764 3581 minus
777 3518 831 3581 'vos
854 3517 1002 3581 de'vestro
1012 3517 1077 3600 jure
1091 3518 1255 3579 concedere

154 3627 243 3690 quam
266 3631 312 3671 me
331 3613 459 3672 fraudari
473 3613 651 3686 existimans,
666 3614 819 3674 ferendum
838 3633 924 3693 oequo
935 3630 1004 3673 ¹esse
1021 3614 1117 3672 animo
1132 3607 1254 3690 putari:

152 3723 228 3762 nam·
237 3704 271 3764 iis
288 3705 422 3764 assentiri
433 3706 547 3786 juratos
554 3736 556 3742 ¹
558 3707 684 3786 judices,
699 3727 767 3786 quae
779 3715 902 3767 senatus·
921 3709 982 3766 sine
993 3706 1065 3765 ulla
1083 3704 1259 3782 probatione

153 3797 316 3869 affirmarit,
328 3798 366 3856 de
380 3799 548 3877 reipublicae
561 3799 629 3876 jure
640 3799 815 3859 concedere
837 3799 903 3858 suit.
945 3797 1023 3866 Quia
1035 3795 1176 3874 vero'J'am
1200 3814 1261 3875 pro¹

66 3884 73 3888 ’
152 3899 252 3949 vestra
263 3889 420 3967 prudentia
432 3911 499 3950 eum
513 3892 717 3970 principatum,
731 3911 820 3970 quem
833 3892 863 3949 in
877 3900 982 3950 senatu
1001 3891 1120 3968 quidam
1134 3890 1188 3948 sibi
1201 3909 1255 3969 pa-

153 3983 697 4055 rareconabantur,animadvertistis,
708 3994 739 4044 et
752 3983 959 4059 injudicando
972 3983 1069 4042 causis
1083 3992 1263 4061 argumenta*

121 4142 124 4146 .
153 4075 1255 4156 spectastis,isto'rumquearoanadignaessereprehensionedeprehendistis,
1279 4073 1283 4083 '

154 4166 259 4226 decere
272 4187 390 4240 censeo,
405 4169 570 4248 siquidem
587 4168 618 4228 id
644 4178 741 4228 vestra
759 4170 847 4227 etiam
865 4168 1001 4229 voluntas
1018 4170 1106 4236 leret,
1121 4187 1168 4224 me
1182 4184 1256 4243 quo-

154 4279 212 4337 que
226 4259 267 4320 ita
280 4261 394 4320 restitui
408 4263 439 4336 in
450 4261 604 4340 integrum,
620 4271 654 4320 ut
667 4261 686 4319 ii
708 4262 833 4322 restituti
849 4273 919 4321 suot
931 4262 982 4341 qui
995 4261 1026 4320 in
1039 4260 1125 4319 simili
1136 4259 1266 4317 crimine*

152 4352 284 4426 fuerunt,
299 4373 337 4414 ne
351 4354 431 4414 solus
447 4375 503 4433 ego
517 4354 624 4415 falsum
637 4358 675 4415 ob
689 4356 799 4416 crimen
817 4356 912 4434 patria
926 4355 1118 4431 fortunisque,
1137 4363 1168 4411 et
1186 4372 1255 4412 coo-

149 4443 401 4522 junctissimorum
425 4446 637 4507 consuetudine
654 4466 790 4508 caream.
833 4448 906 4507 Ju're
927 4457 1027 4506 'autem
1047 4445 1142 4517 robis,
1165 4445 1266 4503 Athe·
