2967 4950
248 312 310 372 ns
543 284 546 291 ’
645 307 948 392 ,ιι,.ιιιιιιιιιςι

250 475 283 528 et
294 463 409 544 patavis
430 463 530 544 ponus
537 465 683 536 ,camaria
695 473 794 542 msam
801 465 1011 544 conveniendi
1024 465 1350 547 adnosyoluntstsmi

249 555 557 635 urcasvsnpvidem
570 556 913 628 venen-aurantius
934 557 1024 626 ossa
1036 559 1063 620 st
1075 576 1155 620 nane
1167 559 1349 628 scamnum

207 647 214 661 ‘
231 698 234 703 ,
248 649 367 716 Philino
379 647 480 725 (audio
491 649 650 712 enimenin
659 649 807 713 abiturum
817 649 1350 731 esse),adn'osprofioiscidecrereris.

55 747 64 754 “
158 775 164 782 ·
246 741 388 806 ιιιιιιιιίι,
403 742 502 805 adhuc
516 741 634 821 :aliqua
647 742 701 804 uni
723 737 859 806 defensio
881 743 1087 822 'relinquetnn¹
1100 745 1269 824 bellumque
1280 745 1349 804 *lroe

247 845 450 916 componetur.
465 834 519 894 Sin
530 854 567 896 ne
578 854 646 895 cum
656 834 1141 913 illoquidemaxiredecrevensau
1150 836 1349 919 quideuruuhf

246 927 437 988 indescribes
446 935 475 987 te
486 936 651 1000 venturum,
668 946 724 1004 ego
732 947 801 988 vero
814 929 905 989 semel
917 929 1061 989 duntaxat
1073 930 1198 990 moleste
1206 929 1308 990 feram.
1391 929 1395 935 “

281 1181 359 1257 cum
373 1195 412 1258 ad
426 1196 575 1279 Plipscum
588 1198 782 1278 trajecisseru,
796 1217 832 1258 ac
846 1195 923 1258 diern
938 1187 1221 1280 illurn'quievissem,
1237 1197 1299 1259 non'
1311 1219 1347 1258 ex

245 1279 383 1371 ignaria,
397 1290 450 1350 sed
464 1289 546 1369 quod
564 1290 702 1371 spirandi*
718 1289 878 1352 difficultas
900 1292 1107 1372 ingravescere
1128 1277 1298 1368 videbatur,¹
1317 1291 1350 1352 nl

245 1392 337 1444 noctu
347 1383 379 1442 id
390 1383 500 1442 malum
512 1381 636 1456 remisit,
644 1394 732 1462 atque
744 1390 803 1462 'ego
816 1383 921 1444 melius
935 1385 1044 1446 habere
1058 1387 1144 1465 coepi,
1160 1385 1200 1445 ad
1209 1387 1347 1444 Amnum

154 1475 157 1479 ’
243 1476 407 1557 profectus,
426 1475 670 1555 inndosinsperi.
712 1477 765 1552 ‘Aa
790 1473 831 1534 illi
854 1475 974 1555 quidem
1002 1477 1072 1536 mihi
1093 1477 1188 1558 pulcri
1217 1495 1252 1537 ac
1278 1475 1348 1537 varii

135 1581 140 1588 “
246 1579 315 1630 sunt
328 1569 395 1630 visi.
417 1562 494 1628 Nam
513 1579 544 1628 at
557 1566 698 1646 olivetum
711 1579 768 1645 est,
782 1579 812 1629 et
828 1569 932 1628 multae
945 1567 1075 1644 arbores,
1096 1579 1127 1642 et
1139 1569 1214 1631 vites
1229 1572 1347 1640 crebrae,

244 1675 275 1725 et
292 1662 465 1742 sataplnra,
483 1672 514 1722 et
533 1663 643 1742 pascua
661 1653 779 1742 pulcra:
801 1661 981 1736 domicilium
1005 1681 1074 1723 vero
1089 1663 1214 1736 nullum,
1229 1664 1275 1724 vel
1288 1653 1348 1736 me-

244 1757 355 1828 diocte,
364 1753 417 1814 sed
427 1755 534 1814 rudera
543 1755 651 1815 omnia.
687 1751 812 1836 Excepit
825 1761 881 1814 nos
894 1751 1057 1817 Mironidee
1069 1751 1158 1816 valde
1171 1745 1347 1816 lrn‘rnanirer.

243 1849 366 1909 Fundos
373 1845 463 1926 igitur
476 1847 591 1906 duobus
604 1842 723 1907 talentis
737 1847 915 1928 comparavi.
955 1847 996 1907 Et
1005 1869 1085 1909 nnnc
1094 1848 1154 1908 tale
1168 1848 1346 1910 domicilium

241 1941 355 2013 molior,
366 1938 452 2018 quale
463 1943 559 2019 egara
568 1939 652 2010 tenui
659 1939 757 2001 moliri
766 1959 882 2020 mnam,
895 1941 1005 2020 ιιιιιιιιι
1014 1941 1063 2002 h'ic
1076 1940 1261 2008 habitaturus
1273 1959 1346 2013 sum,

210 2027 216 2034 ’
242 2057 316 2108 non,
327 2035 370 2094 ita
379 2053 428 2093 rne
438 2034 479 2114 dii
491 2043 600 2108 ament,
613 2053 702 2114 aequo
711 2034 820 2108 animo,
833 2034 951 2096 civitate
962 2053 1027 2094 mea
1034 2034 1177 2116 privatus,
1187 2033 1346 2113 prasertim

241 2128 304 2203 tali,
314 2127 416 2215 inqua
430 2124 522 2206 siqnis
536 2139 568 2209 se
581 2118 781 2205 habitaturum
794 2123 985 2202 existimaret,
996 2125 1094 2186 minus
1109 2125 1210 2206 dolere
1224 2133 1332 2206 posset.

283 2406 378 2488 Cimo,
392 2414 435 2472 ut'
445 2412 477 2471 in
490 2412 623 2492 qnalibet
641 2413 714 2471 urbe
732 2420 763 2470 et
772 2409 862 2479 'litore
876 2408 1029 2485 nobiscnm
1052 2391 1156 2491 egerit,
1170 2406 1283 2479 nullius
1298 2433 1346 2477 ne·

241 2496 439 2577 cessitu'dinis,
453 2504 562 2566 nullius
575 2503 652 2586 legis
664 2502 898 2577 habitatatione,
909 2502 1026 2571 eumad
1042 2501 1269 2583 llinmpe'rveni,
1282 2526 1345 2587 spe·

159 2663 167 2677 ,
239 2598 358 2673 ctandae
370 2610 400 2660 et
414 2608 499 2659 terrra
509 2608 540 2658 et
556 2598 647 2659 maris
661 2616 764 2670 causa,
778 2615 904 2677 quaque
924 2594 964 2656 ibi
977 2594 1110 2673 viderim,
1124 2596 1263 2675 quoniam
1276 2594 1345 2656 ube·

240 2714 302 2758 rem
321 2692 510 2778 suppeditare
531 2690 684 2759 materiam
697 2688 846 2774 videntur,
859 2688 1001 2773 scribere
995 2687 1347 2778 supersedebo-vereor

239 2785 320 2848 enim
327 2783 496 2867 nepoeticis
511 2769 819 2862 nugisinstitnendis
812 2781 935 2885 ineptire
946 2780 1098 2852 videar—,
1102 2766 1244 2857 Cimonis
1248 2794 1344 2859 autem

240 2876 374 2947 facinora
385 2887 417 2938 et
435 2873 663 2951 immodestiam,
684 2893 745 2937 nou
758 2872 873 2935 mihi
849 2893 875 2933 ιι
894 2882 1014 2945 centum
1028 2872 1088 2933 sint
1105 2872 1229 2954 linguae,
1251 2875 1344 2937 dicere

238 2967 362 3056 possim
382 2970 462 3040 Nam
476 2988 544 3032 cum
560 2968 669 3040 multos
684 2967 730 3038 Ilii
750 2966 813 3038 dies
836 2984 1029 3047 versaremur,
1042 2976 1073 3027 et
1087 2968 1264 3047 spectaculo
1278 2968 1344 3028 Per-

240 3084 394 3147 gamorum
412 3082 474 3124 non
484 3057 680 3133 satiaremur,
695 3058 852 3140 mihique
845 3058 992 3129 inanimo
1014 3070 1095 3131 esset
1106 3080 1239 3135 manere,
1254 3058 1344 3147 donec

240 3157 343 3217 omnes
358 3154 459 3215 iliadis
474 3154 576 3230 versus
588 3153 627 3214 ad
641 3174 678 3213 ea
691 3152 893 3227 contulissem,
908 3151 1066 3233 dequibus
1086 3151 1128 3225 illi
1142 3152 1214 3225 iacti
1229 3164 1344 3215 essent:

238 3248 342 3311 incidit
355 3248 431 3324 dies,
444 3266 503 3329 qua
513 3248 646 3330 plerique
654 3246 857 3327 periclitantur
866 3234 1006 3327 conjugia
1015 3244 1153 3320 filiarum,
1166 3266 1245 3325 quas
1255 3248 1304 3309 lex
1316 3260 1344 3309 st

148 3336 157 3341 ’
238 3353 310 3406 aetas
319 3343 429 3402 nubere
443 3340 523 3401 sinit.
549 3337 683 3400 Fuerunt
692 3348 792 3402 autem
792 3339 967 3421 complures
978 3348 1124 3421 nuptnrae
1138 3336 1187 3398 Ει
1200 3359 1291 3401 mons
1301 3351 1344 3401 est

237 3433 268 3493 in
281 3415 421 3528 Trojana
426 3442 515 3507 terra,
527 3441 672 3513 nupturas
690 3431 816 3513 virgines
819 3430 874 3493 ad
889 3430 1134 3503 Scamandrum
1126 3430 1178 3509 ιιι,
1191 3452 1235 3493 ex
1253 3454 1342 3519 eoque

236 3513 334 3606 lotas,
339 3527 430 3589 verba
442 3524 509 3583 hac
520 3534 672 3605 tanquam
677 3542 793 3583 saonam
803 3519 957 3608 quiddam
969 3524 1110 3597 recitare:
1133 3542 1224 3587 carn
1245 3545 1341 3587 uranu

175 3682 178 3690 ,
233 3615 454 3680 ·8ιιιιιιιίιιίιιι
477 3613 748 3688 ιιιςιιιιιιιιιιιι.
784 3598 864 3679 inter
887 3616 960 3676 alias
968 3614 1081 3695 igitur
1098 3616 1181 3701 virgo
1210 3622 1343 3700 quaednm

204 3714 209 3717 ⁴
236 3712 356 3772 nomine
367 3706 550 3786 Callirrhoe,
564 3726 698 3791 procera,
710 3719 741 3771 et
750 3704 861 3771 illustri
873 3718 958 3789 patre
970 3719 1053 3779 nata,
1066 3706 1112 3787 ad
1123 3710 1247 3775 fluvium
1268 3714 1343 3773 venit

164 3819 168 3826 “
235 3806 357 3879 lavandi
369 3804 474 3887 gratia.
493 3802 562 3874 Νοι
576 3823 637 3869 una
649 3823 718 3872 cum
731 3797 875 3897 cognatis
888 3810 1096 3883 nupturarum,
1109 3815 1148 3869 et
1160 3807 1269 3875 ceteris
1287 3818 1343 3871 tur·

235 3901 295 4008 bis,
308 3900 424 3964 eminus
435 3896 557 3972 festum,
573 3907 605 3962 et
622 3897 750 3966 lavacra
760 3898 917 3975 virginum,
931 3906 1078 3991 quatenns
1092 3896 1136 3959 ias
1150 3898 1236 3961 nobis
1250 3910 1343 3967 exter·

236 3995 285 4060 nis
308 4003 382 4067 erat,
403 3994 640 4099 spectmunvs.
661 3992 702 4058 At
714 3994 814 4062 bonus
830 3990 889 4056 iste
904 3982 991 4061 Cimo
1008 4010 1039 4051 se
1058 3990 1222 4081 occulitur
1240 3986 1342 4057 frutice

238 4080 424 4161 Scamandri,
435 4095 525 4166 atque
534 4084 725 4157 arundinibus
736 4093 876 4149 coronat
898 4080 1077 4145 instruxerat
1091 4075 1189 4148 autam
1210 4085 1344 4147 nimirem

238 4174 276 4235 de
300 4174 349 4235 die
367 4186 548 4257 stratagema
576 4172 660 4249 illud,
673 4187 764 4257 atque
785 4164 908 4239 insidias
929 4186 1035 4237 contra
1048 4174 1231 4239 Callirhoen.
1267 4166 1342 4239 Cum

239 4275 337 4326 antem
359 4270 516 4344 lavaretur,
529 4280 560 4330 et
577 4269 616 4330 de
638 4290 718 4331 more
733 4271 826 4358 verba
840 4269 892 4331 illa
905 4268 1123 4350 pronunciaret,
1143 4280 1178 4329 ut
1196 4271 1341 4351 posterius

237 4361 377 4435 cognovi,
400 4382 484 4423 carn
506 4348 606 4423 ιιιιιιι
629 4346 1341 4452 Scaunnnnnv1narv1rnrnsr,prosiliense

236 4447 391 4517 ίῐῑιιὶοἰιιιιι
404 4450 586 4517 manua
602 4446 699 4527 (iimo,
717 4454 865 4567 libenter,
872 4454 978 4535 imisit,
991 4453 1115 4535 moipio,
1126 4462 1158 4516 at
1171 4474 1261 4521 sumo
1274 4446 1340 4519 Gal·
