2967 4950
247 312 307 369 794
598 309 762 372 ORATIO
782 311 999 376 FUNEBlllS.

239 465 331 536 lilios,
347 485 420 544 quas
447 466 659 546 Hyacintbidas
680 476 798 538 vocant,
814 467 969 528 manifesto
985 459 1076 528 exitio
1094 465 1238 546 perituras
1258 468 1341 528 obtu-

239 554 325 618 :lissa
366 559 462 637 Turpe
474 559 563 638 igitur
574 559 730 632 ducebant,
741 580 809 621 cum
822 560 847 619 is
861 580 880 620 a
892 560 948 619 diis
962 558 1173 620 immortalibus
1182 569 1347 639 prognatus¹

246 649 285 708 ad
299 651 478 714 liberandam
502 652 624 730 patriam
645 651 764 712 fecisset
782 651 889 722 omnia,
905 671 938 712 se
959 653 1140 712 committere
1163 661 1198 713 ut
1218 651 1343 712 mortale

245 763 352 824 corpus
363 744 453 823 pluris
468 745 598 806 facerent
611 763 699 824 quam
713 744 836 822 gloriam
854 745 1055 806 immortalem.
1083 745 1209 824 Algida,
1218 745 1270 824 qui
1281 764 1344 806 non

242 837 412 916 ignorarent
424 837 570 897 Theseum
585 836 674 918 AEgei
687 837 778 897 filium
791 856 845 919 par
858 856 1032 917 aequumque
1049 837 1100 917 jus
1119 837 1150 898 iu
1164 837 1346 910 ciuitatein·

246 929 386 1002 a'tituisse,
396 929 702 990 non‘committendunr
716 931 860 1010 putabant
874 929 984 1008 atejus
998 928 1162 989 institutum
1175 928 1345 1008 proderent,

238 1023 285 1084 'etv
298 1022 371 1082 mori
391 1023 594 1101 praeoptabant
609 1022 708 1102 potius
726 1041 815 1101 quam
836 1021 987 1081 admittere
1001 1031 1034 1080 ut
1047 1039 1189 1101 oppressa
1207 1019 1345 1081 libertate

247 1135 301 1176 sua
312 1117 390 1197 apud
405 1117 527 1178 Graecos
545 1117 700 1199 opprobrio
715 1117 770 1177 sibi
784 1127 861 1176 esset
878 1114 996 1176 vivendi
1008 1115 1164 1194 cupiditas.
1205 1113 1345 1193 Accepe-

245 1221 311 1269 rant
321 1209 515 1286 Pandionidae
529 1230 616 1289 quam
632 1209 736 1271 acriter
749 1208 867 1286 Progne
885 1219 916 1268 et
934 1207 1097 1268 Philomela
1117 1206 1228 1266 illatam
1241 1206 1296 1264 sibi
1323 1226 1347 1268 a

246 1301 340 1362 Tereo
353 1301 558 1362 contumeliam
571 1301 642 1360 ultoe
661 1309 770 1361 essent.
811 1298 910 1361 Vitam
932 1297 1020 1378 igitur
1040 1297 1095 1359 sibi
1116 1293 1250 1358 acerbam
1273 1317 1346 1359 esse

245 1395 398 1473 putebant,
415 1393 471 1452 uisi
484 1394 545 1472 pari
560 1413 628 1452 cum
647 1392 705 1452 illis
719 1391 878 1463 iracundia,
892 1401 927 1451 ut
937 1399 1080 1470 cognatos
1094 1408 1193 1450 earum
1203 1390 1346 1464 decebat,

245 1486 275 1544 in
296 1503 348 1546 eos
369 1485 419 1564 qui
433 1485 558 1544 Groeciae
581 1483 761 1554 insultabant
779 1482 965 1544 exarsissent.
1005 1481 1166 1542 Audierant
1190 1481 1345 1543 leontidoe

246 1577 395 1636 L'eocoras
415 1577 503 1640 etiarn
524 1597 543 1636 a
562 1577 657 1656 poetis
677 1576 827 1647 celebrari,
841 1576 921 1654 quod
938 1595 971 1635 se
988 1575 1135 1639 victimam
1155 1575 1263 1636 civibus
1283 1597 1346 1656 pro

247 1669 341 1748 patria
354 1670 539 1732 obtulissent.
569 1671 645 1730 Cum
659 1669 747 1749 igitur
759 1688 858 1729 aarum
872 1668 1026 1737 mulierum
1040 1677 1122 1728 tanta
1134 1668 1236 1728 suisset
1248 1669 1346 1731 ammi

245 1761 427 1840 magnitudo,
439 1763 523 1824 nefas
543 1781 608 1824 esse
626 1763 772 1842 putabant
791 1760 962 1839 requiriri
981 1771 1091 1834 essent,
1104 1761 1160 1820 illis
1181 1762 1345 1826 deteriores

247 1855 347 1915 videri.
389 1855 586 1916 Meminerant
601 1854 807 1916 Acamantida
823 1853 1045 1915 Homericorum
1066 1873 1210 1928 versuum,
1230 1854 1344 1931 quibam

244 1949 332 2028 poeta
345 1949 463 2029 propter
484 1957 604 2010 matrem
626 1948 757 2008 AEthram
779 1951 968 2008 Acamantem
991 1947 1030 2008 ad
1051 1947 1167 2022 Trojam
1186 1965 1251 2006 esse
1268 1966 1345 2026 pro-

245 2043 356 2104 iectum
370 2041 502 2104 affirmat.
544 2043 574 2102 la
597 2043 685 2122 igitur
704 2041 815 2102 nulium
835 2039 994 2121 periculum
1015 2039 1199 2100 detrectabat
1217 2048 1253 2100 ut
1270 2050 1346 2101 tue·

243 2145 323 2196 retur
337 2147 457 2194 matrem
473 2137 574 2194 suam:
596 2135 626 2194 bi
648 2153 726 2205 vero,
742 2154 809 2194 cum
833 2153 893 2192 uon
910 2132 1000 2192 modo
1014 2141 1149 2212 parentes
1164 2131 1215 2191 sed
1235 2151 1345 2196 omnes

243 2224 331 2288 etiam
355 2226 509 2287 necessarii
534 2237 565 2286 et
586 2225 672 2286 amici
696 2236 795 2289 essent
815 2223 1002 2297 defendendi,
1025 2224 1156 2284 ullumne
1179 2224 1346 2288 detrectare

245 2319 401 2380 discrimen
412 2318 595 2399 potuissent?
617 2319 685 2378 Non
705 2318 816 2378 latebat
837 2317 971 2390 (liuidae,
986 2316 1100 2377 Cadmo
1113 2327 1213 2379 natam
1236 2316 1345 2380 Seme-

245 2413 315 2486 lem,
334 2412 423 2493 hujus
435 2432 504 2475 vero
517 2433 584 2474 eum
605 2431 671 2474 esse
686 2411 778 2471 tilium
791 2431 878 2491 quem
897 2411 928 2470 in
941 2411 998 2471 hoc
1012 2411 1155 2470 nominari
1168 2411 1268 2471 funere
1286 2412 1346 2474 de-

242 2506 338 2579 decet,
353 2526 448 2586 eoque
460 2516 636 2587 prognatum
649 2507 790 2579 OEneum,
805 2505 853 2585 qui
872 2504 1005 2584 princeps
1026 2503 1155 2583 ipsorum
1172 2513 1348 2567 vocaretur.¹

246 2600 285 2658 Et
297 2600 367 2678 quia
386 2602 500 2680 utrique
520 2601 584 2661 urbi
606 2602 761 2661 commune
779 2598 939 2678 periculum
962 2599 1125 2677 ingruebat,
1140 2618 1193 2678 pro
1213 2608 1343 2679 aruaque

241 2692 282 2751 ed
301 2692 462 2751 extremum
486 2712 580 2770 usque
602 2692 730 2771 spiritum
753 2690 981 2769 depugnandum
999 2690 1211 2751 existimabant
1255 2691 1343 2753 Scie-

240 2786 316 2845 bant
337 2785 509 2865 Cecropidae
527 2785 686 2864 principem
701 2804 796 2856 suum,
819 2780 924 2862 partim
946 2782 1111 2855 draconem,
1124 2782 1229 2863 partim
1241 2782 1342 2844 homi-

242 2898 321 2951 nem,
334 2897 399 2938 esse
413 2877 481 2951 dici,¹
494 2897 553 2937 non
571 2876 687 2937 aliunde
701 2886 790 2947 certe,
809 2875 866 2935 nisi
884 2876 965 2957 quod
977 2876 1134 2954 prudentia
1151 2877 1273 2950 homini,
1289 2897 1342 2937 ro-

244 2970 313 3030 bore
336 2970 456 3031 draconi
479 2970 667 3030 conferretur.
718 2968 890 3047 lllis'igitur
912 2970 998 3027 rebus
1013 2968 1105 3047 digna
1128 2969 1262 3031 facinora
1283 2971 1342 3031 sibi

240 3062 359 3124 edenda
383 3082 449 3123 esse
473 3062 689 3123 existimabant.
731 3061 928 3120 Meminerant
951 3060 1214 3140 Hippothoontidee
1238 3065 1340 3143 nupti·

244 3177 325 3218 arum
339 3158 459 3238 Alopes,
474 3158 606 3237 equibus
614 3165 696 3217 ortua
710 3164 757 3215 est
769 3153 970 3233 Hippothoon,
983 3174 1069 3232 quem
1082 3174 1169 3213 suum
1183 3173 1249 3215 ease
1258 3156 1341 3235 prin·

239 3248 333 3327 cipem
355 3259 477 3310 norant:
498 3249 621 3327 quarum
643 3266 698 3325 ego
722 3266 829 3318 rerum,
853 3254 887 3303 ut
910 3245 1048 3306 decorum
1073 3246 1161 3326 hujus
1197 3249 1339 3328 temporis

242 3338 404 3414 *observem
420 3341 586 3401 accuratam
607 3338 830 3419 explicationem
853 3348 1005 3417 praetereo.
1046 3336 1175 3399 Proinde
1187 3338 1339 3418 dignahis

234 3424 375 3509 '‘gerenda
387 3432 442 3491 sibi
455 3452 519 3491 esse
531 3433 684 3510 putabant.
728 3430 796 3491 Non
810 3429 921 3491 latebat
941 3430 1090 3509 Ajacidae‚
1102 3432 1223 3505 Ajacem
1235 3441 1339 3512 erepto

243 3522 430 3603 praemio'sibi
442 3543 501 3581 non
522 3542 584 3583 esse
597 3523 751 3583 vivendum
762 3535 891 3601 putasse.
931 3522 1007 3581 Cum
1019 3523 1106 3600 igitur
1118 3523 1205 3599 alteri
1217 3524 1340 3587 fortuna

240 3616 431 3695 principatum
446 3616 625 3695 gloriamque
644 3616 782 3687 deferret,
796 3625 857 3675 tum
876 3612 1052 3675 ulciscendis
1065 3613 1197 3676 hostibus
1211 3619 1340 3678 morien·

243 3706 380 3767 dum'sibi
391 3710 558 3780 censebant,
570 3719 604 3767 ut
618 3728 654 3768 ne
669 3708 739 3786 quid
753 3728 785 3767 se
799 3708 951 3787 indignum
965 3708 1161 3770 admitterent.
1204 3711 1275 3771 Non
1285 3732 1339 3771 ex·

241 3798 352 3860 diderat
365 3801 547 3862 Antiochidia
562 3801 742 3861 Antiochum
761 3801 896 3861 Herculis
918 3800 1008 3861 fuisse
1026 3800 1129 3859 filium.
1170 3802 1340 3863 Vivendura

239 3891 328 3971 igitur
338 3894 392 3953 sibi
405 3904 456 3970 aut
469 3913 520 3973 pro
535 3893 676 3973 dignitate
690 3892 879 3971 s'majoribus
889 3905 1021 3973 acceptae
1035 3892 1137 3972 gloriae
1149 3904 1203 3953 aut
1212 3894 1341 3957 honesta

239 3980 334 4045 mo‘rte
347 3985 579 4045 occumbendum
594 3994 779 4064 putaverunt.
1046 4047 1050 4054 ,

140 4110 143 4122 -
253 4102 255 4109 ·
279 4080 310 4138 9.
332 4078 442 4137 Horum
457 4078 546 4156 igitur
565 4077 719 4139 domestici
739 4078 921 4158 superstites,
935 4077 1042 4138 talibus
1062 4078 1156 4139 orbati
1169 4079 1249 4153 viris,
1264 4091 1341 4142 aunt

238 4170 431 4243 miserabiles,
456 4171 703 4232 aconauetudine
730 4182 760 4231 et
780 4172 919 4232 diuturna
941 4179 973 4231 et
992 4173 1074 4230 suari
1097 4171 1223 4241 divuiai;
1245 4184 1343 4235 estet

238 4262 697 4343 patriae'conditiola'crymarum
711 4274 742 4325 et
755 4264 852 4325 luctus
865 4264 961 4343 plena.
995 4263 1097 4322 Atilii
1115 4264 1182 4343 jure
1196 4266 1226 4325 in
1238 4266 1343 4327 beatis

239 4352 366 4416 habendi
384 4366 463 4427 sunt,
481 4355 605 4435 primum
627 4357 677 4435 qui
690 4357 826 4437 exiguum
850 4366 964 4437 tempus
982 4356 1072 4437 longa
1089 4367 1131 4433 et,
1142 4358 1288 4420 duratura
1305 4360 1343 4419 in

238 4461 324 4507 carne
336 4464 430 4509 arum
445 4448 535 4529 gloria
554 4450 769 4523 commutarint,
784 4450 813 4509 in
834 4469 893 4529 qua
913 4448 1040 4531 ipsorum
1062 4458 1092 4511 et
1104 4450 1190 4529 liberi
1203 4452 1345 4514 celebres
