2967 4950
203 282 306 389 ¹ses
364 281 366 284 ’
537 277 539 284 “
611 324 694 389 aso
716 308 979 417 rrmnutoua.

244 480 333 539 modo
347 487 364 537 'e
377 485 553 539 testamento
566 479 704 551 cernitar,
716 478 922 549 Athenienses,
933 477 985 537 sed
996 487 1026 537 et
1039 486 1072 536 tu
1085 477 1149 555 ipse
1162 470 1346 540 suistitestis.

246 574 324 631 Cum
337 572 415 631 enim
434 583 580 633 maternas
594 573 751 632 facultates
771 572 802 631 in
820 582 919 652 partes
936 572 1026 632 dividi
1044 571 1148 646 velles,
1163 582 1194 632 et
1206 571 1347 633 Phormio

245 685 282 726 ex
304 663 522 726 uxore'liberos
542 666 729 745 suscepisset,
746 676 809 723 tum
829 664 968 724 fatebaris
987 685 1050 723 eam
1072 684 1090 723 a
1111 674 1196 743 patre
1216 665 1346 745 legitime

245 757 383 819 traditam
396 767 428 818 et
437 768 533 817 sattim
546 777 612 819 csse
632 756 858 816 matrimonium.
893 756 979 815 ¹Nam
1002 758 1026 815 si
1046 772 1112 815 eam
1130 756 1178 815 hic
1196 772 1249 834 per
1270 756 1346 835 injuss

171 891 174 902 ·
245 850 444 930 riamrsptsm
463 850 624 922 habuisset,
640 849 739 909 datam
754 865 772 909 a
788 848 915 919 nemine,
931 848 1016 907 liberi
1035 848 1167 909 haeredes
1192 864 1251 907 non
1273 847 1347 908 this-

150 958 152 964 ·
244 951 330 1003 sent:
352 942 392 1001 ad
406 962 457 1002 eos
471 951 569 1002 autem
588 940 638 1020 qui
660 940 793 1000 heredes
811 960 872 1000 non
884 951 987 1000 essent
1004 940 1101 1019 portio
1113 940 1196 999 nulla
1208 940 1251 998 rei
1263 940 1347 999 fami-

245 1034 324 1094 liaris
337 1035 505 1113 perfineret.
547 1036 587 1093 Et
599 1034 664 1092 haec
677 1052 746 1098 vera
759 1052 778 1091 a
792 1052 837 1092 me
851 1032 909 1093 dici
929 1023 1031 1111 liquet,
1050 1050 1118 1093 cum
1132 1032 1171 1091 sit
1185 1042 1348 1105 ostensum,

245 1129 284 1187 sb
303 1146 340 1187 eo
358 1136 464 1204 quarta
483 1138 567 1206 parte
578 1137 710 1204 accepta
727 1125 808 1185 omni
822 1124 944 1184 crimine
960 1124 1166 1184 Phormionem
1187 1140 1253 1185 esse
1272 1124 1347 1184 libe·

244 1230 351 1292 ratum.

250 1366 253 1372 ,
288 1314 336 1372 12.
358 1312 438 1382 Quia
450 1330 529 1383 sero,
540 1309 745 1379 Athenienses,
761 1309 872 1369 nullam
891 1326 1010 1388 prorsus
1023 1306 1204 1388 prohabilem
1218 1308 1349 1369 defensi-
1376 1288 1380 1305 x

245 1397 332 1465 onam
353 1406 491 1475 habebat,
503 1400 772 1481 impudentissimas
794 1400 898 1463 afferre
908 1418 1018 1461 causas
1037 1401 1114 1479 apud
1135 1401 1275 1460 arbitrum
1293 1422 1349 1461 au-

247 1498 348 1571 debat,
366 1516 440 1577 quas
457 1513 509 1556 ros
529 1494 676 1554 audivisse
688 1494 719 1553 in
733 1492 836 1574 primis
847 1512 946 1573 operae
958 1494 1084 1573 pretium
1098 1492 1196 1552 suerit.
1240 1494 1350 1567 Unam,

247 1592 366 1651 omnino
391 1610 450 1649 non
471 1589 583 1648 factum
597 1606 665 1647 esse
679 1595 902 1658 testamentum,
917 1585 969 1645 sed
990 1585 1022 1645 id
1038 1595 1133 1646 totum
1153 1586 1254 1645 adhuo'
1265 1585 1347 1645 -nihil

248 1682 328 1741 aliud
351 1700 416 1742 esse
434 1698 523 1759 quam
536 1681 710 1759 figmentum
724 1689 755 1739 et
774 1688 991 1756 commentum:
1012 1678 1146 1751 alteram,
1158 1694 1195 1738 ea
1207 1698 1239 1740 se
1254 1678 1350 1765 gratia

77 1778 80 1785 ’
161 1769 163 1772 ’
248 1775 387 1853 superiori
407 1780 541 1851 tompore
561 1772 747 1833 concessisse
765 1772 864 1831 omnia
882 1790 979 1849 noque
998 1773 1029 1830 in
1047 1773 1096 1849 jus
1110 1790 1245 1842 vocasse,
1257 1771 1349 1849 .quod

248 1866 387 1926 Phormio
410 1884 551 1943 magnum
575 1865 705 1944 pendere
724 1858 853 1943 rectigal
874 1863 999 1923 voluerit
1020 1864 1110 1943 idque
1134 1878 1165 1923 se
1188 1880 1350 1943 pensurum

247 1958 395 2037 pollicitus
408 1959 505 2030 suerit,
519 1958 602 2037 quod
614 1967 773 2037 postquam
787 1974 847 2015 non
861 1956 941 2029 facit,
955 1973 1033 2016 nunc
1046 1941 1165 2015 demum
1173 1962 1224 2033 jus
1238 1974 1349 2032 meum,

247 2050 353 2129 inquit,
366 2067 536 2129 persequor.
913 2091 916 2098 -
978 2106 980 2110 .
1021 2052 1024 2057 ’

291 2144 339 2201 13.
354 2142 415 2201 Sed
430 2160 498 2201 eum
510 2142 575 2200 haec
588 2150 722 2219 utraque,
733 2142 761 2200 si
774 2142 863 2213 diost,
874 2136 952 2223 falso
966 2140 1125 2213 dictinum,
1138 2152 1170 2201 et
1185 2142 1246 2201 suis
1255 2142 1349 2220 ipsius
1391 2201 1395 2207 ,

246 2234 334 2293 sactis
356 2234 513 2304 contraria,
526 2233 596 2293 hinc
616 2233 770 2292 aetimate.
812 2233 844 2291 Si
863 2240 1069 2291 testamentum
1087 2233 1291 2312 ‘negsbr‘t,qua
1302 2250 1350 2293 rai

247 2324 327 2384 tione
347 2324 541 2402 praerogativa
563 2324 660 2382 aetatis
678 2324 762 2381 oedas
777 2342 813 2383 ex
827 2332 1003 2383 testamento
1026 2334 1165 2404 acceptas
1187 2336 1296 2396 teneat,
1319 2326 1349 2386 id

249 2435 315 2475 eum
339 2422 484 2494 rogatote.
536 2412 600 2472 Nec
613 2413 700 2487 enim
719 2414 793 2474 illud
814 2415 906 2486 dicet,
928 2434 966 2476 ea
991 2418 1160 2487 testamenti
1185 2436 1258 2486 esse,
1275 2426 1350 2494 rats,

249 2509 356 2588 quibus
370 2516 491 2568 auctore
502 2517 586 2585 patre
602 2507 705 2568 melior
724 2527 779 2568 sua
798 2509 838 2568 sit
850 2508 999 2579 conditior
1020 2521 1126 2570 catera
1140 2511 1229 2572 irrita.
1272 2513 1349 2571 Cum

248 2623 318 2662 vero
331 2603 421 2682 hujus
440 2621 474 2660 se
490 2601 751 2680 pollicitationibus
774 2602 930 2682 deceptum
949 2619 1015 2662 esse
1037 2604 1127 2675 diost,
1147 2601 1348 2677 memineritis,

249 2714 305 2754 noa
317 2694 400 2754 vobis
413 2693 588 2772 produxisse
606 2703 697 2754 testes
714 2713 775 2766 eos,
790 2695 849 2773 qui,
861 2713 950 2774 quum
968 2695 1038 2756 huic
1051 2697 1164 2772 jamdiu
1184 2697 1260 2756 nihil
1281 2711 1351 2758 oum
1409 2757 1421 2784 ⁴

248 2789 306 2848 isto
318 2789 361 2848 rei
373 2795 454 2849 asset
467 2787 602 2866 amplius,
617 2789 655 2847 ab
669 2788 732 2846 istis
747 2798 778 2848 et
789 2805 919 2848 mensam
930 2797 961 2848 et
973 2788 1120 2848 officinam
1132 2790 1350 2850 conduxerunt.

249 2880 341 2961 Atqui
354 2891 427 2950 mm,
438 2900 506 2940 cum
519 2875 775 2952 ess-illislocsuit,
791 2881 846 2940 ista
858 2899 876 2941 e
888 2881 1015 2960 vestigio
1028 2875 1108 2941 dicta
1120 2897 1188 2944 esse
1201 2885 1350 2962 oportuitr

248 2982 369 3050 psopter
386 2991 464 3051 quse,
477 2990 509 3030 re
531 2981 596 3030 tum
619 2970 873 3050 transactamus
890 2974 918 3032 ei
939 2971 1020 3032 litam
1037 2983 1146 3037 moret.
1186 2975 1350 3034 Acarna
1434 3010 1437 3016 ,

249 3064 315 3124 hssc
327 3080 396 3125 vere
408 3064 508 3124 dicere
522 3074 647 3135 constet,
663 3073 774 3123 etcum
788 3066 984 3144 praerogativa
996 3067 1092 3125 etatis
1106 3067 1190 3126 uades
1201 3083 1240 3126 ex
1258 3077 1350 3126 testa

248 3167 350 3218 mento
361 3157 526 3238 accepisse,
539 3168 571 3216 et
583 3158 663 3219 hunc
683 3158 759 3220 adeo
781 3173 841 3218 aon
856 3159 977 3218 duxisse
990 3160 1202 3233 accusandum,
1216 3169 1250 3220 ut
1261 3161 1350 3221 etism

246 3251 384 3324 laudarit,
395 3269 469 3330 cape
485 3250 699 3310 testimoninm.
780 3296 782 3299 .

637 3415 952 3507 rasuruouruu.

107 3573 110 3581 ·
205 3516 210 3524 ¹
256 3570 260 3578 ·
296 3535 343 3592 14.
352 3533 395 3592 Ut
404 3542 503 3592 autem
518 3531 629 3605 sciatis,
639 3533 845 3607 Athenienses,
854 3543 966 3612 quauta
975 3536 1100 3614 pecunia
1111 3545 1140 3595 et
1155 3533 1352 3598 exlooationl

251 3629 307 3687 bas
318 3633 349 3686 at
360 3645 398 3685 ex
412 3642 471 3684 aare
484 3625 581 3685 alieno
594 3625 725 3699 redacta,
737 3627 866 3706 inopiam
876 3622 968 3689 ¹suum
982 3638 1012 3688 et
1026 3629 1115 3688 totius
1130 3630 1296 3708 patrimonii
1305 3631 1352 3710 ja·

251 3728 365 3779 ctorem
377 3717 565 3789 lamentetur,
579 3718 746 3778 auscultate
760 3719 872 3798 paucis.
893 3720 953 3779 Iste
965 3720 1031 3778 aeris
1046 3720 1131 3779 alieni
1142 3717 1230 3780 simul·
1240 3723 1353 3782 talenta

251 3809 354 3888 viginti
368 3810 483 3888 redegit
494 3827 531 3869 er
545 3810 652 3870 tabulis
667 3809 741 3890 qtias
761 3820 844 3890 pater
863 3811 925 3890 ejus
947 3811 1071 3890 reliquit,
1093 3827 1215 3890 quoram
1229 3811 1351 3874 dimidio

251 3901 318 3980 plus
342 3899 442 3970 habet,
462 3903 562 3962 multis
583 3903 661 3963 enim
676 3903 809 3982 partibus
830 3903 948 3964 fratrem
969 3904 1104 3964 fraudat:
1126 3905 1352 3969 elocutionibus

74 3983 78 3996 '
144 4063 147 4069 ¹
252 4003 361 4066 autem,
375 4003 443 4053 octo
464 4011 605 4054 annornm
618 3997 727 4072 quibus
743 3995 882 4055 Phormio
897 4011 1034 4078 mensam
1055 3989 1374 4078 habuit-octogenos.

252 4085 357 4158 minas,
378 4087 530 4145 semissem
550 4087 640 4145 tonus
660 4087 826 4156 locationis,
849 4097 880 4147 et
904 4087 968 4148 haec
987 4097 1057 4148 sunt
1075 4089 1178 4149 decem
1198 4083 1353 4152 talentaet

251 4177 446 4256 quadraginta
455 4178 551 4252 minae,
564 4178 736 4239 decennium
750 4193 821 4240 sero
830 4190 898 4258 post
908 4197 967 4258 quo
982 4181 1108 4254 Xenoni,
1119 4183 1277 4260 Euphrsen,
1292 4185 1352 4243 Eu·

251 4264 356 4349 phroni
369 4280 401 4330 et
417 4271 589 4331 Callistrato
600 4272 719 4345 locavit,
736 4273 892 4351 quotannis
910 4272 1072 4334 talentum:
1089 4275 1152 4354 jam
1168 4277 1351 4354 praeterhac

251 4380 268 4420 e
288 4362 422 4422 domibus
445 4362 528 4426 initio
551 4363 699 4423 distributi
720 4365 897 4442 patrimonii,-
911 4366 991 4443 quod
1005 4366 1072 4446 ipse
1090 4369 1220 4440 curabat,
1234 4365 1350 4429 reditus

252 4453 376 4541 simplius
397 4455 522 4541 tricenas
545 4456 645 4517 minas.
688 4455 778 4526 Quod
799 4457 824 4518 si
841 4457 872 4516 in
894 4475 1037 4518 summam
1052 4458 1224 4537 redegeritis
1241 4459 1350 4533 omnia,
