2967 4950
220 336 280 396 630
515 333 737 397 ADVERSUS
759 324 1033 396 Laocflnuurt.

562 610 565 615 Ι
625 525 922 588 courusmrro.

142 696 146 709 ⁴
224 672 415 733 Contestatus
438 671 526 752 igitur
543 673 598 733 iste
618 680 675 743 est,
688 672 731 761 ita
752 689 824 731 sane
842 668 918 729 sicut
936 668 1101 740 audivistis,
1120 667 1150 727 in
1163 665 1324 729 Archiadoe

222 756 557 843 haereditatem'agissnon
570 783 669 843 posse,
680 784 748 824 cum
762 763 789 822 ei
799 763 858 841 sint
870 763 1017 823 naturales
1030 762 1114 823 liberi
1126 762 1210 823 firma
1220 776 1326 825 aucto·

220 856 306 917 ritate
320 876 357 917 ex
370 857 516 917 instituto,
554 858 726 925 Quaeramus
734 855 832 935 igitur,
842 854 947 915 sintne
961 856 987 915 ei
997 855 1090 927 liberi,
1104 875 1142 915 an
1150 855 1203 915 iste
1212 856 1323 915 falsum

222 958 404 1009 contestatus
419 948 467 1009 sit.
492 948 654 1008 Archiades
668 947 728 1020 ille,
742 947 828 1026 cujus
840 947 1063 1020 esthaereditas,
1072 947 1225 1027 adoptarit
1235 949 1324 1008 istius

221 1042 272 1121 qui
285 1060 364 1103 nunc
374 1050 556 1103 contestatus
571 1051 616 1101 est
629 1061 736 1101 arum:
757 1040 782 1100 is
795 1060 875 1112 vero,
895 1040 1026 1118 legitimo
1039 1040 1099 1100 filio
1116 1040 1220 1101 relicto
1239 1050 1324 1120 patre

219 1136 303 1197 istius
316 1134 482 1206 Leostrato,
498 1134 536 1193 ad
551 1134 716 1194 Eleusinios
729 1132 833 1193 rediit:
853 1133 999 1213 posthaec
1013 1133 1076 1213 ipse
1090 1133 1260 1193 leostratus
1274 1133 1324 1192 iti·

222 1227 301 1300 dem,
313 1226 414 1287 relicto
429 1226 500 1299 filio,
516 1228 546 1285 in
568 1237 720 1307 paternam
739 1226 878 1286 familiam
897 1226 1004 1287 rediit:
1024 1227 1073 1287 ille
1086 1247 1155 1288 uero
1169 1229 1207 1288 ab
1214 1242 1257 1289 'eo
1269 1248 1325 1307 po·

205 1345 208 1349 ’
222 1328 348 1381 suemus
362 1318 482 1379 relictus
493 1320 621 1380 omniurn
637 1320 843 1401 adoptatorum
857 1320 920 1379 sine
941 1320 1038 1379 liberis
1050 1320 1187 1394 decessit,
1200 1321 1326 1401 proinde

224 1413 333 1475 familia
347 1413 466 1475 deserta
479 1413 565 1473 rediit
577 1412 731 1473 haereditas
746 1431 847 1471 rursus
861 1413 900 1472 ad
913 1432 966 1472 eos
980 1413 1031 1491 qui
1051 1415 1088 1471 ab
1108 1412 1192 1471 initio
1216 1432 1327 1493 genere

221 1507 346 1587 proximi
358 1506 487 1567 fuerunt.
527 1506 593 1575 Quo
607 1514 695 1585 pacto
708 1504 806 1584 igitur,
820 1506 902 1585 quod
918 1506 1000 1565 istius
1020 1506 1232 1567 contestatione
1246 1506 1327 1566 affir-

222 1610 329 1674 matur,
349 1600 400 1661 filii
419 1599 507 1677 aliqui
527 1599 683 1660 Archiadoe
701 1599 805 1677 reliqui
826 1618 892 1658 esse
913 1608 1046 1678 possent,
1063 1618 1130 1659 cum
1151 1609 1182 1659 et
1195 1598 1328 1678 adoptivi

222 1694 287 1772 ejus
302 1712 334 1754 se
352 1710 500 1771 regressos
515 1710 581 1752 erse
595 1692 753 1764 fateantur,
767 1701 797 1751 et
816 1691 842 1751 is
861 1691 912 1770 qui
931 1700 1099 1770 postremus
1112 1691 1143 1749 in
1156 1690 1267 1751 familia
1278 1706 1327 1752 re·-

221 1784 310 1845 lietus
325 1795 370 1845 est
382 1786 471 1844 orbus
485 1783 665 1845 decesserit?
692 1782 821 1843 Proinde
840 1802 961 1845 necesse
975 1792 1021 1843 est
1033 1782 1174 1843 familiam
1191 1802 1258 1843 esse
1271 1782 1327 1843 de·

223 1887 346 1937 sertam:
367 1898 434 1956 quae
448 1877 644 1937 desertarum
658 1876 707 1948 sit,
717 1876 800 1935 liberi
814 1894 968 1955 superesse
982 1886 1142 1955 nequeunt.
1165 1876 1225 1937 Iste
1234 1876 1328 1955 igitur

222 1980 405 2031 contestatus
419 1980 466 2031 est
479 1990 530 2030 eos
545 1970 595 2049 qui
610 1990 670 2035 nou
684 1979 753 2029 runt
766 1988 850 2039 esse;
869 1978 900 2027 et
915 1969 946 2027 in
961 1969 1175 2029 contestatione
1196 1968 1328 2048 scripsit,
1386 2001 1388 2005 v

223 2082 307 2124 cum
335 2063 421 2124 sint
447 2063 580 2134 liberi,
602 2062 1012 2143 quiunumseesseasserit.

266 2158 313 2217 16.
329 2159 450 2217 Ateum
465 2156 537 2215 dicit
559 2154 771 2215 naturales
790 2154 898 2214 firma
920 2154 1177 2215 auctoritate
1202 2173 1248 2213 ex
1271 2155 1330 2215 in-

223 2252 323 2311 stitu
332 2260 384 2325 to,
406 2251 597 2329 imposturam
610 2248 682 2308 facit
694 2257 797 2308 contra
809 2247 916 2326 legero.
940 2247 1016 2306 Nam
1028 2246 1102 2307 illud
1115 2258 1162 2307 est
1175 2267 1242 2307 esse
1262 2268 1282 2306 n
1292 2268 1329 2308 a·

221 2355 262 2403 tu
272 2343 355 2403 rale
367 2362 406 2414 m,
429 2343 452 2401 ri
468 2342 531 2421 quis
546 2341 657 2401 semine
672 2350 753 2401 satus
767 2341 909 2414 fuerit,et
921 2339 978 2399 hoc
991 2349 1115 2399 testatur
1132 2340 1180 2399 lex
1199 2340 1245 2399 lris
1258 2360 1329 2401 ver·

196 2437 280 2515 ¹bis,
300 2458 410 2519 quam
430 2436 697 2518 desponderit
719 2446 829 2517 pater
852 2445 918 2495 aut
935 2434 1063 2496 frater
1081 2444 1150 2496 aut
1166 2455 1329 2510 arus,ex

222 2555 268 2596 ea
292 2532 500 2594 naturales
521 2551 566 2592 ac
590 2529 773 2608 legitimi
801 2528 922 2588 liberi
952 2538 1085 2588 sunto:
1114 2529 1235 2589 verbum
1256 2549 1329 2609 por·

220 2648 254 2688 ro
280 2635 371 2686 rata
407 2623 659 2686 auctoritate
685 2621 845 2701 legislator'
865 2622 902 2681 de
931 2620 1139 2702 adoptionibus
1162 2623 1330 2702 usurpavit,

222 2719 303 2802 quod
325 2719 521 2790 existimabat,
543 2714 692 2796 siquis,
714 2717 836 2774 orbus
859 2733 1017 2775 suorum
1040 2716 1234 2779 bonorum
1261 2715 1330 2775 do-

221 2813 363 2887 minus,
389 2811 514 2871 filium
538 2808 765 2889 adoptarit,
791 2817 921 2868 ratum
947 2806 988 2867 id
1011 2827 1112 2867 esse.
1167 2807 1227 2867 lste
1253 2827 1331 2867 vero

221 2917 371 2966 natura
393 2905 506 2964 nullum
530 2901 687 2962 Archiadae
709 2900 801 2960 filium
821 2920 888 2960 esse
909 2901 965 2960 ait:
997 2900 1052 2960 sed
1070 2909 1252 2960 contestatus
1275 2911 1333 2962 est

223 3019 308 3060 curn
334 2999 418 3058 sint
441 2994 668 3067 naturales,
698 2993 911 3053 contestatione
925 2993 1006 3052 facta
1017 2992 1060 3052 rei
1073 2992 1228 3052 contraria.
1262 2993 1331 3061 Qui

215 3110 289 3152 ,cum
303 3111 335 3152 se
349 3089 519 3170 adoptivum
534 3107 599 3148 esse
613 3086 795 3168 profiteatur,
808 3086 845 3144 ab
858 3085 925 3164 ipso
939 3085 1080 3146 defuncto
1089 3094 1252 3147 utcoustat
1262 3106 1333 3147 non

221 3195 269 3245 est
289 3173 469 3266 adoptatus:
490 3181 625 3262 proinde,
648 3199 708 3258 quo
732 3189 820 3260 pacto
844 3179 897 3238 tibi
920 3178 977 3239 ista
994 3199 1082 3259 porro
1101 3191 1167 3240 rata
1186 3187 1332 3242 muntem

220 3277 379 3338 instituto?
410 3277 581 3355 Propterea,
594 3273 741 3346 nimirum,
767 3272 846 3352 quod
866 3271 1024 3352 inscriptus
1046 3283 1093 3333 est
1114 3273 1334 3349 Archiadae

222 3370 350 3439 filius3
380 3370 417 3429 ab
431 3369 493 3428 istis
507 3369 621 3428 scilicet
633 3387 726 3447 nuper
740 3367 768 3427 vi
782 3367 873 3437 facta,
889 3385 956 3424 cum
969 3365 1006 3426 lis
1019 3365 1057 3427 de
1070 3367 1240 3428 hmedute
1257 3366 1334 3445 jam

221 3470 389 3522 contestata
411 3471 499 3522 esset.
548 3463 617 3521 Nou
640 3470 687 3520 est
708 3460 841 3540 profecto
859 3457 975 3540 justum
1001 3459 1137 3539 injuriam
1161 3460 1335 3542 argumenti

128 3557 131 3564 '
221 3555 288 3615 loco
304 3555 461 3616 adducere.

266 3650 314 3709 17.
336 3648 414 3707 Nam
427 3646 512 3721 illud,
531 3644 664 3719 ludices,
678 3645 746 3706 ferri
768 3646 819 3727 qui
836 3655 945 3727 potest,
957 3639 1096 3725 eum'qui
1119 3667 1199 3708 nunc
1219 3645 1332 3707 incun-

223 3752 338 3802 ctanter
357 3741 437 3802 dicat
458 3761 490 3802 se
515 3739 684 3819 adoptivum
705 3758 784 3813 esse,
797 3740 827 3799 in
850 3739 1065 3801 contestatione
1082 3739 1113 3799 id
1124 3739 1249 3800 scribere
1262 3760 1330 3801 non

222 3835 314 3894 fuisse
334 3853 456 3894 ausum:
475 3834 527 3894 sed
542 3832 688 3910 scriptum
703 3831 733 3890 iu
754 3832 966 3892 contestatione
989 3831 1031 3891 ita
1045 3851 1109 3892 esse
1130 3843 1165 3892 ut
1183 3832 1221 3892 de
1237 3832 1331 3895 filio

223 3927 418 3999 naturali,
443 3946 486 3990 aa
502 3945 568 4006 quae
590 3945 660 3984 mox
682 3924 818 3986 dicentur
840 3934 876 3985 ut
895 3923 933 3984 de
950 3923 1156 4003 adoptivo?
1185 3925 1330 3992 Quodsi

138 4039 141 4046 ·
220 4020 426 4082 defensionem
441 4020 597 4079 attulerint
606 4019 811 4078 contestationi
826 4015 1013 4088 contrariam,
1026 4016 1111 4076 aliter
1122 4017 1185 4078 fieri
1200 4016 1249 4096 qui
1269 4038 1329 4098 po-

223 4124 282 4175 test
294 4112 365 4193 quin
388 4126 439 4173 aut
453 4111 585 4172 defensio
607 4111 683 4170 falsa
705 4110 745 4170 sit
764 4120 817 4170 aut
836 4109 1032 4170 contestatio?
1060 4109 1128 4170 Nee
1145 4109 1183 4168 ab
1196 4129 1236 4168 re
1250 4112 1328 4175 ado-

221 4211 351 4287 ptionem
366 4206 397 4265 in
419 4205 632 4266 contestatione
645 4223 704 4263 non
716 4212 892 4286 posuerunt
933 4202 1174 4265 Adscribeudum
1190 4201 1269 4264 enim
1283 4207 1328 4266 eis

221 4300 336 4374 fuisset,
350 4319 439 4379 aquo
454 4308 554 4358 essent
574 4296 722 4376 adoptati:
743 4297 793 4355 ille
817 4307 917 4357 autern
939 4315 991 4356 eos
1013 4315 1073 4356 non
1093 4295 1255 4377 adoptavit,-
1270 4302 1328 4362 sed

151 4437 154 4442 .
224 4390 278 4472 ipsi
291 4413 354 4454 sese
366 4393 541 4472 adoptantes
556 4409 610 4452 nos
624 4390 795 4450 hereditate
810 4389 948 4470 spoliant.
1048 4423 1055 4431 ·

265 4487 312 4546 18.
332 4485 399 4546 lam
417 4495 451 4546 ut
473 4473 629 4564 pergamus
649 4483 688 4570 ad
712 4473 1102 4562 alia,qi1inonabsurdum
1125 4481 1213 4544 simul
1226 4481 1326 4543 etini-
