2967 4950
358 286 404 345 IN
425 286 635 349 EVERGUM
656 282 1021 349 itu-Mnestheum.
1177 288 1238 349 665

130 462 163 513 et
175 454 330 515 verberare
344 452 701 528 condecantemus
720 454 757 515 ei
770 450 907 535 poculum
920 469 955 515 'es
964 452 1238 533 sina==eripu⁰asentr

131 539 373 608 Famuli›·autem
395 546 554 609 vicinorum
574 548 676 609 audito
693 548 839 623 clamores
851 542 1138 627 quumaseal'crlsa
1153 542 1239 626 diripi

130 641 279 714 riderent,
288 641 340 701 alii
350 660 367 701 e
378 640 442 701 suis
453 642 537 703 tectis
552 644 699 703 vocabant
711 650 933 719 manantes,
941 633 991 701 liti
1007 640 1096 701 etiam
1109 639 1140 698 in
1153 638 1240 699 aliam

130 726 346 815 riamegressi,
368 745 398 795 et
413 734 636 815 Hagnophilum
651 729 876 813 pretereuntem
895 728 1068 814 conspicati,
1082 729 1239 811 jusserunt

131 828 285 889 accedere.
328 822 535 907 Ha'gncplrilus
559 838 704 900 autem,a
726 828 837 887 famulo
854 827 1057 890 Anthemicuis
1080 825 1240 886 aecensus

130 924 185 1000 qui
194 920 269 981 mihi
278 921 389 981 vicinus
398 931 453 991 est,
464 921 600 995 accessit,
611 920 692 981 acin
703 913 914 999 adeoquidern
925 922 1240 1000 ingressusnonest-

131 1014 166 1073 isl
181 1014 265 1074 enim
279 1016 398 1075 absente
411 1014 535 1075 dominc
544 1016 627 1075 nefas
640 1010 814 1095 putatote-4,
827 1013 881 1073 sed
897 1012 1147 1075 inllnthemicnis
1164 1029 1240 1092 pras·

132 1100 188 1166 dio
200 1118 291 1180 stans,
305 1108 379 1169 sidit
394 1119 425 1168 et
445 1109 655 1188 supellectilem
678 1098 783 1179 efferri,
802 1117 833 1174 et
847 1108 997 1186 Etergn'm
1018 1123 1058 1167 ac·
1079 1104 1241 1185 Theopha-

132 1220 217 1260 mum
234 1220 252 1260 e
271 1201 342 1261 meis
362 1201 475 1261 aedibus
494 1200 603 1279 egredi.
646 1200 751 1279 Neque
764 1220 844 1272 vero,
861 1199 995 1269 Judices,
1011 1198 1140 1277 abreptis
1161 1198 1239 1257 dun-

131 1305 217 1355 taxat
241 1294 319 1355 vasis
344 1295 417 1354 meis
441 1294 586 1365 abierunt,
606 1293 658 1352 sed
680 1303 710 1353 et
733 1291 825 1353 filium
852 1313 905 1373 pro
930 1310 1014 1352 servo
1039 1291 1239 1362 abduxerunt,

130 1386 230 1447 donec
255 1407 330 1447 unus
353 1385 487 1447 evicinis
500 1386 717 1469 ,Hermogenes
740 1386 856 1456 obviam
876 1386 919 1445 eis
939 1385 1035 1445 lactus
1058 1382 1151 1442 filium
1174 1402 1241 1449 esse

132 1498 232 1539 meum
256 1478 340 1539 dixit.
386 1478 458 1538 Haec
478 1490 510 1537 ut
525 1498 543 1537 a
556 1496 602 1537 me
617 1498 685 1537 vere
707 1479 764 1538 dici
778 1488 905 1549 constet,
919 1475 1087 1538 testimonia
1101 1474 1184 1536 vobis
1198 1475 1241 1534 le·

133 1583 253 1652 gantur.
1186 1579 1191 1611 ¹

550 1764 826 1879 inscisionis
865 1785 904 1877 f
982 1767 984 1770 ’

171 1933 226 1990 17.
249 1932 292 1989 Ut
303 1941 400 1990 autem
415 1950 454 1990 ea
465 1951 533 2009 quae
548 1930 756 1991 acciderantin
773 1932 1002 1993 Piraeeum-mihi
1015 1932 1034 1993 'a
1045 1932 1240 1993 vicinisfssun'·

133 2026 307 2095 cistasunt,
320 2024 472 2103 profectus
486 2024 515 2083 in
529 2044 643 2103 agrum,
659 2044 710 2085 eos
730 2043 791 2085 non
812 2022 1022 2106 deprehendo:
1044 2026 1241 2086 sedeumori·

132 2116 248 2176 dissem
268 2116 408 2196 quicquid
420 2117 451 2176 in
465 2116 578 2177 edibus
590 2116 761 2179 habuissem
773 2130 969 2199 exportatum,
984 2129 1117 2181 etenum
1126 2130 1241 2183 uteret

132 2210 251 2283 affecta,
264 2220 296 2269 et
316 2211 455 2271 abunere
472 2210 618 2270 audissem
633 2231 700 2290 quse
721 2212 801 2273 lacta
819 2223 929 2283 essent,
943 2202 1165 2292 ‘llieophernum
1181 2231 1240 2293 ‘pos

131 2304 238 2365 stridis
260 2323 347 2363 mane
367 2303 490 2362 conveni
511 2303 542 2361 in
563 2306 645 2378 urbe,
660 2306 787 2366 testibus
799 2306 954 2379 adductis,
966 2325 1093 2385 eumque
1113 2307 1240 2387 primurn

126 2396 208 2476 jussi
220 2397 360 2455 mulctam
375 2395 504 2476 recipere
517 2405 548 2455 et
561 2396 642 2476 sequi
657 2398 695 2457 ad
718 2418 867 2467 mensam
889 2396 1006 2471 deinde,
1019 2418 1121 2460 curare
1135 2399 1240 2458 mulie-

132 2510 198 2551 rem
215 2509 304 2568 quem
318 2482 508 2560 lacerassent,
524 2498 556 2548 et
577 2489 723 2550 medicum
739 2490 924 2552 introducere
944 2511 1032 2571 quern
1050 2492 1107 2572 ipsi
1120 2492 1239 2552 vellent.

132 2583 213 2644 Hoec
234 2601 279 2642 me
293 2581 408 2642 dicente
431 2589 461 2640 et
476 2577 662 2654 testificante,
675 2575 774 2642 multis
788 2583 928 2643 conviciis
947 2583 1018 2642 mihi
1035 2582 1131 2655 dictis,
1144 2584 1241 2644 Theo-

130 2677 265 2757 phemus'
272 2675 390 2754 quidem
403 2693 483 2754 segre
498 2677 690 2754 sequebatur,
697 2673 905 2754 tergiversaris,
920 2685 951 2736 at
960 2675 1105 2742 dictitans
1114 2696 1153 2737 se
1165 2697 1240 2757 quoe

102 2815 105 2821 .
131 2789 194 2848 que
207 2776 302 2828 testas
313 2765 426 2846 aliquos
438 2765 720 2840 adhibiturum-dd
729 2768 934 2829 -vesodicebat
946 2769 1029 2840 dolo,
1043 2780 1077 2830 ut
1094 2788 1177 2830 mom
1193 2771 1240 2830 ie*

132 2859 359 2924 tercederetvz
382 2859 513 2938 Evergus
528 2869 626 2920 autem
639 2858 742 2920 statim
751 2881 789 2920 err
799 2863 872 2921 urbe
882 2880 949 2922 cum
962 2860 1028 2921 aliis
1040 2863 1087 2921 sui
1097 2861 1240 2923 similibus

131 2954 169 3014 in·
177 2955 444 3032 agrurnegressus,
466 2951 610 3031 reliquum
631 2952 866 3025 instrumentum,
881 2954 907 3013 si
925 2975 986 3033 qua
1005 2955 1084 3015 sorte
1105 2955 1197 3035 pridie
1209 2957 1240 3014 ln
1312 2963 1316 2968 ’

133 3047 213 3107 tritri
228 3046 344 3123 salique
359 3056 391 3104 et
403 3063 463 3104 non
485 3045 615 3124 prolatu,¹
625 3054 779 3124 postquam
792 3065 863 3105 vero
885 3066 941 3124 ego
965 3066 1103 3108 renerm
1119 3057 1241 3126 propter

134 3136 342 3204 necessitatem
350 3135 525 3216 deprompta
533 3136 662 3210 fuerant,
673 3146 773 3196 amota
781 3137 987 3217 janua,·quam
994 3148 1027 3196 et
1038 3137 1133 3216 pridie
1148 3137 1240 3200 cula,

42 3244 50 3264 t
134 3230 288 3292 beseceret
310 3229 388 3290 mele
415 3239 522 3302 stante,
544 3231 667 3310 abrepta
690 3247 758 3288 mea
780 3227 963 3309 supellectile
986 3229 1058 3294 abiit
1071 3230 1153 3300 .is„a
1167 3249 1239 3309 'quo

132 3345 233 3406 neque
243 3323 355 3406 judicio
368 3325 462 3384 victus
477 3343 566 3398 mam,
585 3333 775 3403 atcumque
788 3323 862 3384 nihil
882 3323 953 3383 mihi
967 3325 1238 3385 commerciiiuters

133 3427 278 3480 cesserat.
321 3417 524 3478 satisfaciente
537 3426 636 3477 autem
649 3435 706 3476 me
713 3415 918 3497 Theophane,
930 3417 978 3490 cui
991 3410 1240 3493 debueram-mul·

134 3521 229 3585 marn,
240 3511 485 3574 eum-solvissem
503 3509 605 3572 multis
619 3510 747 3577 testibus
757 3510 1050 3590 prasentibssmille
1073 3515 1242 3571 eentum-*et

134 3615 198 3666 tues
209 3604 368 3665 drachmas
377 3614 413 3664 et
426 3604 504 3666 duos
516 3604 619 3664 obolos
632 3611 762 3684 poen'am,
775 3608 813 3664 ct
826 3603 946 3683 triginta
959 3603 1239 3684 operariam-*uam

134 3707 312 3764 amararum
332 3697 508 3758 muletarum
533 3696 642 3757 nullam
662 3696 730 3756 mihi
754 3696 1090 3777 irrogarato-,aeccptis
1112 3697 1241 3775 igitur-a

133 3788 348 3850 molimense
360 3791 438 3850 mille
452 3790 590 3850 trecentis
604 3789 725 3868 triginta
734 3791 827 3850 tribus
840 3789 987 3849 drachmis
998 3788 1116 3855 duobm
1129 3789 1238 3863 cholu,

133 3881 277 3956 uniuersa
289 3901 414 3956 summa,
426 3901 590 3962 quumego
604 3881 787 3962 reposcerem
805 3902 875 3943 oves
895 3883 1099 3962 mancipiaque
1108 3892 1242 3944 retorna

134 3996 207 4055 quse
218 3974 289 4034 milri
302 3974 458 4056 eripuerat,
471 3973 654 4036 redditurum
668 3996 701 4036 se
714 3976 844 4054 negarit,
858 3975 915 4034 nisi
927 3975 1042 4054 quiset
1054 3997 1090 4036 se
1099 3986 1131 4036 et
1144 3977 1241 4036 socias

134 4069 209 4128 suos
223 4067 304 4128 omni
318 4069 452 4142 crimine,
466 4078 559 4129 testes
582 4063 650 4129 falsi
663 4068 825 4128 testimonii
840 4067 1141 4139 aedone,1iberaret..-
1166 4069 1243 4136 Qua

133 4181 209 4222 cum
219 4161 270 4232 ille
284 4162 493 4241 respondisset,
509 4161 606 4223 statim
618 4163 747 4242 eosqui
766 4164 890 4223 aderant
908 4173 998 4224 testes
1011 4162 1080 4226 feci
1089 4162 1242 4242 responsi·

134 4256 213 4324 onis,
226 4265 260 4316 et
266 4255 433 4335 judicatum
444 4255 537 4328 solii,
552 4276 648 4336 neque
667 4256 820 4318 dilatorem
838 4267 972 4336 oportere
984 4276 1053 4343 esse
1064 4275 1112 4315 me
1121 4253 1240 4336 putarit

134 4349 289 4428 -Erergurn
302 4367 339 4409 eo
351 4348 574 4428 die-ingressum
590 4349 681 4410 fuisse
703 4349 733 4408 iu
750 4349 831 4410 aedes
847 4369 931 4409 meas
950 4349 1105 4429 ignorans,
1133 4347 1242 4411 dicim·

135 4460 209 4502 vero
230 4461 298 4502 curn
317 4442 483 4522 judicatum
504 4442 667 4516 solvissem,
687 4442 895 4522 Theophemus
922 4461 980 4502 non
1002 4441 1092 4502 modo
1115 4461 1186 4504 oves
1211 4451 1243 4502 et

506 4545 510 4554 “
684 4543 703 4593 4
719 4553 739 4598 Q
