2967 4950
404 309 462 371 DE
487 309 601 370 Mate
621 309 758 370 Gesta
781 307 1028 370 LEGATIONE
1223 313 1262 372 ⁵9

149 460 250 522 socios
264 479 335 520 suos
348 463 399 540 qui
418 462 575 535 adfuerint,
588 422 760 524 nominatim
781 481 848 524 cum
863 423 953 542 ipsos,
973 471 1037 522 tum
1055 463 1142 522 urbes
1156 479 1258 524 eorum

147 553 348 632 inscripsisse,
363 575 415 614 eos
429 575 498 614 vero
512 555 608 614 socios
631 556 761 634 quinon
783 555 943 633 adfuerint,
964 554 1119 634 pollicetur
1143 575 1175 616 se
1188 556 1258 642 mis-

148 664 251 704 surum
266 665 342 706 esse.
372 648 448 706 Haec
460 666 531 724 ergo
545 647 654 726 putatis
670 647 837 726 Philippum
850 667 911 717 non
924 647 1050 707 interdiu
1065 649 1190 708 scribere
1203 668 1257 728 po·

149 737 242 798 tuisse
254 737 319 798 sine
332 739 401 801 mel
424 740 484 808 Sed
498 740 540 798 ita
553 759 599 799 me
613 739 653 798 dii
668 751 776 814 ament,
791 740 840 800 isti
859 757 917 801 non
933 740 1012 800 aliud
1034 761 1113 799 curae
1129 760 1192 802 esse
1205 761 1257 822 aps

147 841 245 910 paret,
260 831 316 891 nisi
336 843 372 891 ut
390 832 504 894 interim
526 833 596 894 dnm
609 835 699 895 uerba
719 833 802 907 facit,
821 834 994 914 eloquentiae
1016 827 1138 914 gloriam
1153 855 1257 896 conse

82 926 88 940 ‘
146 934 276 1002 quatur:
301 944 340 984 an
353 943 422 996 yero
441 925 530 1004 paulo
549 935 618 1005 post
631 927 762 986 omnium
775 925 947 988 Graecorum
965 923 1196 1006 improbissimus
1219 926 1258 990 sit

147 1014 362 1093 perhibendus,
375 1037 428 1096 pro
443 1017 533 1077 nihilo
546 1028 660 1097 putare.
1286 1092 1290 1108 ι

191 1111 243 1169 41
264 1110 348 1175 Quid
365 1111 441 1170 enim
456 1109 507 1170 tali
522 1110 634 1170 homini
649 1112 806 1191 quisquam
826 1112 938 1184 credat,
954 1131 1005 1192 qur
997 1107 1116 1180 dicere
1129 1129 1190 1172 non
1205 1132 1257 1172 ve·

147 1201 226 1262 ritus
240 1212 297 1275 est,
311 1202 479 1288 Philippum
497 1222 560 1263 non
574 1204 636 1264 suis
650 1205 800 1284 auspiciis,
814 1204 870 1265 sed·
881 1205 953 1265 meis
968 1205 1159 1265 concionibus
1180 1205 1257 1268 intra
1364 1247 1367 1254 -

149 1287 245 1372 Pylas
255 1295 446 1376 penetrasse?
468 1296 567 1374 Atque
589 1297 677 1356 etiam
698 1315 852 1357 numerum
873 1295 1014 1358 dierum
1006 1297 1069 1356 rniit
1092 1297 1171 1376 apud
1192 1319 1256 1372 vos,

146 1383 227 1444 intra
248 1405 335 1464 quos
339 1406 397 1465 ego
418 1387 596 1465 legationem
616 1389 824 1458 renunciarim,
846 1398 876 1446 et
897 1385 1039 1462 Phalaeci,
1057 1387 1255 1450 Phocensium

148 1477 278 1556 tyranni,
292 1479 409 1557 publici.
417 1479 628 1543 caduceatores
645 1478 764 1538 decreta
784 1489 886 1541 nostra
904 1480 973 1542 illuc
995 1478 1202 1554 renunciarint,
1225 1492 1260 1542 et

147 1569 320 1650 Phocenses
334 1592 381 1632 me
392 1571 459 1632 freti
471 1572 552 1632 illurn
562 1572 641 1633 intra
654 1571 744 1652 Pylas
758 1573 931 1653 receperint,
947 1583 1035 1652 atque
1048 1575 1135 1634 urbes
1148 1593 1214 1634 suas
1228 1575 1262 1644 ei,

149 1662 341 1724 tradiderint..
370 1664 413 1723 Et
425 1665 490 1724 haec
504 1665 624 1746 quidem
637 1675 821 1726 commentus
841 1675 888 1726 est
903 1677 1064 1738 accusator,
1087 1686 1133 1728 res
1157 1677 1259 1741 autem⁴

149 1753 350 1816 Phocensium
362 1757 546 1831 interierunt,
558 1758 684 1836 primum
707 1777 761 1837 per
778 1758 936 1829 fortunam,
956 1778 1022 1836 ques
1044 1759 1178 1819 omnibus
1202 1748 1259 1836 ιιοέ1

148 1845 290 1922 minatur,
305 1849 413 1911 deiude
428 1861 547 1930 propter
567 1851 695 1933 spatium
706 1851 855 1931 ‘temporis
872 1862 903 1911 et
917 1849 1082 1912 decennale
1103 1851 1255 1911 bellum—

148 1933 255 2000 eade‘rn
268 1941 347 2001 enim
360 1962 406 2002 res
421 1942 616 2005 Phocensium
629 1954 818 2024 tyrannorum
831 1964 902 2024 opes
917 1953 948 2004 et
957 1943 1050 2015 auxit,
1062 1951 1092 2002 et
1102 1943 1255 2020 destruxit,

148 2051 222 2092 nam
234 2034 385 2117 imperium
398 2047 602 2117 susceperunt,
615 2056 684 2097 curn
697 2037 761 2101 ausi
781 2047 881 2106 essent
900 2055 1013 2098 sacram
1037 2035 1191 2115 pecuniam
1209 2037 1254 2112 in·

149 2125 269 2198 vadere,
282 2138 313 2186 et
327 2128 546 2207 peregrinorum
557 2128 682 2188 militum
697 2148 787 2208 opera
799 2128 980 2209 respublicas
1000 2137 1175 2204 mutassent,
1187 2137 1255 2190 tan·

149 2217 221 2299 dem
234 2217 409 2283 interierunt
421 2220 520 2302 inopia
532 2222 677 2304 pecunire,
691 2241 758 2283 cum
773 2242 838 2283 eam
853 2241 969 2282 omnem
987 2220 1017 2281 in
1035 2220 1181 2309 stipendia
1200 2222 1259 2296 ιιιί-Ι

149 2310 237 2370 ιιιιιιιι
259 2323 479 2392 erogassent—,
498 2314 586 2392 tertio
607 2315 675 2376 loco
690 2323 742 2384 eos
756 2316 861 2376 evertit
883 2315 999 2386 sediti0,
1022 2335 1089 2396 quae
1109 2315 1256 2388 exercitus

150 2404 275 2485 penuria
286 2399 454 2489 laborantes
468 2407 647 2474 familiariter
660 2407 794 2484 comitari
817 2407 901 2481 solet,
917 2418 1027 2491 quarto·
1040 2406 1108 2468 loco
1123 2405 1253 2479 Phalaeci

149 2497 313 2558 futurarum
327 2519 422 2559 rerum
442 2502 597 2580 ignoratio.
632 2502 709 2560 Nam
723 2501 932 2563 Thessalorum
947 2502 1066 2581 quidem
1081 2511 1111 2559 et
1126 2500 1254 2583 Philippi

151 2592 298 2656 exercitus
311 2592 341 2651 in
350 2603 513 2673 conspectu
527 2604 601 2665 erat,
615 2614 676 2657 non
689 2595 784 2681 multo
793 2604 890 2655 autem
905 2603 973 2656 ante
983 2613 1073 2673 quarn
1083 2612 1146 2671 pax
1156 2594 1254 2655 vobis-

149 2702 220 2761 pum
234 2683 363 2754 iniretur,
377 2685 467 2765 legati
481 2685 682 2750 Phocensium
695 2687 735 2747 ad
754 2706 807 2747 vos
824 2695 976 2761 renerent,
987 2685 1096 2745 auxilia
1107 2696 1258 2774 petentes,

150 2789 184 2837 et
195 2776 279 2836 vobis
295 2796 328 2839 se
341 2778 498 2853 tradituros
516 2779 690 2860 pollicentes
703 2760 864 2865 Alponum,
880 2779 1051 2855 Thtonium,
1066 2789 1098 2839 et
1110 2778 1255 2851 Nicaeam,

150 2888 219 2949 quae
231 2868 299 2929 loca
310 2871 435 2947 transitu
451 2870 591 2950 Pylaram
605 2872 767 2953 potiuntur.
795 2873 872 2931 Cum
885 2890 956 2950 vero
970 2892 1022 2932 vos
1039 2862 1257 2953 decrevissetis,

149 2979 188 3032 ea
199 2959 268 3022 loca
281 2962 421 3025 Proxeno
434 2963 503 3023 duci
515 2973 613 3025 restro
627 2984 646 3023 a
656 2964 858 3027 Phocensibus
873 2946 1019 3026 tradenda
1031 2984 1108 3036 esse,
1120 2974 1150 3025 et
1169 2966 1254 3042 quin·

150 3055 299 3134 quaginta
309 3056 441 3133 triremes
464 3055 666 3137 complendas,
686 3066 717 3115 et
734 3050 770 3114 iis
793 3056 843 3135 qui
861 3055 937 3115 intra
956 3054 1138 3135 trigesimum
1158 3055 1274 3120 atatis.
1310 3091 1313 3099 ·

151 3166 262 3223 annum
279 3157 382 3221 essent
397 3147 428 3207 in
441 3146 535 3210 aciem
548 3148 730 3229 exeundum,
751 3147 866 3226 tyranni
886 3165 922 3205 ea
943 3145 1009 3207 loca
1023 3146 1158 3205 Proxeno
1178 3138 1254 3207 adeo

151 3259 212 3300 non
222 3239 419 3315 tradiderunt,
427 3251 461 3304 ut
469 3240 595 3321 legatos,
605 3239 657 3321 qni
670 3258 703 3319 se
715 3258 796 3299 arces
806 3238 871 3297 illas
882 3238 965 3299 vobis
977 3238 1136 3311 tradituros
1147 3240 1255 3317 promi·

150 3342 263 3405 serant,
287 3333 318 3393 in
340 3334 459 3394 vincula
477 3332 667 3413 conjecerint,
687 3341 719 3392 et
735 3338 806 3391 cuin
821 3328 989 3403 ferialibus,
1006 3332 1055 3409 qui
1076 3349 1183 3411 arcana
1203 3330 1259 3414 illa,

150 3425 511 3501 foederaanuunciabant,
530 3425 586 3487 soli
607 3425 780 3503 Graecorum
799 3422 967 3509 Phocenses
989 3423 1086 3500 foedus
1097 3442 1170 3486 non
1187 3444 1254 3505 per-

150 3517 307 3591 cusserint.
333 3514 450 3579 D'einde
460 3537 528 3578 cum
541 3517 737 3599 Archidamus
752 3516 830 3600 Laco
844 3525 964 3596 paratus
974 3526 1053 3591 esset
1065 3514 1133 3577 loca
1142 3514 1193 3577 illa
1205 3538 1254 3580 ac·

150 3611 261 3691 cipere,
274 3630 311 3671 ac
323 3611 409 3684 tueri,
423 3630 481 3670 non
495 3619 697 3681 assenserunt,
709 3608 773 3696 xsed
791 3608 819 3669 ei
839 3608 1064 3691 perpenderunt,
1083 3627 1116 3668 se
1140 3607 1256 3688 Sparten

150 3704 246 3783 magis
259 3724 349 3782 quam
362 3704 424 3765 suis
437 3705 523 3781 rebus
539 3704 683 3765 diffidere.
703 3701 748 3763 Eo
760 3712 860 3765 autem
876 3713 1017 3783 ternpore,
1034 3700 1166 3762 nondum
1179 3702 1255 3764 inter

149 3816 206 3857 vos
218 3804 250 3870 et
268 3796 435 3876 Philippum
448 3806 639 3871 convenerat,
657 3795 711 3856 sed
724 3797 828 3857 eodem
842 3793 889 3859 die
909 3804 940 3854 et
957 3794 996 3853 de
1006 3813 1088 3875 ¹pace
1110 3793 1253 3877 delibera·

148 3892 237 3963 baua,
251 3899 283 3951 et
296 3889 424 3963 Proxeni
438 3890 538 3951 literas
557 3875 734 3960 audiebatis,
747 3889 855 3969 quibus¹¹
869 3886 1099 3969 significabatur,
1117 3869 1254 3959 Phocen-

150 4003 199 4043 ses
213 3982 281 4043 loca
293 3983 346 4043 illa
358 4002 418 4043 non
427 3982 595 4058 tradidisse,
609 3982 674 4043 etii
686 3981 738 4061 qui
751 4000 859 4041 arcana
871 4000 956 4043 sacra
970 3982 1164 4068 annunciant,
1178 3978 1254 4041 indi·

152 4078 273 4151 cabant,
283 4076 381 4137 solos
373 4084 449 4137 mter
462 4085 576 4138 ceteros
590 4075 714 4156 Graecos
728 4074 900 4139 Phocenses
912 4074 1009 4139 foedus
1023 4096 1082 4137 non
1091 4060 1254 4157 admisisse,

151 4169 206 4243 sed
218 4168 346 4248 legatos,
356 4189 410 4247 qur
401 4168 481 4228 huc
494 4168 619 4249 profecti
631 4178 739 4243 essent,
754 4169 785 4227 in
806 4166 924 4228 vincula
937 4166 1107 4255 conjecisse.
1132 4164 1208 4235 Quae
1219 4176 1255 4227 ut

149 4282 227 4334 rere
232 4282 251 4321 a
271 4262 390 4324 medici
404 4271 529 4333 constet,
544 4282 660 4323 accerse
680 4259 813 4343 feciales,
834 4274 865 4324 et
884 4246 1081 4323 Callistratem
1096 4278 1131 4331 ac
1152 4251 1256 4319 Meta-

151 4373 268 4435 geuam,
281 4373 357 4433 quos
369 4352 522 4428 Proxenus
534 4355 575 4416 ed
589 4354 760 4439 Phocenses
773 4348 889 4437 legatos
902 4354 990 4417 misit.
1013 4350 1138 4413 Audite'
1130 4362 1199 4425 rtem
1217 4349 1252 4425 li,-

150 4457 229 4513 teras
240 4446 378 4511 Proxeni.
