2967 4950
215 318 276 385 ilfi
492 310 712 375 obtunsus
730 310 1036 374 uincuntutum.

691 545 832 607 ALIUD.

241 670 374 717 Testsntsr
385 674 474 731 petrem
482 682 549 717 suum
558 668 689 715 Stmtouenr
697 671 823 727 wguuun
831 664 903 713 foisse
912 663 1031 713 Poheurosi
1039 660 1315 726 „mussa-eros·-

217 749 307 807 ridemo
317 747 379 807 petri
386 744 541 807 Theopompi,
548 751 573 791 et
585 743 695 805 Phiiegm
705 743 767 806 patri
776 742 913 800 Eubulide,
925 749 951 789 et
966 739 1064 808 sortisse
1071 747 1225 803 epstreeuo,
1235 740 1317 800 Petn-

219 842 284 894 grum
300 825 398 873 duxisse
418 837 515 871 uxorem
534 821 632 882 primum
645 820 828 883 Phylomsehsm
846 834 950 869 mmm
966 817 1101 867 Polemonis
1122 818 1196 881 penis
1215 817 1316 880 llegn'ue

218 906 300 952 eodem
311 908 334 949 et
348 907 413 963 petre
425 906 449 946 et
464 904 537 944 metro
547 904 630 954 ortem,
647 902 672 943 et
687 902 766 943 ustum
781 912 834 943 esse
850 896 960 957 Philugro
972 911 986 942 e
997 894 1153 959 Phylornrchu
1165 892 1317 949 Ephelidem,

219 982 327 1039 defunctu
346 984 421 1024 sutem
438 973 606 1037 Phyiomsohe,
618 988 715 1021 uxorem
728 973 797 1020 ulium
808 972 907 1019 duxisse
925 971 1059 1034 Philagrum
1068 970 1230 1032 Telesippem,
1242 977 1267 1018 et
1277 984 1316 1016 us·

217 1060 269 1108 tum
281 1072 333 1105 esse
345 1053 504 1103 Menestheum
514 1054 608 1100 intrem
620 1051 745 1100 Eubulide)
754 1057 821 1113 petre
830 1050 923 1112 quidem
933 1051 1025 1106 eodem,
1033 1050 1076 1097 sed
1085 1054 1159 1097 mette
1170 1063 1215 1095 noe
1225 1048 1316 1103 eedem.

221 1122 323 1193 oneum
340 1131 470 1181 Eubulides
482 1130 641 1177 haerediuteur
659 1128 761 1191 unguis
778 1128 888 1189 petiisset
902 1128 993 1175 ntiuus
1010 1127 1225 1188 germinantem
1240 1140 1318 1189 nequ

221 1210 382 1267 Menestheus
394 1208 502 1269 petiisse,
514 1221 588 1267 oeque
603 1206 771 1265 Euotenroueur
786 1204 880 1253 fratrem
889 1204 1088 1267 Phiiegri,neqne
1096 1203 1169 1253 sum
1179 1216 1318 1265 que-pun

218 1291 309 1347 ustione
321 1288 413 1351 generis
423 1284 571 1334 ennteodisse
582 1289 631 1330 tum
642 1298 695 1331 oum
708 1281 834 1331 Eubulide.
893 1330 900 1341 ‚

695 1434 836 1511 Arrun.

253 1564 362 1613 Testetur
379 1566 467 1622 putrem
484 1572 551 1605 suum
561 1554 740 1605 Arohimuohum
752 1563 873 1620 unguntum
882 1555 956 1604 fuisse
967 1555 1090 1603 Polemoni
1100 1557 1160 1618 petri
1171 1557 1281 1619 Heguioe,
1293 1564 1319 1607 et

220 1641 360 1691 chnidsno
371 1636 432 1700 petri
441 1633 595 1697 Theopompi,
606 1640 630 1679 et
641 1633 751 1694 Philagro
762 1634 822 1696 petri
833 1634 964 1690 Eubulide,
974 1649 1046 1695 seque
1059 1650 1072 1680 e
1087 1641 1152 1697 petre
1163 1650 1206 1681 suo
1214 1636 1319 1693 audisse,

221 1716 357 1777 Ptrilegrurn
372 1713 469 1761 duxisse
479 1728 573 1759 uxorem
586 1710 681 1771 primum
694 1710 875 1772 Phyiomsohenr
890 1726 992 1758 sororem
1007 1711 1142 1758 Polemonis
1153 1714 1236 1760 eodem
1251 1720 1319 1775 petre

174 1836 177 1841 r
221 1802 247 1843 et
257 1800 330 1842 metro
342 1799 424 1847 ortem,
440 1806 468 1837 uo
482 1795 559 1836 netum
577 1804 631 1836 esse
648 1806 661 1837 e
677 1788 836 1850 Phyiosrsohe
854 1787 1003 1845 Eubulida,
1017 1789 1174 1850 Phylomsohs
1189 1798 1266 1838 sotem
1277 1793 1320 1839 ds·

222 1874 311 1927 turon,
325 1862 395 1917 slinur'
414 1867 510 1917 duxisse
528 1882 624 1915 uxorem
644 1866 782 1928 Phrugum
799 1866 958 1927 Telesippsrrr,
975 1873 1000 1914 et
1016 1873 1094 1915 uuum
1112 1884 1166 1917 esse
1182 1868 1320 1931 strueres

221 1947 350 2013 Telesippe
359 1946 521 1995 Menesthenm
539 1946 633 2003 trstrem
652 1944 777 1993 Eubulide
792 1951 861 2007 petre
875 1943 969 2005 quidem
980 1944 1071 2001 eodem,
1082 1945 1124 1993 sed
1140 1946 1213 1993 metro
1223 1962 1271 1995 uon
1281 1964 1322 2005 ee·

221 2028 285 2088 dem,
295 2020 334 2086 qui
346 2022 476 2071 Eubulides
487 2038 541 2069 oum
558 2020 718 2070 hereditatem
735 2020 835 2083 Hsgnies
851 2020 941 2068 ratione
956 2022 1049 2090 generis
1065 2030 1249 2085 petentesque
1267 2027 1321 2076 Me·

221 2096 342 2151 ¹oestheum
354 2107 402 2147 tum
415 2099 499 2147 fecisse
512 2098 634 2146 Eubulidae
647 2096 829 2145 controversiam
839 2097 870 2145 de
884 2098 1029 2156 heredium,
1044 2114 1086 2145 neo
1098 2100 1265 2148 Euctemonem
1276 2103 1321 2150 trs-
1393 2088 1405 2107 Χ

221 2174 281 2229 tre'sn
295 2178 405 2241 Puusgri,
416 2193 459 2224 neo
468 2177 538 2224 ulium
549 2190 686 2239 quemquem
698 2174 788 2222 ratione
798 2173 898 2237 generis.

706 2335 845 2399 ALIUD.

256 2472 365 2520 Testetur
376 2487 444 2519 esum
454 2486 519 2518 suurn
531 2477 658 2522 maternum
670 2468 827 2518 Gellistmtum
839 2471 933 2519 fratrem
942 2471 1014 2519 inisse
1024 2470 1174 2520 Buotemoois
1186 2489 1259 2534 regno
1269 2474 1322 2523 iun·

223 2551 256 2597 oti
265 2559 289 2596 et
300 2549 404 2610 Philsgri
412 2548 536 2596 Eubulide
548 2548 630 2609 petris,
642 2563 683 2596 eos
695 2555 771 2595 eutero
780 2549 900 2609 patrueles
912 2549 984 2596 tuisse
991 2549 1125 2597 Polemonis
1136 2551 1210 2610 petris
1220 2551 1322 2613 Heguire

224 2633 249 2673 et
259 2625 392 2672 conrident
402 2625 634 2688 petrisTheopompi,
647 2641 719 2686 seque
731 2625 827 2672 uouisse
835 2641 848 2671 e
856 2632 930 2673 metro
939 2642 989 2684 sue,
998 2627 1092 2673 tratrem
1109 2643 1155 2674 nou
1165 2627 1239 2676 fuisu
1251 2629 1324 2677 Poie-

224 2701 286 2752 moni
296 2703 356 2762 putri
367 2701 476 2763 Eugeia,
486 2717 589 2751 sororem
601 2703 673 2751 fuisse
691 2711 768 2750 netem
778 2703 860 2750 eodem
877 2709 902 2751 et
912 2711 979 2765 putre
997 2711 1021 2752 et
1038 2711 1113 2753 matre
1131 2705 1324 2767 Postumum,

225 2787 250 2827 st
260 2795 310 2828 euru
322 2780 499 2840 Phyiomnohsm
519 2779 626 2841 nupsisse
644 2780 764 2842 Philegro,
774 2787 800 2827 et
817 2797 848 2828 ex
865 2781 900 2829 eis
916 2796 970 2830 erse
985 2789 1064 2830 ustum
1078 2783 1219 2832 Eebuiuen
1229 2793 1323 2847 petrea

223 2857 387 2920 Phyiomuohre
398 2857 498 2905 Sosithei
509 2857 597 2905 uxoris.

226 2984 301 3044 Haee
323 2983 487 3070 testimonia
510 2983 661 3043 recitanda
683 2984 847 3044 necessario
869 2987 960 3059 fuere,
981 2986 1114 3060 iudices,
1127 2999 1162 3046 ut
1181 3007 1221 3047 ne
1244 2987 1325 3047 idem

225 3079 310 3138 nobis
324 3076 482 3152 accideret,
496 3077 576 3156 quod
588 3077 680 3158 prius,
694 3097 763 3138 cum
782 3077 917 3158 imparati
934 3079 1066 3160 oppressi
1087 3100 1207 3140 sumus:
1228 3080 1324 3141 multo

224 3181 323 3231 autem
344 3170 510 3232 evidentius
534 3169 621 3231 etiem
644 3181 748 3230 contra
765 3190 798 3230 se
818 3171 1014 3231 testimonium
1036 3172 1113 3232 dicet
1127 3173 1325 3246 Mauortem,

224 3266 300 3345 petri
314 3286 368 3326 suo
381 3265 570 3345 Theopompo
584 3262 655 3324 nihil
677 3263 795 3325 omnino
819 3264 920 3325 deberi
937 3285 974 3325 ex
994 3266 1121 3344 Hagnies
1141 3267 1324 3340 hoereditute,

224 3377 293 3417 cum
309 3359 348 3418 sit
364 3359 500 3418 remotior
520 3377 628 3437 genere
650 3355 856 3440 Theopompus
880 3368 968 3440 utque
987 3359 1062 3420 adeo
1084 3379 1140 3420 nec
1161 3382 1199 3421 ex
1221 3361 1326 3421 eedem

225 3452 333 3512 familie
346 3471 487 3530 prorsus⁸⁴

268 3545 314 3602 12.
330 3545 362 3603 Si
376 3544 440 3625 quis
454 3544 531 3604 enim
546 3543 718 3617 sciscitetur,
729 3543 864 3624 Jufflces,
879 3545 935 3606 iste
949 3545 1013 3625 quis
1028 3555 1074 3605 est
1087 3546 1138 3626 qui
1153 3567 1221 3607 curn
1234 3569 1327 3628 puero

223 3637 281 3699 hoc
294 3636 331 3697 de
346 3637 473 3718 Hugniae
486 3636 656 3698 heereditate
670 3637 791 3717 litigat?
812 3639 890 3698 Setis
899 3659 951 3698 vos
966 3639 1026 3700 scio
1041 3660 1246 3720 responsuros,
1257 3645 1328 3704 Mu·

223 3740 378 3791 certatum.
421 3732 489 3801 Quo
512 3739 595 3816 petre
617 3730 757 3810 genitus?
777 3731 978 3812 Theopompo.
1019 3733 1088 3802 Quo
1107 3734 1223 3795 metuet
1242 3735 1329 3815 Apo·

223 3821 323 3883 lexide
343 3823 404 3884 filie
426 3823 592 3905 Prospaltii‚
615 3843 714 3885 sorore
737 3824 894 3885 Maenrtuu'
915 3825 1080 3906 Prospaltii.
1119 3827 1331 3909 Theopompus

224 3917 310 3998 cujus
324 3916 508 3996 fuitpatris?
535 3917 713 3978 Charidemi.
756 3916 950 3979 Charidemus
972 3919 1077 3999 cujus?
1100 3918 1211 3982 Stratii.
1245 3923 1329 3982 Stra-

224 4010 282 4070 tius
295 4008 400 4090 cujus?
423 4010 535 4071 Buseli.
577 4011 652 4071 Hoec
666 4007 723 4081 est',
735 4010 870 4084 Judices,
884 4012 984 4072 Stratii
996 4011 1116 4087 familis,
1128 4012 1215 4074 unius
1226 4013 1332 4076 Buseli

223 4102 368 4162 tiliorum:
391 4112 420 4162 et
434 4103 544 4183 posteri
559 4103 658 4164 Stretii
669 4113 739 4163 sunt
750 4103 781 4162 hi
792 4122 867 4194 quos
878 4103 1030 4165 audivistis
1043 4125 1051 4165 ι
1063 4125 1166 4185 neque
1176 4105 1330 4167 hioullum

132 4187 140 4200 ’
225 4215 350 4276 usquam
365 4215 470 4256 nomen
486 4205 532 4256 est
546 4216 645 4257 eorum
660 4195 710 4276 qui
723 4206 792 4256 sunt
805 4217 841 4256 ex
851 4197 1012 4278 Hagniena
1021 4197 1141 4273 familie,
1155 4219 1189 4260 ac
1203 4219 1242 4260 ne
1255 4217 1330 4260 con·

225 4288 317 4361 simile
332 4289 460 4371 quidem.
503 4289 615 4366 Rursus
628 4290 716 4371 igitur
729 4287 861 4351 sciscitor·
875 4312 997 4370 puerum
1011 4291 1101 4367 huuc,
1114 4292 1250 4372 quisnam
1263 4293 1331 4374 ipse

226 4382 265 4462 tit
287 4383 424 4466 quicum
450 4383 618 4447 Macartato
637 4385 675 4446 de
697 4384 826 4462 Heguire
843 4383 1014 4447 hereditate
1032 4385 1214 4447 contendet?
1245 4385 1331 4446 Nihil

225 4494 345 4555 prorsus
369 4477 449 4536 uliud
471 4479 648 4559 respondere
669 4488 761 4558 quest
783 4497 867 4558 puer,
886 4498 975 4558 quam
997 4497 1030 4540 se
1052 4498 1120 4541 esse
1135 4479 1330 4540 Eubulidam.
