2967 4950
262 336 323 394 rm
528 311 531 315 ’
566 300 787 398 sovnasus
809 337 1064 398 susurrasse.

227 489 231 503 “
260 509 374 552 veraces
397 510 461 551 esse
483 491 596 562 dicatis,
610 493 693 552 robis
709 491 862 566 exhibebo,
875 503 905 553 et
922 493 1055 553 convicia
1071 492 1248 570 criminaque
1267 491 1339 569 rein·

251 585 342 644 -tabot
363 594 393 643 et
414 586 544 655 a-vobis,
559 585 602 644 his
625 585 729 644 auditis
748 597 857 665 petam,
871 586 895 644 si
917 587 999 645 vobis
1018 585 1090 646 civis
1114 595 1144 644 et
1165 584 1337 644 factionibus

254 694 410 756 oppressus
434 676 561 748 videbor,
577 687 611 736 ut
630 667 677 736 me
700 678 831 747 servetis,
847 679 891 736 sin
909 678 1015 749 minus,
1030 689 1063 737 nt
1083 678 1113 736 id
1132 675 1237 754 agatis,
1263 676 1338 754 quod

253 761 335 827 robis
357 769 436 848 pium
461 788 527 827 esse
548 769 690 828 videatur.
733 769 812 828 Hinc
827 781 925 828 autem
939 770 1123 848 auspicabor.
1164 767 1337 829 Perstrinse·
1378 764 1380 769 ’

254 870 322 918 runt
334 871 445 938 patrem
459 879 552 918 meum
560 860 799 938 peregrinitatis:
828 872 945 939 captum
968 873 1066 921 autem
1088 861 1227 920 sumsuh
1248 859 1337 919 Dece-

245 950 340 1010 'licum
364 951 472 1010 bellum
495 952 531 1011 ab
554 952 698 1024 hostibus,
711 963 742 1012 et
756 953 923 1014 Leucadem
941 953 1098 1024 venditum,
1118 971 1185 1012 cunr
1203 952 1233 1010 in
1247 951 1337 1011 Lean·
1446 1025 1448 1028 y

254 1043 337 1102 sirum
350 1045 516 1104 histrionem
531 1043 688 1116 incidisset,
703 1045 741 1105 ad
762 1056 832 1104 suos
854 1045 941 1123 longa
960 1055 1027 1124 post
1050 1063 1116 1104 esse
1135 1063 1281 1104 reversum
1298 1046 1338 1103 in·
1446 1054 1448 1075 '

186 1145 190 1152 ⁴
246 1137 401 1208 columem,
415 1139 623 1215 preterierunt.
668 1137 727 1197 Sed
751 1138 835 1216 quasi
859 1137 942 1197 nobis
964 1148 1081 1217 propter
1105 1137 1160 1205 illa
1182 1137 1336 1197 infortunia
1446 1130 1448 1167 ³

131 1247 134 1256 ¹
211 1243 213 1246 ·
253 1229 429 1306 pereundum
446 1229 492 1300 sit,
508 1230 718 1314 peregrinitatis
739 1249 805 1288 eum
828 1239 1012 1288 accusarunt.
1044 1229 1118 1305 Ego
1131 1247 1200 1287 vero
1215 1249 1269 1307 per-
1281 1227 1337 1288 hac
1446 1220 1447 1223 ¹

253 1317 315 1397 ipsa
333 1320 514 1398 potissimum
528 1321 693 1390 ostendam,
711 1339 778 1379 eum
792 1319 1000 1380 Atheniensem
1021 1319 1120 1378 fuisse.
1162 1319 1206 1378 Ac
1221 1319 1338 1398 primum

250 1411 290 1471 de
301 1402 401 1490 ejus'et
411 1412 587 1491 captivitate,
596 1423 626 1472 et
634 1413 833 1491 redemptione
843 1421 933 1472 testes
944 1413 1025 1472 vobis
1039 1411 1198 1490 producam
1210 1431 1219 1470 t
1234 1412 1335 1472 deinde

253 1523 319 1562 eum
334 1523 490 1575 reversum,
504 1523 522 1564 a
534 1505 644 1584 patruis
659 1495 833 1563 facultatum
846 1515 956 1584 partem
970 1505 1137 1583 accepisse:
1158 1518 1274 1582 postea,
1289 1525 1337 1564 nec

251 1594 281 1654 in
304 1595 510 1674 municipibus,
525 1616 579 1656 nec
601 1596 631 1655 in
652 1596 819 1667 curialibus,
836 1616 890 1656 nec
911 1597 978 1657 alibi
1001 1601 1125 1675 usquam
1144 1597 1183 1654 ob
1203 1594 1337 1656 sermonis

252 1686 499 1764 peregrinitatem,
513 1696 546 1747 ut
566 1687 750 1766 peregrinum
775 1688 812 1756 ab
834 1687 895 1747 ulio
915 1707 983 1749 esse
1003 1696 1181 1760 accusatum,
1194 1706 1250 1765 age
1272 1707 1337 1768 cape
1446 1712 1447 1773 p

252 1777 427 1838 testimonia.
617 1790 620 1794 ’
957 1771 962 1782 “
1124 1794 1126 1799 ·

664 1995 928 2058 TESTIMONIA.

251 2137 300 2198 Dc
313 2141 481 2220 captivitate
494 2139 622 2219 quidem,
638 2151 668 2200 et
681 2140 817 2200 incolumi
831 2141 920 2220 patris
934 2141 989 2201 mei
1010 2141 1105 2202 reditu
1120 2141 1151 2201 in
1164 2142 1278 2213 urbem,
1291 2161 1338 2202 au·
1446 2168 1447 2175 ¹

251 2231 345 2292 distis.
386 2233 461 2292 Eum
482 2243 579 2292 antem
593 2243 718 2292 vestrum
739 2233 831 2292 fuisse
852 2234 1027 2292 civem—rei
1039 2233 1117 2293 enim
1135 2234 1242 2294 veritas
1259 2235 1298 2294 ita
1309 2251 1337 2292 se

249 2323 388 2397 habet—,
402 2334 493 2384 testes
507 2344 580 2384 voco
602 2345 641 2384 ex,
661 2326 792 2404 cognatis
813 2326 904 2403 patris
927 2324 983 2383 mei
1000 2326 1049 2403 qui
1068 2337 1138 2386 sunt
1159 2325 1339 2406 superstites.
1446 2374 1447 2413 ἦ

250 2416 378 2477 Primum
399 2425 495 2475 autem
519 2416 715 2479 Thucritidem
736 2417 806 2476 mihi
829 2437 914 2489 voca,
926 2417 1186 2480 et=Charisiadem
1229 2419 1338 2479 Horum
1446 2424 1447 2433 ’

249 2510 326 2569 enim
349 2520 431 2588 pater
446 2510 604 2581 Charisius,
618 2512 706 2571 frater
729 2510 786 2571 ,fuit
805 2510 852 2569 avi
872 2510 928 2569 mei
942 2510 1131 2584 Thucritidoe,
1144 2522 1175 2571 et
1193 2511 1338 2592 Lysareta
1446 2557 1447 2572 .

207 2602 211 2621 ¹
238 2601 322 2659 vavire
335 2620 419 2672 meae,
433 2612 463 2671 et
476 2613 596 2681 patruus
610 2602 699 2681 patris
714 2601 787 2661 mei:
810 2621 938 2661 sororem
949 2600 1025 2661 enim
1038 2602 1162 2661 duxerat
1176 2621 1251 2662 avus
1262 2621 1337 2661 meus

248 2694 473 2779 nouuterinarn.
516 2694 631 2753 Deinde
657 2695 820 2755 Nisiadem.
864 2695 941 2753 Nam
960 2696 1024 2773 ejus
1046 2715 1162 2775 quoque
1181 2708 1268 2775 pater
1286 2680 1337 2774 hyl

251 2784 348 2845 sanias
370 2786 457 2845 frater
479 2786 535 2845 tuit
556 2786 737 2847 Thucritidre
752 2797 783 2845 et
803 2786 961 2866 Lysaretra,
974 2797 1005 2847 et
1024 2788 1114 2867 patris
1132 2788 1191 2847 mei
1213 2799 1338 2868 patruus.

179 2930 181 2934 .
249 2878 324 2947 Post
345 2879 555 2940 Nicostratum.
597 2880 674 2939 Nam
696 2880 759 2959 ejus
784 2898 901 2958 quoque
922 2889 1006 2960 pater
1026 2879 1175 2952 Nisiades,
1193 2898 1289 2959 nepos
1305 2896 1338 2937 ex
1366 2904 1370 2907 ·

247 2971 336 3033 fratre
350 2973 406 3033 fuit
418 2973 462 3034 avi
477 2973 533 3034 mei
551 2983 579 3032 et
593 2972 675 3042 aviae,
691 2982 721 3031 et
740 2971 815 3050 patri
836 2990 903 3031 meo
922 2971 1126 3034 consobrinus.
1168 2972 1254 3032 Voen
1273 2969 1338 3032 mihi

248 3063 302 3125 hos
315 3084 426 3133 omnes.
467 3064 512 3123 Tu
526 3084 594 3125 vero
608 3064 680 3125 slste
694 3083 810 3143 aquam.

713 3304 875 3364 TESTES.

248 3447 308 3514 Qui
320 3447 408 3527 igitur
421 3466 440 3507 a
452 3440 518 3507 viris
532 3449 607 3527 patri
621 3466 686 3507 meo
700 3447 817 3525 cognati
831 3447 958 3514 fuerunt,
972 3462 1024 3505 eos
1036 3445 1199 3517 audivistis,
1214 3458 1247 3508 et
1260 3448 1337 3509 teati-
1446 3521 1448 3540 Ι

245 3538 367 3600 ficantes
381 3548 411 3599 et
423 3538 598 3619 dejurantes,
611 3551 835 3617 patrem-meum
856 3538 1049 3597 necessarium
1070 3538 1112 3597 eis
1131 3548 1162 3597 et
1183 3550 1339 3619 cognatum
1446 3542 1448 3572 ³

128 3690 132 3703 ,
199 3632 200 3635 ’
245 3630 346 3702 inisse,
369 3651 492 3710 quorum
511 3632 610 3709 ntique
630 3649 716 3690 nemo
739 3631 768 3689 in
791 3642 951 3709 conspeetu
971 3647 1082 3702 eorum,
1104 3630 1154 3709 qui
1175 3631 1242 3691 iaisi
1261 3630 1339 3692 testi·

244 3724 335 3784 monii
350 3724 377 3784 ei
390 3725 500 3785 conscii
515 3732 624 3795 essent,
639 3722 758 3783 exitium
774 3722 827 3781 sibi
848 3715 1027 3801 imprecatus
1036 3722 1189 3802 pejerabit.
1201 3735 1204 3744 ²
1217 3724 1301 3805 Cape
1311 3732 1339 3782 et

243 3816 360 3876 illorum
374 3819 424 3896 qui
438 3817 513 3897 patri
526 3838 544 3877 a
556 3815 722 3877 mulieribus
735 3816 855 3894 cognati
869 3826 948 3887 sunt,
962 3814 1137 3875 testimonis.

649 4035 927 4115 rssrrur'ourn.

242 4200 301 4269 Qui
325 4202 411 4281 igitur
431 4220 447 4259 e
469 4200 602 4277 cognatis
623 4196 801 4283 meipatris,
816 4207 875 4254 tam
891 4196 990 4255 avitis
1010 4178 1137 4273 quartia
1159 4195 1337 4266 mulieribus,

207 4297 211 4305 '
238 4295 407 4371 superstites
428 4302 507 4363 sunt,
530 4310 580 4351 eos
597 4290 790 4349 testificantes
816 4287 976 4360 audivistis,
997 4304 1065 4347 eum
1086 4288 1222 4366 utrinque
1243 4284 1337 4346 fuisse

239 4386 455 4456 Atheniensem,
474 4397 505 4445 et
532 4382 594 4443 sine
617 4382 814 4442 controversia
835 4386 886 4457 jus
912 4380 1051 4459 habuisse
1072 4381 1211 4467 civitatis.
1255 4380 1337 4439 voe·

241 4473 308 4533 mihi
322 4484 351 4537 et
364 4478 490 4536 curiales
505 4466 537 4539 et
550 4474 657 4545 deinde
671 4472 804 4552 gentiles.
