2967 4950
457 285 675 352 ADVERSUS
699 285 946 350 CALLIPPUM.
1157 350 1159 354 ,
1191 289 1250 348 tot

148 459 218 502 eum
235 437 313 522 patri
327 449 394 504 meo'
405 455 604 508 monstrarent
617 454 648 508 et
661 447 910 519 commendarent,
923 465 989 505 cunr
1004 463 1126 525 peregre
1145 439 1249 504 rediis-

149 545 205 596 set.
228 535 343 597 -Solent
353 545 451 597 autem
462 555 566 599 omnes
574 541 722 612 mensarii,
734 539 759 598 si
773 539 838 618 quis
851 540 940 598 homo
953 537 1083 617 privatus
1092 537 1248 617 pecuniam

148 627 271 707 deponit
294 648 389 708 quam·
408 630 494 690 alicui
511 632 595 691 reddi
604 645 606 652 ’
609 633 704 708 jubet,
719 631 988 710 scribereprimum
1004 647 1111 689 nornen
1129 629 1248 708 deposi-

147 720 231 781 toris'
246 731 276 781 et
295 723 429 800 pecuniae
454 741 613 784 summam:
635 724 749 790 deinde·
767 724 943 793 adscribere,
966 722 1013 783 cui
1031 709 1182 781 reddenda
1200 723 1248 781 sit.

139 812 239 882 ¹(duod
250 831 252 834 ·
263 814 297 873 si'
308 814 412 874 faciem
431 809 540 876 norunt
561 813 687 877 hominis
712 816 760 876 cui
779 835 815 876 ea
832 814 985 875 reddenda
1001 824 1062 886 est,¹
1079 815 1110 874 id
1133 809 1248 874 tantum

146 903 275 976 faciant,
287 914 321 965 ut
344 906 472 968 scribant
494 908 552 968 cui,
566 908 605 968 sit
623 909 789 968 reddenda:
818 906 870 968 ¹sin
890 907 1035 986 ignorant,
1048 908 1168 988 insuper
1184 908 1248 987 ejus

148 997 241 1057 etiam
259 1015 363 1058 nomen
383 998 532 1080 adjiciunt,
548 1001 599 1079 qui
616 1001 875 1081 commendaturus
888 1009 935 1060 est
954 1009 985 1058 et
1005 1010 1177 1060 ostensurus
1195 999 1249 1058 110⁴

150 1088 269 1160 minem,
283 1091 330 1151 cui
346 1093 474 1172 pecunia
486 1103 531 1152 est
545 1091 738 1176 numeranda.
1086 1140 1089 1149 .
1232 1138 1236 1148 .

190 1185 220 1242 3.
231 1229 234 1234 .
244 1184 320 1244 Cum
333 1205 403 1246 vero
415 1185 514 1265 Lycen
528 1205 564 1245 ea
576 1183 693 1245 fortuna
707 1205 779 1248 usus
792 1195 880 1255 esset,
895 1185 1039 1245 utstatim
1052 1196 1120 1265 post
1138 1185 1248 1244 abitum

146 1274 227 1336 circa
239 1275 337 1336 sinum
350 1275 518 1356 Argolicum
540 1287 571 1337 et
591 1296 703 1337 merces
718 1278 782 1358 ejus
804 1298 823 1338 a
836 1275 1249 1357 piraticisknaribus'excepta

147 1369 252 1448 Argos
269 1369 445 1430 veherentur
464 1379 494 1430 et
516 1369 579 1448 ipse
599 1369 708 1448 sagitta
721 1370 796 1430 ictus
811 1370 966 1441 occideret,
981 1368 1133 1448 Callippus
1147 1369 1247 1428 statim

146 1461 186 1522 ad
198 1459 430 1523 'mensam‘venit
445 1462 574 1542 rogitans
588 1463 955 1543 Lyconem-Heracleotam
968 1482 1012 1522 an
1019 1462 1153 1521 nossent.
1169 1461 1247 1520 .Re·

146 1553 315 1633 spondente
329 1554 523 1628 Phormione,
538 1574 570 1614 se
591 1558 711 1615 nossez'
725 1546 856 1635 nunquid
877 1555 961 1616 vobis
986 1556 1074 1617 etiam
1087 1573 1158 1614 usus
1178 1553 1248 1613 esti

136 1646 296 1726 itaiuqriit
310 1647 448 1707 Phormio
459 1667 467 1716 r
480 1646 540 1707 ¹red
554 1667 613 1708 cur.
625 1647 808 1728 interrogas?
842 1648 914 1708 curi
936 1667 1003 1727 ego,
1018 1647 1122 1726 inquit,
1136 1646 1188 1706 tihi
1203 1646 1248 1718 di·-

145 1741 227 1799 cam.'
245 1769 248 1774 ·
265 1739 319 1799 Ille
332 1739 419 1809 obiit;
439 1759 496 1820 ego
506 1741 574 1800 v'ero
588 1751 759 1820 procurator
772 1760 838 1800 sum
853 1741 1096 1800 Heracleotarum
1105 1740 1246 1798 omnium.

145 1831 222 1892 Peto
236 1841 335 1891 autem
348 1840 383 1891 ut
396 1831 465 1891 mihi
483 1833 621 1892 ostendas
642 1833 768 1905 tabulas,
778 1833 941 1904 nescim,
960 1833 1093 1911 nunquid
1111 1851 1247 1891 nummo·

144 1945 211 1986 rum
224 1925 394 2004 reliquerit:
413 1943 535 1985 necesse
549 1927 627 1985 enim
640 1927 710 1985 mihi
724 1936 771 1986 est
788 1924 918 1985 omnium
932 1924 1175 1986 Heracleotarum
1195 1943 1247 1985 cu-

144 2037 209 2078 ram
219 2017 338 2077 habere.
369 2018 435 2085 Quo
448 2017 558 2088 audito,
575 2018 708 2089 Judices,
724 2008 862 2078 Phormio
877 2018 976 2077 statim
986 2017 1136 2096 evestigio
1146 2029 1246 2077 osten-

145 2107 211 2169 dit:
243 2109 370 2168 Ostensa
384 2109 494 2181 tabula,
510 2110 590 2170 solus
606 2111 668 2190 ipse
688 2130 752 2170 earn
766 2109 847 2189 legit
866 2120 898 2168 et
916 2129 1004 2169 nemo
1021 2109 1106 2180 alius,
1120 2129 1246 2188 cumque

145 2201 324 2264 vidissetin
347 2221 383 2262 ea
408 2203 548 2285 scripturn
583 2204 715 2284 Lycon
747 2204 1244 2264 He'racleota--u.nc.xa.

148 2295 414 2375 Cephisiadae
437 2288 1245 2375 reddendas-'-Archebiadeshampren·

137 2387 430 2448 ,sisostendet
453 2387 747 2466 Cephisiadem
768 2388 1246 2470 tacitusabiit,etampliusquin·
1301 2407 1303 2413 ¹

146 2482 368 2563 que'meusibus
380 2482 494 2542 nullum
507 2484 629 2543 verbum
643 2483 723 2543 lecit.
766 2484 841 2544 Cum
863 2494 960 2543 autem
981 2484 1174 2563 Cephisiades
1193 2485 1246 2545 ad-

139 2575 276 2645 uenisset
298 2584 385 2653 atque
409 2574 447 2634 ad
466 2594 597 2635 mensam
622 2577 777 2636 accederet
791 2586 829 2636 ‘et
851 2576 1199 2656 pecuniampostularet,
1216 2588 1247 2637 et

146 2667 346 2729 Archebiades
354 2686 395 2727 ac
417 2667 557 2728 Phrasius
570 2668 716 2742 adessent,
735 2688 809 2749 quos
824 2670 922 2750 Lycon
934 2669 1009 2748 patri
1020 2660 1247 2742 ¹commendarat

132 2768 177 2820 'et
190 2759 396 2837 Cephisiadern
409 2779 475 2820 curn
486 2760 612 2821 venisset
622 2762 698 2841 patri
708 2762 862 2821 ostendere
870 2761 1012 2841 jusserat,
1025 2763 1144 2841 quinam
1158 2776 1246 2836 esset,

145 2853 342 2931 praesentibus
356 2850 443 2911 etiarn
463 2852 537 2925 aliis,
553 2863 758 2915 annumeratas
773 2854 800 2914 ei
820 2854 1060 2914 sedecim'minas
1076 2866 1106 2915 et
1119 2856 1245 2933 quadra·

147 2944 231 3023 ginta
238 2943 399 3005 ‚drachmas
413 2944 543 3005 reddidit
557 2946 703 3008 Phormio.
745 2947 819 3006 Haec
837 2966 905 3005 vere
924 2966 943 3005 a
959 2966 1008 3005 me
1030 2947 1088 3007 dici
1103 2958 1137 3006 ut
1153 2966 1244 3027 appe-

147 3045 222 3108 reat,
234 3036 336 3096 harum
349 3056 445 3097 rerum
458 3040 586 3099 omnium
599 3038 766 3099 testimonia
779 3038 862 3098 robis
875 3038 1021 3117 legentur.

275 3271 279 3279 ,
442 3246 467 3282 *.
501 3248 517 3255 ι,
569 3206 837 3288 TESTIMONIA.
937 3273 940 3281 ,
1214 3271 1216 3274 .

151 3362 153 3367 -
187 3327 219 3383 4.-
240 3324 292 3383 Me
306 3344 372 3384 vere
385 3324 484 3389 omnia
497 3322 606 3385 dixisse
621 3325 701 3404 apud
713 3344 779 3398 ros,
798 3324 932 3397 iudices,
947 3342 964 3383 e
978 3324 1151 3384 testimoniis
1162 3325 1246 3385 audi·

137 3414 238 3477 sistis.
281 3415 466 3496 congressus
480 3417 822 3496 autemlongo'tempore
830 3429 898 3497 post
911 3437 980 3476 cum
992 3426 1076 3496 patre
1090 3435 1157 3477 meo
1175 3418 1244 3477 Cal-

145 3508 244 3587 lippus
258 3508 289 3568 iu
302 3511 384 3583 urhe,
398 3516 575 3587 rogaturam
585 3511 647 3589 jam
663 3510 832 3569 advenisset
846 3509 1038 3590 Cephisiades
1050 3511 1097 3569 cui
1106 3503 1245 3589 iuscripta

146 3604 377 3681 esset‘pe'cuuia
396 3602 549 3661 reddenda
570 3622 588 3661 a
608 3600 731 3682 Lycone
754 3599 933 3663 Heracleote
954 3602 1078 3662 relicta?
1109 3603 1245 3682 Respon-

145 3692 347 3774 dentem'atre,
361 3694 472 3775 opinari
486 3716 528 3768 se,
547 3695 600 3755 sed
619 3696 644 3755 si
664 3696 693 3753 in
709 3695 853 3754 Piraeeum
873 3693 1052 3755 descendere
1066 3694 1170 3765 vellet,¹
1181 3714 1245 3755 cer-

144 3787 386 3859 tumsciturumr
414 3788 501 3847 Nosti
514 3788 612 3867 igitur,
625 3786 736 3866 inquit,
747 3788 845 3860 Pasio,
864 3788 935 3866 quid
949 3796 979 3847 te
995 3786 1246 3867 rogemi-atqus

143 3881 187 3941 ita
200 3880 305 3940 me‘dli
322 3880 447 3960 demque
464 3900 566 3940 omnes
580 3892 689 3953 ament,
703 3900 763 3939 non
780 3880 905 3939 mentiar
917 3876 1074 3959 quicquam
1087 3880 1167 3959 apud
1181 3900 1245 3953 vos,

144 3971 280 4044 iudices,
296 3972 360 4043 sed,
370 3992 436 4051 quse
450 3990 469 4031 a
481 3984 563 4052 patre
577 3972 685 4045 andivi,
699 3974 823 4031 narrabo
836 3971 1055 4032 vobis.'-'-Licet
1068 3971 1121 4031 tibi
1135 3991 1201 4031 esse
1213 3972 1245 4030 in

144 4086 194 4125 me
207 4064 361 4135 beneficio,
377 4066 438 4124 sine
451 4066 512 4125 ullo
527 4077 578 4126 tuo
598 4066 793 4125 detrimento:
814 4084 879 4124 sum
892 4073 1065 4144 procurator
1087 4064 1244 4123 Heracleo-

146 4168 262 4217 tarum:
284 4158 370 4217 malis
385 4168 492 4229 autem,
507 4168 540 4216 ut
559 4160 660 4237 opinor
678 4177 745 4237 ego,
759 4174 806 4217 me
825 4158 957 4237 accipere
969 4156 1134 4237 pecuniam,
1156 4174 1244 4235 quarn

146 4236 324 4329 inquilinum
336 4250 484 4310 hominem
499 4251 581 4331 Scyri
593 4252 775 4311 habitantem
788 4259 819 4310 et
829 4250 921 4310 nihili.
964 4251 1036 4310 Tale
1049 4259 1148 4307 autem
1160 4249 1244 4329 quid-

145 4338 223 4403 dam'
231 4341 347 4403 accidit.
379 4334 481 4423 Lycon
494 4354 525 4402 et
538 4344 627 4403 orbus
641 4352 687 4403 est
700 4351 732 4401 et
744 4340 857 4400 nullum
870 4340 1017 4400 haeredem
1030 4338 1108 4398 domi
1117 4338 1244 4420 reliquit,

146 4444 182 4493 ut
194 4452 252 4513 ego
265 4433 370 4495 audio:
391 4443 542 4514 praeterea,
558 4436 699 4515 ut·Argos
714 4432 872 4513 perductus
890 4443 937 4493 est
947 4431 1127 4506 uulneratus,
1141 4452 1247 4512 procu·
