2967 4950
256 347 314 406 rac
596 343 768 408 cousus
789 341 990 404 nemesus.
1067 416 1069 421 ¹

254 499 649 574 aorem,et1³haucnetocui
666 496 810 578 Strybelae
827 514 934 559 nomeu
955 502 1013 568 est,
1026 511 1092 571 quoe
1115 491 1270 572 Theogeui
1289 490 1348 569 regi

254 593 416 667 sacrificulo
432 602 581 673 nupserat,
596 591 710 652 Neaeroe
720 609 788 650 esse
800 588 919 648 liberos.
961 583 1049 656 Quod
1067 585 1092 644 si
1108 585 1352 662 equaeationihus

254 685 471 764 comperiretur,
486 685 666 764 Stephanum
685 682 777 742 civem
803 679 923 741 duxisse
944 697 1076 751 morem,
1097 687 1129 738 et
1146 679 1255 741 liberos
1278 679 1352 738 istos

254 797 291 838 ex
314 778 370 840 alia
392 779 514 838 muliere
534 778 596 838 cive
622 776 799 855 suscepisse,
815 793 875 856 non
896 792 914 832 e
935 771 1051 845 Nereae,
1074 771 1149 832 velle
1170 791 1217 832 me
1238 773 1277 830 ab
1295 770 1353 840 hac

253 870 368 947 actione
382 871 534 945 desistere,
548 880 580 928 et
591 886 653 944 pop
666 867 764 928 venire
780 867 811 925 iu
825 864 981 946 judicium.
1022 863 1101 924 Nam
1114 863 1223 924 habere
1242 863 1273 930 iu
1292 883 1354 924 ma·

253 961 389 1023 trimonio
401 963 458 1023 hoc
473 972 527 1036 est,
548 962 572 1034 si
597 961 664 1039 quis
685 960 791 1020 liberos
813 957 944 1036 suscipit,
958 957 982 1018 si
996 975 1063 1015 cum
1084 956 1123 1015 ad
1139 955 1277 1030 curiales,
1291 965 1353 1015 tum

254 1053 293 1115 ad
305 1055 467 1138 municipes
482 1054 640 1128 iptroducit
654 1053 740 1126 filios,
755 1053 781 1112 si
791 1051 864 1112 filias
879 1070 930 1130 pro
945 1049 1004 1111 suis
1016 1058 1141 1127 nuptum
1154 1048 1261 1115 elocat.
1289 1048 1354 1106 Me·

253 1147 370 1208 tetricas
392 1148 469 1208 enim
488 1167 581 1210 ‘causa
601 1145 761 1226 voluptatis
785 1144 908 1205 alimus:
935 1141 1115 1203 concubinas
1138 1151 1258 1221 propter
1279 1157 1353 1218 quo-

191 1267 193 1270 ·
253 1237 366 1302 tidiana
378 1241 546 1312 ministeria,
561 1248 592 1300 et
605 1238 785 1300 curationem
796 1235 943 1318 corporis:
957 1253 1064 1305 uxores
1077 1243 1194 1313 propter
1204 1233 1353 1312 ingenuos

252 1329 359 1392 liberos
378 1333 595 1416 suscipiendos,
613 1341 644 1391 et
661 1330 777 1390 fidelem
792 1330 835 1389 rei
850 1319 1004 1389 *familiaris
1026 1326 1352 1397 administrationemet

252 1424 428 1484 custodiam.
448 1423 577 1484 Proinde
591 1423 616 1484 si
629 1422 710 1502 prius
724 1421 873 1486 mulierem
885 1421 979 1482 civem
993 1419 1130 1490 duxerat,
1146 1428 1178 1480 et
1189 1439 1228 1478 ex
1241 1419 1295 1477 illa
1306 1417 1353 1478 isti

253 1514 334 1576 liberi
348 1526 426 1588 sunt,
439 1535 499 1576 nou
511 1517 636 1588 Ncaerae,
646 1515 677 1574 id
692 1515 718 1574 ei
735 1514 898 1574 certissimo
912 1513 994 1578 licuit
1003 1512 1157 1572 ostendere
1172 1511 1351 1584 testimonio,

252 1607 365 1668 traditis
388 1607 509 1680 aucillis.
551 1608 592 1666 Ut
612 1618 710 1668 eutem
723 1607 801 1666 hanc
814 1606 858 1665 illi
871 1603 1069 1678 conditionem
1089 1624 1137 1664 me
1159 1603 1264 1664 tulisse
1282 1624 1350 1664 con·

252 1708 321 1773 stet,
334 1708 365 1760 et
377 1699 573 1774 testimouium
587 1681 618 1762 et
629 1701 695 1780 ipsa
708 1699 791 1760 vobis
804 1697 991 1759 denunciatio
1006 1697 1129 1776 legetur.
1152 1697 1262 1759 Recita
1269 1696 1349 1758 testi·

252 1791 391 1868 monium,
405 1791 513 1854 deinde
527 1791 795 1862 denunciationem.

643 1993 948 2058 TESTIMONIUM.
984 2063 986 2066 ¹

293 2123 452 2188 Hippocrates
470 2123 626 2188 Hippocratis
652 2126 714 2173 lilius
735 2125 887 2182 Probalisins,
906 2125 1076 2173 Demosthenes
1100 2122 1268 2175 Demosthenis
1287 2123 1348 2172 filins

252 2201 403 2260 Maiensis,
415 2201 550 2264 Diophanes
560 2201 688 2263 Diophanis
699 2203 759 2250 lilius
767 2201 930 2265 Alopecensis,
941 2202 1067 2250 Diomenes
1078 2199 1189 2252 Archelai
1200 2200 1262 2248 lilius
1273 2202 1349 2263 (lyda-

251 2277 397 2334 theanensis.
407 2279 491 2328 Diuias
511 2279 644 2330 Phormidrc
666 2279 728 2328 filius
741 2280 893 2342 Cydantides,
914 2279 1067 2340 Lysimachus
1078 2278 1180 2340 laysippi
1193 2277 1256 2327 filius
1267 2278 1349 2340 AEgia·

250 2339 330 2412 lensii,
341 2361 463 2420 testentur,
473 2371 499 2403 se
508 2355 603 2418 affuisse
611 2356 635 2404 in
643 2355 702 2412 foro,
714 2372 766 2404 cam
777 2355 935 2417 Apollodorus
942 2355 1061 2417 Stephano
1067 2353 1225 2402 conditionem
1233 2353 1348 2414 sanctae

251 2438 342 2495 peterat
352 2438 378 2484 ut
388 2431 418 2479 ad
430 2431 580 2495 questionem
591 2432 658 2481 deret
669 2433 774 2490 ancillas,
784 2446 863 2480 earnm
880 2447 957 2481 rernm
971 2446 1043 2479 eausa
1052 2445 1150 2495 quarum
1160 2431 1191 2479 dc
1201 2431 1288 2483 Neaera
1298 2432 1349 2480 Ste-

250 2508 351 2569 phanum
361 2510 499 2557 occurebat:
515 2510 557 2557 sed
572 2511 711 2571 Stephanum
723 2508 826 2558 noluisse
837 2510 931 2558 ancillas
942 2510 1049 2558 caderes
1061 2508 1263 2559 denunciationem
1273 2517 1348 2559 autem

252 2600 302 2631 eam
313 2601 365 2633 esse
377 2602 444 2649 quam
456 2587 564 2635 exhibeat
574 2586 747 2649 Apollodorus,

252 2700 318 2785 Age
331 2702 422 2763 recita
433 2701 514 2781 ipses
527 2701 708 2763 conditiones
718 2721 792 2782 quas
808 2701 958 2783 Stephano
973 2686 1038 2762 tuli,
1097 2766 1100 2771 ,
1178 2688 1182 2694 ’

652 2919 955 2981 DENUNGIATIO.

283 3082 335 3131 Has
354 3079 498 3129 conditiones
517 3078 571 3127 tulit
589 3078 746 3141 Apollodorus
761 3076 886 3139 Stephano,
904 3090 983 3123 earum
999 3091 1077 3147 rerum
1093 3090 1164 3126 eausa
1181 3081 1278 3137 propter
1293 3090 1348 3138 quas

250 3157 363 3205 actionem
374 3158 487 3206 adversus
498 3172 551 3204 euru
562 3154 703 3212 instituerat,
714 3156 821 3202 Nereram
833 3152 977 3214 peregrinam
989 3168 1041 3200 asse
1056 3158 1081 3200 et
1096 3152 1143 3199 civi
1155 3152 1273 3213 nupsisse,
1284 3166 1346 3215 para·

250 3240 288 3281 tus
299 3234 327 3281 ad
338 3235 487 3296 quaestionem
496 3233 600 3294 accipere
612 3232 707 3279 ancillor
716 3232 816 3287 Neaerae,
828 3245 885 3291 quas
894 3230 934 3277 illa
941 3228 1046 3291 Megaris
1057 3244 1137 3276 mcum
1147 3230 1257 3285 adduxit,
1266 3230 1348 3276 'l'hnt-

249 3316 297 3357 tam
308 3316 333 3357 et
342 3310 497 3367 Coccalinam,
508 3317 540 3363 st,
549 3324 607 3371 quas
617 3309 702 3356 deinde
710 3309 773 3370 apud
783 3308 926 3368 Stephanum
937 3308 1089 3368 comparavit,
1101 3306 1244 3362 Xennidesnx
1252 3311 1278 3355 et
1287 3308 1347 3353 Dro-

252 3384 336 3440 sidem‚
345 3401 396 3445 quea
413 3401 462 3433 rem
474 3386 529 3433 satis
546 3386 662 3447 cognitam
675 3386 786 3433 haherent
802 3384 832 3431 de
843 3384 933 3433 Nem
946 3383 1036 3439 liberis,
1046 3398 1087 3431 eos
1100 3398 1146 3435 non
1158 3383 1273 3444 Stephani
1287 3398 1348 3438 essa,

250 3460 385 3507 Proxeuum
396 3460 539 3515 defunctum,
549 3468 573 3507 et
584 3460 717 3507 Aristonem
734 3459 891 3521 superstitem,
903 3467 928 3505 et
936 3459 1099 3506 Antidoridem
1112 3474 1242 3515 cursorem,
1252 3466 1277 3510 et
1288 3459 1348 3507 Phe·

252 3550 344 3584 nonem.
377 3536 436 3595 Quae
448 3536 469 3583 si
480 3537 607 3583 faterentur
617 3554 630 3583 s
641 3538 761 3599 Stephano
776 3543 800 3583 et
817 3536 903 3585 Neaera
913 3551 954 3582 eos
966 3552 1019 3584 esse
1036 3536 1132 3591 liberos,
1144 3537 1291 3585 vendendam
1301 3539 1348 3585 Ne·

251 3626 321 3659 seram
329 3618 356 3660 ut
363 3613 460 3673 jubeant
470 3612 543 3675 leges,
558 3624 582 3658 et
594 3612 682 3659 liberos
693 3628 736 3673 pro
748 3612 878 3673 peregrinis
889 3612 1020 3659 habendos:
1037 3612 1072 3659 sin
1084 3628 1125 3659 eos
1137 3628 1183 3659 non
1195 3629 1229 3660 ex
1241 3613 1297 3670 ista,
1307 3613 1348 3660 aad

251 3702 281 3735 ex
297 3686 341 3734 alia
351 3687 447 3735 muliare
463 3687 515 3734 cire
526 3702 578 3733 esse
593 3687 706 3743 dicerent,
716 3688 829 3735 desistere
839 3688 915 3736 voluit
931 3690 960 3735 ab
969 3688 1061 3735 actione
1071 3695 1153 3735 contra
1161 3688 1272 3736 Neaeram
1284 3688 1349 3736 insti·

167 3819 169 3822 r
249 3768 307 3837 tela.
340 3764 380 3820 Et,
390 3764 411 3811 si
422 3763 477 3825 quid
486 3763 623 3811 calamitatis
634 3763 657 3809 in
669 3763 790 3810 tormentis
801 3762 945 3811 mulierculis
956 3763 1091 3821 accidisset,
1101 3778 1201 3825 pensare
1208 3764 1327 3819 demun.

250 3876 313 3937 Has
331 3896 388 3956 ego
400 3877 593 3951 conditiones,
612 3877 746 3951 Judices,
765 3897 856 3957 quum
871 3876 1021 3957 Stephano
1032 3876 1159 3951 tulerim,
1174 3878 1347 3958 repudiavit.

249 3970 378 4033 Proinde
402 3971 463 4051 jain
497 3971 559 4050 ipse
583 3970 750 4052 Stephanus
775 3980 878 4050 suapte
911 3969 1057 4030 sententia
1085 3968 1226 4030 Neaeram
1250 3990 1349 4031 eorum

249 4064 411 4135 criminum,
426 4083 549 4143 quorum
562 4077 609 4125 est
622 4084 640 4124 a
651 4086 698 4124 me
717 4075 866 4135 accusata,
880 4064 1098 4134 condemnavit,
1107 4076 1139 4124 et
1158 4084 1207 4124 me
1221 4084 1293 4125 vera
1305 4064 1348 4125 di-

248 4158 327 4219 xisse
341 4158 420 4238 apud
436 4176 500 4230 vos,
516 4166 547 4216 et
560 4156 726 4218 testimonie
744 4176 813 4215 vera
826 4156 1004 4230 exhibuisse,
1017 4177 1050 4215 se
1063 4176 1133 4215 vero
1155 4176 1224 4235 quae
1245 4154 1350 4217 dixerit

248 4252 347 4311 omnia
358 4250 482 4324 mentiri,
496 4258 527 4308 et
546 4268 565 4307 a
584 4248 680 4330 seipso
700 4249 832 4309 convinci
853 4250 990 4309 vanitatis
1012 4250 1180 4322 confitetur,
1194 4260 1349 4329 postquam

248 4342 369 4403 ancillas
387 4336 466 4404 arne
480 4342 652 4422 postulatas,
666 4341 705 4401 ad
723 4341 916 4423 questionem
937 4342 1020 4408 dare¹
1033 4338 1138 4417 noluit.
1181 4342 1249 4421 Ego
1268 4362 1348 4413 vero,

249 4434 379 4511 Judices,
393 4447 423 4499 et
443 4438 575 4513 deorum,
588 4455 663 4517 quos
686 4434 734 4497 isti
758 4436 912 4510 violarunt,
926 4446 956 4496 et
977 4444 1093 4518 meopte
1114 4436 1231 4497 nomine
1246 4454 1347 4517 poenas
