2967 4950
248 303 307 360 722
587 301 761 362 CONTRA
782 294 1000 364 CONONBM.

244 457 413 518 cederetur:
435 468 465 516 et
487 458 590 518 horum
610 459 752 538 cujusque
768 458 882 536 legibus
903 458 1024 518 definita
1041 470 1110 519 srrnt
1128 460 1282 539 supplicia,
1295 479 1338 522 ne

244 567 281 609 ca
292 548 419 630 cujusvis
442 549 590 610 iracundia
603 559 654 610 aut
668 551 808 611 arbitratu
822 549 1032 629 judicarentur.
1074 551 1113 610 Et
1130 551 1195 611 baec
1215 551 1339 630 quidem

245 643 404 704 constitute
427 653 495 702 suut
517 641 652 721 legibus:
679 653 709 702 at
734 642 758 701 si
786 644 889 703 Conon
913 642 1027 715 dixerit,
1049 643 1140 723 priapi
1156 663 1256 703 sumus
1280 665 1340 704 nos

244 735 363 814 quidam
378 734 561 814 congregati,
581 742 612 794 et
624 742 779 808 amatores,
794 745 828 796 et
839 754 914 814 quos
929 735 1012 795 nobis
1025 734 1119 794 risum
1135 744 1183 796 est
1199 737 1341 796 verbera·

245 845 310 887 mus
325 839 355 888 et
364 827 545 907 jugulamus,
558 847 611 886 vos
625 847 677 887 eos
691 848 761 887 cum
774 827 834 887 risu
845 826 1024 888 absolvetisi
1049 827 1122 887 Non
1136 845 1207 887 sane
1221 827 1343 906 opinor.

246 920 352 999 Neque
369 921 446 979 euim
461 931 588 980 vestrum
602 920 737 998 cuiquem
751 919 844 979 ridere
857 919 1002 992 libuisset,
1015 919 1041 979 si
1051 938 1182 998 presens
1194 918 1343 994 affuisset,

245 1031 312 1072 cum
326 1012 456 1072 traherer
468 1022 499 1073 et
511 1031 649 1072 ensuerer
658 1022 688 1072 et
701 1011 888 1072 contumeliis
902 1014 1045 1084 afficerer,
1057 1020 1088 1072 et
1099 1031 1189 1072 sanus
1199 1031 1343 1091 egressu

246 1103 364 1164 domun
388 1115 566 1185 reportarem
590 1115 621 1164 et
642 1114 735 1165 mater
753 1124 819 1164 mea
835 1115 904 1184 post
926 1105 1066 1177 exsiliret,
1079 1115 1110 1164 et
1131 1114 1231 1164 tantus
1257 1117 1345 1166 esset

246 1199 324 1276 apud
339 1218 393 1259 nos
410 1199 518 1259 clamor
537 1209 567 1258 et
584 1198 680 1258 luctus
698 1198 864 1269 mulierum,
876 1197 1000 1278 perinde
1022 1217 1058 1258 ae
1080 1196 1107 1258 si
1128 1199 1194 1276 quis
1207 1197 1345 1272 obiisset,

245 1290 321 1350 adeo
335 1300 409 1352 utet
422 1292 581 1352 vicinorum
595 1291 714 1371 quidam
731 1291 770 1350 ad
790 1309 844 1352 uos
864 1290 1021 1360 mitterent,
1035 1291 1086 1370 qui
1097 1298 1345 1370 permutentur

245 1385 410 1463 quidnobis
425 1385 592 1446 accidisset.

285 1481 316 1538 8.
338 1479 429 1538 Nullo
445 1487 525 1538 certe
548 1477 647 1546 modo,
660 1477 791 1548 Judieee,
805 1475 891 1536 decet
910 1477 1047 1560 cuiquam
1065 1476 1127 1537 ulla
1138 1477 1176 1536 de
1188 1495 1278 1537 causa
1292 1478 1346 1538 fa-

246 1570 386 1630 cultatem
404 1581 435 1630 et
456 1569 602 1630 licentiam
625 1567 687 1629 dffl
706 1589 724 1628 a
740 1569 823 1629 robis
836 1559 955 1648 impune
968 1588 1021 1648 pro
1042 1569 1161 1630 libidine
1179 1572 1233 1629 erra
1251 1589 1347 1648 gras·

246 1661 350 1722 nudi:
372 1664 417 1722 sin
434 1662 487 1721 ulli
506 1662 593 1722 venia
606 1661 706 1722 danda
719 1671 776 1734 est,
788 1661 834 1734 iis,
849 1661 899 1740 qui
910 1670 1028 1740 propter
1039 1671 1155 1722 {etatem
1169 1673 1220 1722 ant
1233 1662 1347 1722 adole·

246 1753 387 1813 scentiam
407 1754 466 1814 tale
490 1754 561 1832 quid
583 1765 685 1833 agunt,
698 1770 735 1813 ea
755 1751 895 1832 confugia
908 1752 1084 1813 reservanda
1097 1763 1177 1825 sunt,
1188 1764 1275 1832 atque
1288 1753 1348 1818 his

245 1846 316 1925 ipsis
336 1866 396 1905 non
417 1847 456 1907 ad
472 1846 683 1926 impunitatem,
703 1845 756 1905 sed
779 1844 819 1905 ad
837 1843 976 1924 legitimus
997 1864 1093 1924 pennae
1114 1845 1346 1924 mitigetionem.

247 1939 305 2006 Qui
320 1950 417 2001 autem
425 1938 676 2020 quinquagenario
689 1938 779 2017 major
791 1937 957 1997 bominibus
963 1937 1126 2017 junioribus
1139 1937 1234 2010 adest,
1242 1936 1349 2016 iisque

246 2030 320 2103 filiis,
334 2051 386 2092 eos
407 2041 505 2092 autem
530 2032 605 2092 adeo
629 2050 689 2091 non
709 2030 834 2093 deterret
853 2039 905 2090 aut
926 2029 1069 2108 prohibet,
1089 2040 1124 2090 ut
1145 2030 1205 2110 ipse
1221 2029 1287 2088 dux
1313 2041 1349 2092 et

246 2131 348 2184 auctor
360 2133 391 2184 et
404 2113 534 2184 omnium
548 2122 781 2183 uecordissimus
794 2121 842 2194 sit,
856 2141 916 2200 quo
924 2121 980 2182 iste
992 2122 1082 2202 digno
1094 2123 1180 2183 sactis
1193 2121 1252 2181 suia
1262 2141 1348 2202 sup·

243 2215 332 2294 plicia
344 2215 508 2277 afficiunt
540 2213 683 2295 Equidem
707 2214 731 2273 si
748 2212 946 2287 interficiatur,
958 2215 1091 2276 nondum
1106 2217 1199 2295 justas
1214 2214 1349 2278 dedisse

247 2327 350 2386 peenas
364 2308 509 2368 existimo.
552 2307 668 2368 Etenim
689 2306 713 2366 si
734 2305 806 2366 nibil
818 2305 881 2386 ipse
894 2306 1096 2380 commisisset,
1113 2307 1164 2368 sed
1179 2306 1213 2380 si,
1232 2326 1268 2367 eo
1280 2310 1349 2370 ed·

248 2411 353 2471 stante,
369 2400 483 2460 Ctesias
496 2399 572 2460 filius
585 2399 647 2479 ejus
661 2418 707 2468 ea,
722 2417 789 2479 quse
801 2417 881 2458 nunc
891 2398 971 2471 fecit,
979 2399 1168 2480 designasset
1179 2419 1244 2460 eunr
1249 2400 1348 2479 jusso

248 2492 315 2553 edio
325 2493 581 2573 persequeremini.
624 2491 656 2551 si
669 2491 748 2553 enim
767 2491 811 2551 sic
822 2491 980 2555 educasset
991 2491 1067 2553 lilios
1080 2513 1160 2564 suos,
1177 2503 1210 2552 ut
1221 2492 1253 2552 in
1264 2513 1348 2555 con·

247 2596 351 2665 spectu
371 2591 435 2662 ejus
465 2585 646 2657 committere
669 2604 704 2643 ee
729 2584 901 2663 presertim
923 2604 1047 2664 quorum
1076 2586 1216 2645 nonnulla
1237 2587 1347 2665 capite

248 2678 361 2739 sancite
372 2688 554 2756 euntesque
565 2677 700 2736 timerent
712 2696 808 2755 neque
821 2679 1034 2752 erubescerent,
1048 2698 1135 2758 quam
1147 2698 1264 2759 plenam
1276 2700 1348 2741 non

247 2770 387 2831 tumuisse
415 2768 605 2831 existimatis?
649 2770 714 2848 Engo
732 2769 809 2828 enirn
830 2769 899 2830 inde
920 2770 1029 2850 colligo
1047 2791 1084 2831 ne
1106 2770 1193 2831 istum
1215 2771 1347 2850 quidem

249 2878 334 2925 suum
355 2863 479 2924 coluisse
492 2873 614 2943 patrem.
656 2862 733 2922 Nam
747 2862 773 2922 si
791 2882 860 2923 eum
880 2864 942 2943 ipse
959 2864 1099 2925 ocluisset
1120 2885 1156 2926 ac
1173 2866 1344 2938 metuisset,

247 2952 325 3015 idem
337 2965 368 3015 et
380 2955 418 3015 nb
438 2955 502 3017 istis
515 2955 570 3015 sibi
582 2954 669 3014 tribui
681 2954 854 3033 postularet

288 3050 314 3107 9.
332 3048 414 3128 Oape
427 3048 522 3127 legem
537 3047 575 3107 de
585 3046 773 3119 contumelia,
786 3057 816 3107 et
828 3048 950 3108 alteram
962 3049 1000 3109 de
1013 3049 1242 3129 grassatoribus:
1261 3052 1344 3115 istos

188 3161 193 3173 ·
248 3142 324 3200 enim
339 3141 369 3200 in
383 3140 484 3201 barum
498 3150 651 3218 utremque
663 3138 845 3200 commisisse
857 3138 1001 3201 ridebitis.

749 3305 842 3365 LEX.

249 3422 303 3482 His
321 3423 434 3501 legibus
448 3424 576 3502 utrisque
591 3422 695 3483 Conon
716 3420 859 3481 subistis
877 3420 965 3481 lactis
978 3428 1107 3481 tenetur:
1128 3442 1197 3483 narn
1213 3434 1245 3485 et
1263 3446 1340 3489 con-

248 3512 394 3574 tumeliam
406 3515 488 3585 fecit,
511 3526 541 3575 et
553 3514 681 3575 restibus
693 3514 838 3594 spoliarit.
878 3501 1005 3582 Quassi
1022 3512 1054 3573 in
1075 3514 1251 3578 ulciscendis
1272 3520 1339 3583 istis

248 3620 386 3685 rrumpere
399 3603 552 3676 noluimus,
565 3614 595 3663 et
616 3622 669 3663 uos
691 3604 823 3665 homines
841 3603 933 3684 quieti
944 3604 1130 3684 modestique
1143 3607 1235 3670 rideri
1246 3610 1340 3673 debe·

246 3711 322 3765 mus,
337 3705 367 3756 et
378 3695 434 3757 iste
448 3716 531 3775 aeque
545 3698 704 3776 improbus.
745 3698 834 3764 Quod
855 3696 880 3757 si
892 3697 965 3775 quid
977 3698 1046 3757 mibi
1064 3699 1230 3775 occidisset,
1243 3702 1338 3766 credis

247 3797 276 3846 et
289 3778 520 3867 gravissimarum
533 3806 683 3869 poenarunr
696 3799 779 3870 esset
791 3809 866 3850 reus.
901 3790 1070 3851 Braurun'ne
1083 3803 1162 3853 oerte
1176 3797 1343 3857 emendetis

245 3889 368 3959 petrem,
383 3883 431 3960 qui
450 3891 485 3939 ut
502 3882 533 3940 iu
545 3884 684 3942 confesso
696 3882 754 3942 fuit
767 3884 831 3963 ipse
850 3884 1033 3945 interfectum
1047 3906 1107 3945 non
1121 3888 1267 3967 attigerat,
1281 3892 1336 3951 sed

244 3971 456 4033 interfectorem
464 3974 635 4035 cohortatus
647 3977 742 4036 fuerat
755 3987 788 4035 ut
801 3977 936 4052 crederet,
942 3978 1021 4059 ejicit
1033 3978 1063 4038 in
1078 3981 1214 4042 exsilium
1219 3995 1337 4045 senatus

245 4086 281 4125 ex
289 4066 453 4145 Areopago.
466 4065 582 4126 Merito.
596 4068 629 4125 Si
643 4069 720 4127 enim
730 4069 750 4127 ii
764 4070 814 4149 qai
827 4070 937 4131 adsunt
946 4071 1021 4131 adeo
1029 4091 1089 4132 non
1101 4076 1258 4153 probibeat
1268 4096 1336 4155 eos,

244 4158 294 4235 qui
307 4158 353 4218 vel
366 4176 419 4237 per
432 4157 600 4217 ebrietatem
614 4160 660 4217 vel
679 4180 714 4219 ex
734 4162 885 4221 iracundia
898 4162 945 4223 rel
959 4162 1017 4223 alia
1034 4167 1173 4246 quapiam
1188 4169 1229 4228 de
1241 4187 1336 4231 causa

243 4268 366 4325 peecare
379 4248 543 4321 instituunt,
558 4258 591 4308 ut
603 4248 656 4327 ipsi
665 4252 755 4311 etiarn
767 4254 899 4327 incitent,
913 4256 996 4315 nulla
1009 4276 1078 4336 spes
1089 4260 1192 4321 salutis
1202 4272 1335 4341 superest

243 4339 268 4395 ei
282 4341 376 4419 quiin
395 4340 526 4400 homiues
547 4342 714 4427 petulantes
736 4345 881 4417 inciderit,
895 4348 949 4407 sed
968 4349 1081 4409 tamdiu
1097 4371 1201 4413 eorum
1214 4355 1335 4415 ferenda

243 4433 410 4503 protervitas
423 4432 486 4503 etit,
496 4431 571 4491 dum
586 4433 640 4511 ipsi
651 4434 871 4515 'defatigenturr
892 4439 922 4499 id
935 4440 1016 4519 qnod
1034 4441 1103 4503 mibi
1118 4444 1231 4505 eccidit.
