2967 4950
495 311 668 375 CONTRA
687 309 978 374 THEOCRINEM.
1230 315 1292 413 tob

189 473 260 548 mibi
270 471 385 552 aliquid
397 465 474 550 uq'ui
487 470 687 552 responderet,
701 469 843 551 quidnam
856 465 1127 548 tuomet-quondo
1145 467 1188 528 id:
1203 485 1291 529 urum

179 583 296 625 munus
310 559 467 636 essedicit,
482 572 516 624 ut
537 581 593 626 eos,
611 563 663 644 qui
681 563 829 624 contrario
849 560 967 643 legibus
982 560 1291 633 decernamooerce·

190 667 273 731 st-.-‚·
287 659 313 720 si
327 657 394 738 quis
408 655 488 737 apud
501 675 603 718 omues
616 656 695 718 cisse
709 656 841 716 oratione
852 654 954 716 habitu
965 653 1139 734 etprobstu,
1149 651 1292 714 decerne·

188 750 346 822 ret,.licore
353 748 554 830 ignominiosis
565 757 597 810 et
605 747 714 812 oereriis
724 767 873 822 accusare,
882 744 1292 819 indiceresdeferrefflndeni-

188 861 347 922 queugere
358 839 513 923 munuc
521 842 603 922 leges
613 841 657 904 eis
668 841 865 910 interdicunt;
876 839 1007 920 nunqrrid
1017 838 1129 900 decreti
1140 837 1292 900 suetorum

187 934 366 998 violatarum
378 935 477 1016 legum
490 945 647 996 accusaret
658 933 774 998 necne?
802 933 882 995 Num
894 933 922 994 si
933 930 1025 1006 dicut,
1034 946 1149 997 eonon
1160 951 1228 992 eme
1240 951 1292 994 eo·

189 1038 371 1102 curaturum,
383 1037 432 1090 cst
448 1045 485 1088 ne
508 1027 645 1088 bebeuds
665 1029 692 1088 ei
710 1027 796 1101 fides,
811 1045 922 1100 secus,
935 1025 1132 1104 qniscsibmt
1145 1024 1292 1086 couttdris

191 1115 310 1197 lepidus
332 1119 489 1194 observare
508 1117 679 1197 jactitasti?
711 1119 758 1180 sin
778 1114 1293 1198 occussret‚.quid2iuii1uiru,·.quum

191 1210 250 1274 ulio
274 1211 394 1272 auctore
415 1210 607 1283 intercedere,
622 1231 661 1271 ne
681 1211 713 1270 id
727 1210 899 1283 decretum,
916 1229 976 1289 quo
998 1228 1035 1270 eu
1052 1210 1294 1289 pessundetur

172 1367 175 1374 ,
190 1305 339 1375 omuibus,
350 1314 446 1367 rutum
458 1305 551 1375 fieret,
563 1304 796 1366 etucousutioue
806 1301 1103 1382 institutuperspicue
1115 1302 1293 1377 adscribens,

189 1413 253 1458 rem
267 1413 335 1456 esso
348 1393 673 1474 legibmunterdicum,
686 1415 775 1456 nuuc·
790 1395 1153 1474 istumdpsum‘fn'ctiture
1170 1413 1293 1458 mouns-

189 1489 304 1562 tiones,
310 1507 379 1548 cum
389 1486 424 1546 -id
446 1507 542 1566 neque
555 1508 573 1548 u
585 1488 694 1568 populo
710 1488 882 1566 impetrarit,
898 1505 1076 1566 usque-rom
1097 1486 1218 1568 publice
1239 1487 1293 1548 do¹

189 1577 382 1651 liberandum
390 1577 583 1661 proposuerit,
596 1581 711 1660 legibus
725 1580 757 1639 id
770 1579 954 1653 vetantibus?
964 1578 1294 1655 summanum-diser,

189 1669 292 1754 inique
306 1691 410 1734 secum
422 1673 482 1753 ogi,
502 1673 527 1733 si
539 1673 610 1734 huc
618 1671 674 1734 sibi
685 1671 857 1732 fucere'non
869 1671 1142 1751 licost„legumque
1155 1673 1294 1735 secenu-

189 1776 263 1841 tem,
275 1767 392 1847 quibus
411 1766 537 1828 'iuturus
558 1765 597 1825 sit
620 1763 834 1838 obnoxius„si·
851 1763 1294 1836 dunum-commemorabit:

190 1857 282 1938 leges,
299 1869 491 1919 autemnon.
502 1857 629 1930 meabit,
642 1857 696 1918 sed
713 1862 836 1932 tuntum·
848 1855 904 1915 sibi
920 1855 987 1916 duri
1005 1855 1127 1916 euobis
1144 1856 1294 1919 licentium

189 1950 365 2032 postulabit,
379 1961 622 2030 quantumnemo
634 1968 765 2028 uuquam
777 1957 879 2027 petere
892 1948 950 2007 t'uit
961 1949 1063 2010 ausus,
1113 1974 1118 1986 ·
1142 1972 1144 1975 ·
1240 1974 1264 1990 ¹¹

193 2089 197 2097 .
236 2045 287 2104 1.3.'
304 2045 372 2104 Jum
393 2044 474 2124 quod
487 2043 526 2102 od
540 2041 722 2104 deletionem.
735 2042 961 2121 attinet,:usque
979 2041 1294 2126 'lbeocrinemsneque

191 2137 385 2212 defensorum
389 2137 461 2218 ejus
481 2135 586 2207 ullum,
606 2133 764 2214 quicquum
776 2133 1295 2212 oequi.uliotumm,·fereomnossos

192 2229 268 2292 scire
281 2228 416 2290 existimo
426 2248 442 2302 :¹
450 2228 517 2288 t'oro
531 2235 635 2288 autem.
644 2226 779 2298 arbitror,
792 2234 836 2284 ut,
846 2225 1125 2298 dicereinstituunt,
1136 2219 1193 2295 nec
1206 2229 1296 2291 l'mere

193 2321 301 2382 deferri
314 2326 486 2401 quenquam
498 2338 609 2393 eorum,
623 2318 675 2398 qui
696 2318 727 2378 iu
752 2337 821 2379 crue
841 2337 902 2380 uon
922 2320 982 2380 siut
1001 2317 1144 2401 inscripti,
1155 2322 1296 2401 usquein

178 2405 303 2477 'semus
325 2433 378 2475 eos
400 2412 554 2475 habendos
567 2429 645 2486 esse,
665 2430 790 2491 quorum
809 2413 931 2472 nomino
950 2431 1038 2474 nemo
1056 2413 1212 2477 tradiderit
1223 2433 1296 2478 exu-

191 2508 344 2571 ctoribusu
368 2506 466 2577 Quasi
479 2526 547 2568 vero
559 2524 613 2567 vos
636 2504 734 2585 legem
754 2507 905 2585 ignoretis,
918 2508 991 2586 'qum
1005 2505 1114 2576 debere
1132 2509 1169 2568 ub
1181 2527 1229 2569 ,ce
1247 2509 1296 2571 dre

188 2604 285 2683 jobet,
305 2600 569 2680 equndnmnutus
585 2599 634 2671 sit,
649 2598 831 2678 siselegem,
845 2599 906 2661 riso
919 2598 1078 2661 decretum
1089 2599 1222 2661 violent·
1242 2614 1296 2663 snt

192 2714 263 2759 uon
270 2694 414 2755 omnibu
418 2701 531 2755 uotum
535 2692 584 2766 sit,
594 2691 694 2753 inuitis
707 2691 809 2753 modis
817 2692 920 2754 deberi
930 2693 1044 2761 ωιιιιὶο,
1054 2701 1087 2755 ot
1095 2712 1148 2755 eos
1160 2714 1212 2773 qm
1203 2695 1295 2784 tegi-

192 2789 252 2849 bus
263 2806 365 2868 perere
378 2785 479 2860 uelint,
494 2785 616 2853 solvere.
658 2785 695 2846 ld
707 2785 789 2866 quod
801 2805 839 2847 ex
852 2786 918 2868 ipsu
929 2787 997 2926 lege
1008 2788 1194 2867 perspicitur.
1227 2788 1293 2869 Age
1343 2799 1344 2803 ’

193 2880 293 2942 denuc
306 2878 376 2941 mihi
389 2897 461 2959 eope
474 2878 571 2957 legem
583 2878 672 2941 hune.

702 3050 796 3111 LEX.

195 3190 338 3265 Audisne,
358 3201 393 3253 tu
417 3194 533 3273 impuro
554 3190 677 3253 bellue?
697 3209 716 3251 u
739 3210 816 3271 quo
838 3190 906 3250 die
932 3189 1128 3251 debuerit
1153 3201 1220 3251 out
1245 3191 1293 3254 le-

195 3304 281 3365 gem
303 3284 509 3346 violurit«
532 3285 595 3345 Sed
618 3302 669 3345 eos
692 3284 775 3344 illum
795 3301 912 3363 quoquc
926 3282 1025 3363 legem
1044 3292 1215 3346 ostensuros
1229 3304 1294 3357 esse

193 3377 277 3437 vobis
300 3376 397 3448 audio,
411 3396 477 3457 quse
500 3376 600 3436 delere
619 3376 706 3457 jubet
719 3376 884 3455 inscriptos,
899 3373 924 3435 si
946 3374 1061 3435 mulctu'
1076 3375 1174 3437 soluts
1195 3377 1294 3453 fuerit,

190 3480 225 3530 et
237 3480 404 3549 rogaturos,
418 3470 567 3549 quomodo
580 3468 692 3530 mulcta
704 3487 816 3552 eorum,
835 3468 885 3547 qui
899 3486 959 3528 non
972 3467 1105 3549 inscripti
1125 3468 1195 3545 siut,
1206 3470 1295 3532 deleri

192 3564 306 3643 possit,
328 3562 495 3640 quasivero
517 3581 554 3621 ea
576 3582 637 3622 non
656 3562 720 3622 de
713 3546 861 3641 inscriptis
873 3561 934 3621 luto
949 3562 996 3635 sit,
1011 3562 1048 3622 de
1063 3583 1123 3623 non
1136 3542 1295 3643 inscriptis,

193 3666 225 3714 et
239 3654 415 3716 debentibus
439 3665 548 3726 eutem,
561 3633 611 3713 lex
632 3653 683 3713 illa
684 3674 773 3734 ,quse
787 3654 874 3733 jubet
892 3671 930 3713 ex
950 3672 986 3713 eu
1008 3653 1056 3713 die
1075 3655 1181 3715 debere
1183 3676 1308 3736 ,equor

191 3750 354 3809 mulctatus
369 3748 417 3820 sit,
430 3747 562 3827 legemve
577 3756 628 3807 aut
642 3746 791 3809 decretum
806 3747 930 3807 violarit.
952 3746 1052 3815 Quid
1043 3747 1130 3828 rgitur
1143 3769 1202 3808 uon
1223 3770 1296 3832 neg·

190 3839 295 3903 lectae'
304 3843 466 3922 scripturae,
490 3841 594 3920 iuquit,
614 3860 659 3902 me
684 3860 819 3910 accusas,
843 3841 892 3920 qui
914 3840 1138 3916 eum-debeam,
1160 3863 1219 3902 non
1240 3844 1295 3904 sim

151 3980 166 4011 ι
191 3934 375 4014 inscriptus?
397 3934 474 4003 Quin
487 3934 536 3994 lex
551 3953 611 3994 nou
634 3933 664 3992 in
684 3932 801 4011 eosqui
816 3933 935 4004 debent,
951 3944 981 3994 et
994 3932 1126 4016 inscripti
1142 3955 1201 3995 non
1214 3939 1295 4009 sunt,

191 4026 339 4107 neglectae
354 4028 503 4106 scripturae
515 4027 568 4086 dat
581 4024 743 4086 actionem:
759 4025 813 4085 sed
828 4024 858 4083 in
871 4024 995 4106 eos,·qui
1005 4028 1138 4104 quamvis
1153 4028 1294 4109 inscripti,

191 4139 256 4180 non
272 4118 370 4179 soluta
383 4119 552 4199 reipublice
565 4117 686 4207 mulcta,
698 4116 788 4178 deleti
800 4116 916 4179 fuerint.
937 4118 1019 4201 Cape
1033 4118 1184 4202 iegem,tac
1194 4117 1296 4184 recita,

674 4322 794 4423 grex.
859 4408 863 4415 Ι
938 4397 941 4406 ¹

194 4439 315 4533 Auditis
329 4471 435 4552 legem,
453 4468 698 4554 Judices,operte
720 4428 828 4539 dicere,
851 4470 885 4527 si
909 4466 1005 4545 quis·
1030 4464 1191 4529 serarius
1217 4484 1294 4529 nou
