2967 4950
465 249 925 366 eournsnusaonum.
1207 255 1245 364 si

142 451 354 514 Atheniensem
368 465 476 516 'eontra
494 457 576 536 leges
590 457 774 529 conduxerit,
787 457 934 536 lapidibus
957 458 1104 529 obruetur,
1118 466 1208 536 atque
1227 449 1246 517 a

137 542 254 623 judicio
270 547 413 618 discedet,
435 569 494 607 non
510 557 592 608 sexta
612 550 759 610 duntaxat
780 540 933 613 aestimatis
955 549 1013 608 litis
1032 560 1115 628 parte
1136 551 1244 609 conde-

142 647 273 710 mnatus,
287 640 341 698 aed
354 649 384 698 et
397 641 434 700 ob
453 643 659 716 contumeliam
672 642 814 722 punitus?
838 644 947 704 Verum
961 662 1021 701 non
1035 642 1092 711 ille,
1106 642 1158 701 sed
1172 662 1243 700 con·

140 729 252 790 ductus
266 732 348 791 litem
368 735 512 806 intendat,
526 744 557 794 et
571 735 689 814 sapiens
709 735 767 794 iste
781 735 903 806 Bastulus
924 755 1042 794 oausam
1059 734 1138 792 illius
1154 745 1244 814 agat-3

142 831 177 880 ut
189 823 343 884 uideamus
358 827 428 903 quid
443 826 574 886 dicturus
588 827 635 886 sit.
662 826 813 886 Conduxit
825 847 882 899 me,
900 827 1028 906 jndices,
1041 825 1078 885 ad
1094 826 1243 885 libidinem

64 941 69 944 ·
140 917 267 992 pecunia
278 936 341 990 sua,
354 920 520 998 quicunque
536 919 697 992 sit-nibil
710 920 786 979 enim
797 919 930 991 interest,
944 919 969 977 si
978 920 1021 978 ita
1033 919 1197 989 dicatur-,
1207 939 1244 978 aa

140 1025 199 1085 ego
213 1010 311 1068 omnia
324 1009 433 1083 attasi,
448 1019 479 1070 et
492 1011 587 1070 adhuc
601 1011 688 1081 facio,
704 1021 736 1070 ut
755 1011 864 1085 tabulae
874 1011 991 1089 jubent,
1009 1031 1076 1089 quae
1089 1021 1187 1070 scorto
1199 1009 1243 1069 fa·

141 1099 249 1158 cienda
269 1111 347 1162 sunt.
373 1103 433 1162 Iste
447 1114 543 1162 autem
562 1103 650 1162 fidem
663 1103 784 1182 frangit.
817 1103 924 1162 Nonne
938 1123 1007 1162 vero
1024 1123 1165 1181 magnum
1183 1103 1245 1162 cla·
1348 1129 1349 1132 ¹

139 1211 252 1250 murem
270 1194 376 1254 tollent
393 1195 530 1274 judices?
552 1197 626 1263 Quis
641 1197 718 1255 enim
736 1215 797 1254 non
818 1196 915 1255 dicet:
936 1206 967 1254 et
985 1195 1084 1254 adbuc
1103 1198 1133 1254 in
1147 1197 1243 1260 forum
1338 1273 1347 1289 .

140 1283 262 1362 proditi
283 1287 346 1345 Aut
365 1305 501 1346 coronam
525 1287 643 1366 gustati
674 1289 738 1347 Aut
761 1288 870 1366 aliquid
888 1307 988 1359 eorum
1012 1288 1075 1365 agit
1095 1308 1160 1366 quae
1182 1293 1242 1348 no'n
1321 1321 1326 1328 ·

139 1377 279 1454 agimus?
294 1379 397 1456 Itaque
405 1380 487 1439 nulla
498 1391 544 1440 ast
555 1381 731 1460 syngraphae
742 1381 864 1440 utilitas.
887 1381 975 1439 Unde
984 1390 1082 1440 eutem
1092 1380 1245 1440 inoleverit

138 1471 328 1530 consuetudo
341 1472 401 1544 illa,
418 1483 450 1532 ut
464 1473 586 1544 dicatur,
603 1475 748 1552 quosdam
762 1495 798 1542 ex
815 1475 924 1534 tabulis
938 1477 984 1533 sui
998 1475 1099 1534 secius
1118 1475 1242 1552 cupiam,

132 1560 198 1639 jam
218 1564 383 1640 explicabo.
406 1567 533 1632 Quidam
549 1567 805 1627 civium-nomen
821 1578 916 1645 taceo,
931 1567 1063 1626 vitandae
1074 1567 1246 1628 offensionis
1298 1603 1302 1611 ·

136 1656 353 1722 causa-nulla
367 1678 465 1716 earum
486 1679 582 1718 rerum
605 1659 708 1720 habita
728 1661 851 1729 ratione,
867 1677 941 1736 quas
961 1659 1051 1738 paulo
1073 1671 1142 1718 ante
1162 1661 1242 1739 apud

134 1766 191 1808 ros
206 1751 441 1821 commemorari,
463 1750 554 1808 fertur
575 1761 679 1808 contra
693 1750 869 1828 pactionem,
888 1751 968 1828 apud
981 1751 1129 1811 Anticlam
1147 1755 1243 1825 sitam,

137 1859 170 1898 se
185 1841 387 1918 prostituisse=
409 1851 440 1901 et
452 1842 477 1900 is
494 1842 613 1920 quidam
628 1861 687 1899 non
702 1841 791 1908 homo
805 1838 949 1921 plebeius,
964 1843 1018 1901 sed
1031 1846 1242 1923 rempublicam

136 1931 364 1992 administrans:
386 1935 512 2012 quicum
525 1923 650 1993 dicteriis
665 1933 772 1993 incessi
782 1933 885 2008 soleat,
899 1934 1009 2004 effecit,
1024 1945 1059 2002 ut
1070 1936 1136 1995 isaac
1149 1939 1258 1999 oratin'

136 2024 175 2082 de
190 2044 270 2084 more
285 2036 474 2104 usurparetur
488 2027 520 2084 in,
533 2028 623 2086 urbe:
646 2045 739 2105 eaque
753 2028 791 2086 de
806 2045 897 2086 causa
915 2027 1034 2104 quidam
1049 2027 1247 2106 interrogent,

135 2135 175 2176 an
196 2137 244 2176 res
259 2137 298 2180 ex
320 2119 490 2198 syngrapha
509 2119 546 2178 sit
559 2119 702 2198 peracta?
729 2120 894 2198 Legislator
915 2129 1013 2177 autem
1032 2139 1092 2193 non
1117 2123 1239 2195 curavit,

135 2228 196 2287 quo
210 2219 358 2288 pactores
372 2211 452 2270 lactu
465 2211 522 2269 sit:
552 2211 605 2270 sed
620 2211 644 2270 si
657 2211 718 2271 ullo
732 2223 820 2291 pacto
829 2212 937 2271 locatio
950 2213 1157 2284 intercesserit,
1172 2234 1239 2281 aum

133 2301 355 2374 condemnavit,
365 2303 414 2380 qui
429 2302 559 2364 dedecus
575 2304 604 2361 in
618 2323 683 2363 sese
697 2305 823 2369 admisit.
1220 2355 1229 2361 .

177 2396 227 2452 33.
250 2395 325 2462 Quae
343 2393 475 2474 quamvis
497 2405 557 2453 tam
578 2405 676 2475 aperte
699 2396 861 2454 constituta
876 2394 943 2467 sint,
967 2405 1066 2452 minen
1085 2413 1103 2453 a
1126 2394 1238 2454 Demo-

132 2488 239 2547 sthene
251 2489 350 2547 multaa
363 2489 518 2547 uerborum
532 2488 731 2547 cavillationes
745 2490 974 2566 interponentur.
998 2490 1045 2546 Ac
1061 2506 1105 2547 eea
1119 2488 1238 2565 quidam

130 2570 314 2658 imposturae,
328 2599 402 2658 quas
423 2582 464 2639 rei
478 2592 584 2639 natura
597 2580 738 2660 postulat,
753 2582 881 2659 aequiore
894 2574 992 2639 animo
1007 2582 1074 2657 leni
1092 2592 1237 2659 possuntt

132 2692 209 2751 quas
224 2692 293 2733 vero
306 2674 490 2732 extrinsecus
508 2672 652 2743 interciet,
669 2672 785 2751 adjura
803 2674 928 2732 civ-itatis
949 2672 1175 2752 corrumpenda,
1193 2675 1237 2731 eea
1292 2709 1294 2714 ·
1338 2698 1343 2703 ·

133 2765 253 2824 demum
267 2765 363 2843 dignae
378 2776 448 2825 sunt
461 2766 623 2825 iracundia.
647 2766 797 2843 Frequens
808 2766 887 2829 enirn
902 2766 956 2825 orit
969 2766 1097 2846 Philippi
1108 2768 1217 2825 mentm
1228 2786 1249 2825 ε’

88 2914 93 2922 ,
132 2856 344 2916 admiscebitur
365 2858 451 2915 etiarn
476 2878 582 2917 nornen
605 2859 688 2937 pueri
702 2858 874 2916 Alexandri.
902 2858 987 2936 *Nam
1006 2868 1114 2935 praeter
1137 2868 1237 2917 cetera

131 2950 224 3019 mala,
238 2942 294 3008 isle
308 2970 326 3009 a
339 2951 430 3009 musis
445 2950 556 3010 alienus
577 2960 608 3009 et
627 2951 707 3011 rudis
721 2951 903 3020 homoests
921 2950 999 3009 Nam
1012 2950 1144 3014 cranone
1164 2950 1235 3007 Phi·

129 3042 245 3120 lippum
269 3042 477 3127 perstringere,
499 3051 546 3101 est
561 3042 634 3100 illud
657 3041 775 3119 quidem
798 3040 922 3099 inscitias
937 3051 968 3102 et
987 3041 1235 3121 importunitates

30 3184 32 3196 .
130 3134 229 3193 minus
242 3144 341 3193 tamen
355 3134 495 3193 delictum
511 3154 546 3193 eo
560 3134 640 3213 quod
661 3134 794 3191 dicturus
808 3151 882 3191 sum.
907 3132 985 3192 Nam
999 3131 1026 3189 ei
1041 3150 1127 3209 quem
1141 3132 1235 3191 virum

130 3244 201 3283 ease
210 3234 336 3293 constat,
347 3225 480 3285 enuncia
490 3226 579 3297 dicet,
588 3245 656 3283 cum
671 3224 734 3303 ipse
749 3224 791 3282 vir
805 3224 927 3282 nonsit.
950 3223 1026 3285 Cum
1040 3226 1235 3303 veroexcogi‘-

126 3317 203 3377 tatis
213 3317 242 3375 in
256 3337 378 3397 puerum
388 3318 627 3376 translationibus
642 3316 807 3388 verborum,
817 3326 919 3394 turpes
933 3315 1116 3393 suspiciones
1126 3317 1234 3395 injece·
1316 3331 1318 3334 ·

127 3409 178 3478 rit,
189 3408 340 3468 ridiculam
355 3410 443 3468 faciet
456 3410 614 3468 civitatem.
637 3408 730 3474 Quasi
738 3408 815 3467 enim
827 3408 955 3466 rationes
966 3408 1055 3466 obitas
1065 3408 1234 3487 legationis,

128 3520 205 3580 quas
219 3488 386 3560 redditurus
401 3521 475 3574 sum,
489 3502 613 3560 laesurus
634 3502 692 3560 ait:
714 3501 861 3579 cumipse
882 3509 976 3579 nuper
997 3500 1076 3579 apud
1097 3511 1234 3569 senatum

127 3593 168 3651 de
182 3613 274 3671 puero
290 3594 462 3653 Alexandro
476 3594 609 3666 dixisset,
622 3613 689 3653 eum
704 3594 733 3651 in
748 3593 964 3671 compotatione
977 3603 1077 3651 nostra
1091 3592 1232 3663 citharam

13 3722 17 3732 .
126 3686 277 3766 pulsasse,
297 3697 328 3746 et
342 3685 422 3745 dicte
435 3686 739 3765 quasdam‘recitasse,
755 3696 786 3744 et
801 3706 868 3744 cum
883 3684 941 3743 alio
955 3704 1046 3763 puero
1063 3697 1131 3744 esse
1142 3707 1234 3747 aernu-

13 3794 17 3834 ι
125 3781 240 3838 latum:
266 3798 392 3856 cumque
402 3779 439 3837 de
453 3778 499 3837 his
509 3778 579 3856 quid
589 3778 720 3849 sentiret,
733 3776 811 3856 apud
821 3788 956 3861 senatum
968 3777 1164 3855 exposuisset,
1180 3780 1233 3839 do·
1276 3844 1279 3848 λ

13 3890 17 3926 ι
125 3871 220 3929 luisse
234 3890 293 3941 me,
314 3891 373 3930 non
388 3882 422 3930 ut
438 3871 593 3949 legationis
614 3870 771 3949 collegam,
785 3870 839 3928 sed
853 3878 887 3927 ut
900 3869 982 3947 pueri
1001 3867 1170 3949 cognatum,
1194 3875 1232 3937 ob

33 3950 40 3957 ’
123 3964 180 4022 illa
189 3962 320 4022 dicteria.
335 3963 400 4043 Ego
409 3982 478 4022 varo
489 3984 556 4022 cum
564 3962 732 4022 Alexandro
742 3980 801 4020 non
811 3961 977 4028 collocutus
986 3980 1053 4021 sum
1064 3964 1102 4021 ob
1113 3974 1232 4021 atatem

13 4077 18 4118 a
125 4051 216 4123 illins,
239 4055 406 4135 Philippum
418 4068 518 4127 ,autem
538 4075 617 4115 nuno
639 4056 676 4113 ob
699 4053 840 4113 orationis
862 4045 1099 4113 commoditatem
1121 4054 1231 4113 lando:

14 4170 18 4177 ¹
126 4132 180 4229 qui
197 4148 222 4206 si
239 4166 270 4206 re
287 4147 353 4225 ipsa
367 4148 409 4205 sic
427 4167 564 4227 ergarus
579 4168 611 4207 se
631 4147 757 4226 gesserit
774 4155 808 4204 ut
823 4165 903 4205 nunc
918 4146 1047 4225 benigne
1065 4145 1230 4225 pollicetur,

13 4271 20 4306 a
124 4251 222 4302 tutam
244 4250 275 4299 et
287 4238 402 4299 facilem
418 4241 525 4301 efficiet
536 4240 676 4299 laudandi
696 4238 740 4299 sui
760 4238 911 4298 rationem.
946 4238 1110 4317 objurgavi
1131 4248 1230 4309 autem

19 4359 20 4363 ¹
125 4332 362 4395 Demosthenem
376 4332 407 4391 in
421 4334 512 4406 auria,
528 4352 587 4392 non
604 4333 685 4413 pueri
701 4332 872 4392 demerendi
885 4350 986 4400 causa,
1007 4329 1071 4401 sed,
1086 4329 1165 4408 quod
1179 4350 1230 4391 ex·
