<?xml version="1.0" encoding="UTF-8"?>
<!DOCTYPE html PUBLIC "-//W3C//DTD XHTML 1.0 Transitional//EN"
    "http://www.w3.org/TR/xhtml1/DTD/xhtml1-transitional.dtd">
<html xmlns="http://www.w3.org/1999/xhtml" xml:lang="en" lang="en">
 <head>
  <title>
</title>
<meta http-equiv="Content-Type" content="text/html;charset=utf-8" />
  <meta name='ocr-system' content='tesseract 3.04.00' />
  <meta name='ocr-capabilities' content='ocr_page ocr_carea ocr_par ocr_line ocrx_word'/>
</head>
<body>
  <div class='ocr_page' id='page_1' title='image "./demosthenisetsc06ulpigoog_0186.png"; bbox 0 0 2967 4950; ppageno 0'>
   <div class='ocr_carea' id='block_1_1' title="bbox 262 285 1072 411">
    <p class='ocr_par' dir='ltr' id='par_1_1' title="bbox 262 285 1072 411">
     <span class='ocr_line' id='line_1_1' title="bbox 262 285 1072 411; baseline -0.006 -35"><span class='ocrx_word' id='word_1_1' title='bbox 262 317 323 376; x_wconf 84' lang='lat' dir='ltr'>aso</span> <span class='ocrx_word' id='word_1_2' title='bbox 471 402 473 411; x_wconf 18' lang='grc' dir='ltr'>Ι</span> <span class='ocrx_word' id='word_1_3' title='bbox 542 285 780 377; x_wconf 73' lang='lat' dir='ltr'>mmmm</span> <span class='ocrx_word' id='word_1_4' title='bbox 798 310 1072 401; x_wconf 81' lang='lat' dir='ltr'>rrnorunusr.</span> 
     </span>
    </p>
   </div>
   <div class='ocr_carea' id='block_1_2' title="bbox 62 463 1453 4507">
    <p class='ocr_par' dir='ltr' id='par_1_2' title="bbox 62 463 1453 4513">
     <span class='ocr_line' id='line_1_2' title="bbox 299 463 1453 546; baseline -0.005 -18"><span class='ocrx_word' id='word_1_5' title='bbox 299 472 354 531; x_wconf 77' lang='lat' dir='ltr'>ru.</span> <span class='ocrx_word' id='word_1_6' title='bbox 376 469 424 527; x_wconf 79' lang='lat' dir='ltr'>De</span> <span class='ocrx_word' id='word_1_7' title='bbox 436 468 516 527; x_wconf 86' lang='lat' dir='ltr'>mille</span> <span class='ocrx_word' id='word_1_8' title='bbox 530 478 627 530; x_wconf 81' lang='lat' dir='ltr'>autern</span> <span class='ocrx_word' id='word_1_9' title='bbox 642 468 801 539; x_wconf 81' lang='lat' dir='ltr'>drachmis,</span> <span class='ocrx_word' id='word_1_10' title='bbox 808 486 884 545; x_wconf 86' lang='lat' dir='ltr'>quas</span> <span class='ocrx_word' id='word_1_11' title='bbox 896 474 998 525; x_wconf 88' lang='lat' dir='ltr'>mutuo</span> <span class='ocrx_word' id='word_1_12' title='bbox 1008 465 1185 544; x_wconf 85' lang='lat' dir='ltr'>sumpsit-ob</span> <span class='ocrx_word' id='word_1_13' title='bbox 1194 463 1358 543; x_wconf 79' lang='lat' dir='ltr'>Antiphane</span> <span class='ocrx_word' id='word_1_14' title='bbox 1452 535 1453 546; x_wconf 10' lang='grc' dir='ltr'>χ</span> 
     </span>
     <span class='ocr_line' id='line_1_3' title="bbox 264 556 1453 632; baseline -0.003 -11"><span class='ocrx_word' id='word_1_15' title='bbox 264 562 293 621; x_wconf 90' lang='lat' dir='ltr'>in</span> <span class='ocrx_word' id='word_1_16' title='bbox 308 560 455 632; x_wconf 85' lang='lat' dir='ltr'>Calauria,</span> <span class='ocrx_word' id='word_1_17' title='bbox 469 571 502 619; x_wconf 91' lang='lat' dir='ltr'>nt</span> <span class='ocrx_word' id='word_1_18' title='bbox 516 560 590 619; x_wconf 90' lang='lat' dir='ltr'>inter</span> <span class='ocrx_word' id='word_1_19' title='bbox 602 560 731 620; x_wconf 83' lang='lat' dir='ltr'>Boeotios</span> <span class='ocrx_word' id='word_1_20' title='bbox 747 558 921 625; x_wconf 80' lang='lat' dir='ltr'>trierarchos</span> <span class='ocrx_word' id='word_1_21' title='bbox 936 557 1132 628; x_wconf 76' lang='lat' dir='ltr'><strong>distribueret,</strong></span> <span class='ocrx_word' id='word_1_22' title='bbox 1148 556 1206 616; x_wconf 89' lang='lat' dir='ltr'>huc</span> <span class='ocrx_word' id='word_1_23' title='bbox 1223 566 1360 615; x_wconf 85' lang='lat' dir='ltr'>venturus</span> <span class='ocrx_word' id='word_1_24' title='bbox 1452 609 1453 618; x_wconf 70' lang='grc'>,</span> 
     </span>
     <span class='ocr_line' id='line_1_4' title="bbox 264 648 1361 731; baseline -0.005 -19"><span class='ocrx_word' id='word_1_25' title='bbox 264 651 301 712; x_wconf 88' lang='lat' dir='ltr'>ad</span> <span class='ocrx_word' id='word_1_26' title='bbox 312 652 467 730; x_wconf 88' lang='lat' dir='ltr'>judicium,</span> <span class='ocrx_word' id='word_1_27' title='bbox 480 670 554 731; x_wconf 87' lang='lat' dir='ltr'>quas</span> <span class='ocrx_word' id='word_1_28' title='bbox 568 652 656 711; x_wconf 86' lang='lat' dir='ltr'>etiarn</span> <span class='ocrx_word' id='word_1_29' title='bbox 671 651 799 711; x_wconf 82' lang='lat' dir='ltr'>reddidit</span> <span class='ocrx_word' id='word_1_30' title='bbox 813 649 950 729; x_wconf 87' lang='lat' dir='ltr'>Philippo</span> <span class='ocrx_word' id='word_1_31' title='bbox 963 649 1153 720; x_wconf 88' lang='lat' dir='ltr'>naviculario,</span> <span class='ocrx_word' id='word_1_32' title='bbox 1165 648 1213 707; x_wconf 89' lang='lat' dir='ltr'>hic</span> <span class='ocrx_word' id='word_1_33' title='bbox 1227 659 1361 726; x_wconf 87' lang='lat' dir='ltr'>acceptas</span> 
     </span>
     <span class='ocr_line' id='line_1_5' title="bbox 145 742 1363 823; baseline -0.003 -19"><span class='ocrx_word' id='word_1_34' title='bbox 145 808 149 815; x_wconf 63' lang='grc'><strong>,</strong></span> <span class='ocrx_word' id='word_1_35' title='bbox 264 753 376 823; x_wconf 89' lang='lat' dir='ltr'>apatre</span> <span class='ocrx_word' id='word_1_36' title='bbox 390 762 466 815; x_wconf 87' lang='lat' dir='ltr'>rnen,</span> <span class='ocrx_word' id='word_1_37' title='bbox 482 744 628 803; x_wconf 80' lang='lat' dir='ltr'>lloeotium</span> <span class='ocrx_word' id='word_1_38' title='bbox 642 742 822 802; x_wconf 79' lang='lat' dir='ltr'>nauarchum</span> <span class='ocrx_word' id='word_1_39' title='bbox 841 742 882 800; x_wconf 89' lang='lat' dir='ltr'>ait</span> <span class='ocrx_word' id='word_1_40' title='bbox 900 742 990 800; x_wconf 81' lang='lat' dir='ltr'>luisse</span> <span class='ocrx_word' id='word_1_41' title='bbox 1014 749 1191 806; x_wconf 86' lang='lat' dir='ltr'>mutuatum.</span> <span class='ocrx_word' id='word_1_42' title='bbox 1209 748 1240 798; x_wconf 89' lang='lat' dir='ltr'>et</span> <span class='ocrx_word' id='word_1_43' title='bbox 1258 758 1311 817; x_wconf 91' lang='lat' dir='ltr'>pro</span> <span class='ocrx_word' id='word_1_44' title='bbox 1328 759 1363 800; x_wconf 90' lang='lat' dir='ltr'>ea</span> 
     </span>
     <span class='ocr_line' id='line_1_6' title="bbox 264 830 1362 915; baseline -0.003 -20"><span class='ocrx_word' id='word_1_45' title='bbox 264 835 389 915; x_wconf 84' lang='lat' dir='ltr'>pecunia</span> <span class='ocrx_word' id='word_1_46' title='bbox 403 834 478 914; x_wconf 87' lang='lat' dir='ltr'>patri</span> <span class='ocrx_word' id='word_1_47' title='bbox 492 854 558 894; x_wconf 88' lang='lat' dir='ltr'>meo</span> <span class='ocrx_word' id='word_1_48' title='bbox 571 854 612 895; x_wconf 84' lang='lat' dir='ltr'>nes</span> <span class='ocrx_word' id='word_1_49' title='bbox 626 835 843 914; x_wconf 84' lang='lat' dir='ltr'>oppignerasse.</span> <span class='ocrx_word' id='word_1_50' title='bbox 872 832 948 892; x_wconf 87' lang='lat' dir='ltr'>Eum</span> <span class='ocrx_word' id='word_1_51' title='bbox 960 844 1057 893; x_wconf 87' lang='lat' dir='ltr'>autem</span> <span class='ocrx_word' id='word_1_52' title='bbox 1072 852 1131 893; x_wconf 90' lang='lat' dir='ltr'>non</span> <span class='ocrx_word' id='word_1_53' title='bbox 1144 851 1246 893; x_wconf 87' lang='lat' dir='ltr'>verum</span> <span class='ocrx_word' id='word_1_54' title='bbox 1256 830 1362 906; x_wconf 82' lang='lat' dir='ltr'>dicere,</span> 
     </span>
     <span class='ocr_line' id='line_1_7' title="bbox 264 921 1361 1005; baseline -0.002 -20"><span class='ocrx_word' id='word_1_55' title='bbox 264 921 372 1005; x_wconf 81' lang='lat' dir='ltr'>magno</span> <span class='ocrx_word' id='word_1_56' title='bbox 386 926 467 987; x_wconf 83' lang='lat' dir='ltr'>vobis</span> <span class='ocrx_word' id='word_1_57' title='bbox 487 923 912 1005; x_wconf 55' lang='lat' dir='ltr'>argumentodemcnstrabc„</span> <span class='ocrx_word' id='word_1_58' title='bbox 940 923 1069 984; x_wconf 88' lang='lat' dir='ltr'>Primum</span> <span class='ocrx_word' id='word_1_59' title='bbox 1089 935 1206 986; x_wconf 89' lang='lat' dir='ltr'>constat</span> <span class='ocrx_word' id='word_1_60' title='bbox 1228 926 1317 984; x_wconf 87' lang='lat' dir='ltr'>istum</span> <span class='ocrx_word' id='word_1_61' title='bbox 1334 925 1361 984; x_wconf 89' lang='lat' dir='ltr'>in</span> 
     </span>
     <span class='ocr_line' id='line_1_8' title="bbox 264 1012 1448 1100; baseline -0.003 -22"><span class='ocrx_word' id='word_1_62' title='bbox 264 1018 403 1080; x_wconf 80' lang='lat' dir='ltr'>Calauria</span> <span class='ocrx_word' id='word_1_63' title='bbox 416 1038 485 1100; x_wconf 23' lang='lat' dir='ltr'>esse!</span> <span class='ocrx_word' id='word_1_64' title='bbox 494 1029 659 1079; x_wconf 89' lang='lat' dir='ltr'>mutuatum</span> <span class='ocrx_word' id='word_1_65' title='bbox 673 1018 738 1077; x_wconf 83' lang='lat' dir='ltr'>illas</span> <span class='ocrx_word' id='word_1_66' title='bbox 752 1012 831 1075; x_wconf 83' lang='lat' dir='ltr'>mille</span> <span class='ocrx_word' id='word_1_67' title='bbox 846 1014 1011 1086; x_wconf 84' lang='lat' dir='ltr'>drachmas,</span> <span class='ocrx_word' id='word_1_68' title='bbox 1030 1028 1066 1077; x_wconf 89' lang='lat' dir='ltr'>et</span> <span class='ocrx_word' id='word_1_69' title='bbox 1073 1035 1133 1076; x_wconf 92' lang='lat' dir='ltr'>non</span> <span class='ocrx_word' id='word_1_70' title='bbox 1147 1016 1293 1075; x_wconf 88' lang='lat' dir='ltr'>Boeotium</span> <span class='ocrx_word' id='word_1_71' title='bbox 1313 1032 1363 1075; x_wconf 89' lang='lat' dir='ltr'>na·</span> <span class='ocrx_word' id='word_1_72' title='bbox 1445 1072 1448 1075; x_wconf 79' lang='grc'>,</span> 
     </span>
     <span class='ocr_line' id='line_1_9' title="bbox 265 1108 1453 1194; baseline -0.002 -25"><span class='ocrx_word' id='word_1_73' title='bbox 265 1112 425 1172; x_wconf 87' lang='lat' dir='ltr'>sarchum:</span> <span class='ocrx_word' id='word_1_74' title='bbox 447 1110 553 1171; x_wconf 87' lang='lat' dir='ltr'>deinde</span> <span class='ocrx_word' id='word_1_75' title='bbox 569 1110 737 1191; x_wconf 71' lang='lat' dir='ltr'>Philippum</span> <span class='ocrx_word' id='word_1_76' title='bbox 755 1108 803 1167; x_wconf 89' lang='lat' dir='ltr'>hic</span> <span class='ocrx_word' id='word_1_77' title='bbox 823 1110 860 1168; x_wconf 93' lang='lat' dir='ltr'>ab</span> <span class='ocrx_word' id='word_1_78' title='bbox 872 1108 931 1167; x_wconf 91' lang='lat' dir='ltr'>isto</span> <span class='ocrx_word' id='word_1_79' title='bbox 944 1110 1095 1188; x_wconf 87' lang='lat' dir='ltr'>repetiisse</span> <span class='ocrx_word' id='word_1_80' title='bbox 1109 1108 1187 1168; x_wconf 89' lang='lat' dir='ltr'>mille</span> <span class='ocrx_word' id='word_1_81' title='bbox 1202 1108 1363 1176; x_wconf 83' lang='lat' dir='ltr'>drachmas,</span> <span class='ocrx_word' id='word_1_82' title='bbox 1452 1187 1453 1194; x_wconf 8' lang='grc' dir='ltr'>ἵ</span> 
     </span>
     <span class='ocr_line' id='line_1_10' title="bbox 265 1200 1453 1273; baseline -0.003 -10"><span class='ocrx_word' id='word_1_83' title='bbox 265 1212 295 1263; x_wconf 89' lang='lat' dir='ltr'>et</span> <span class='ocrx_word' id='word_1_84' title='bbox 309 1223 368 1263; x_wconf 90' lang='lat' dir='ltr'>non</span> <span class='ocrx_word' id='word_1_85' title='bbox 382 1223 400 1263; x_wconf 91' lang='lat' dir='ltr'>a</span> <span class='ocrx_word' id='word_1_86' title='bbox 418 1202 536 1262; x_wconf 88' lang='lat' dir='ltr'>Boeotio</span> <span class='ocrx_word' id='word_1_87' title='bbox 550 1202 711 1270; x_wconf 86' lang='lat' dir='ltr'>navarcho;</span> <span class='ocrx_word' id='word_1_88' title='bbox 736 1212 766 1261; x_wconf 90' lang='lat' dir='ltr'>et</span> <span class='ocrx_word' id='word_1_89' title='bbox 778 1200 941 1261; x_wconf 81' lang='lat' dir='ltr'>reddidisse</span> <span class='ocrx_word' id='word_1_90' title='bbox 961 1202 1059 1273; x_wconf 90' lang='lat' dir='ltr'>istum,</span> <span class='ocrx_word' id='word_1_91' title='bbox 1072 1221 1133 1260; x_wconf 90' lang='lat' dir='ltr'>non</span> <span class='ocrx_word' id='word_1_92' title='bbox 1151 1201 1297 1261; x_wconf 72' lang='lat' dir='ltr'>Boeotium</span> <span class='ocrx_word' id='word_1_93' title='bbox 1312 1219 1362 1259; x_wconf 87' lang='lat' dir='ltr'>na·</span> <span class='ocrx_word' id='word_1_94' title='bbox 1452 1205 1453 1208; x_wconf 74' lang='grc'>’</span> 
     </span>
     <span class='ocr_line' id='line_1_11' title="bbox 264 1291 1453 1371; baseline -0.005 -16"><span class='ocrx_word' id='word_1_95' title='bbox 264 1294 413 1355; x_wconf 83' lang='lat' dir='ltr'>sarchum.</span> <span class='ocrx_word' id='word_1_96' title='bbox 456 1294 514 1352; x_wconf 87' lang='lat' dir='ltr'>Par</span> <span class='ocrx_word' id='word_1_97' title='bbox 537 1294 613 1353; x_wconf 88' lang='lat' dir='ltr'>enim</span> <span class='ocrx_word' id='word_1_98' title='bbox 636 1303 700 1353; x_wconf 89' lang='lat' dir='ltr'>erat</span> <span class='ocrx_word' id='word_1_99' title='bbox 718 1291 864 1351; x_wconf 86' lang='lat' dir='ltr'>Boeotium</span> <span class='ocrx_word' id='word_1_100' title='bbox 884 1292 1053 1371; x_wconf 83' lang='lat' dir='ltr'>prrefectum</span> <span class='ocrx_word' id='word_1_101' title='bbox 1068 1294 1106 1351; x_wconf 89' lang='lat' dir='ltr'>ab</span> <span class='ocrx_word' id='word_1_102' title='bbox 1126 1292 1183 1351; x_wconf 90' lang='lat' dir='ltr'>isto</span> <span class='ocrx_word' id='word_1_103' title='bbox 1197 1292 1361 1351; x_wconf 88' lang='lat' dir='ltr'>alimoniam</span> <span class='ocrx_word' id='word_1_104' title='bbox 1452 1301 1453 1304; x_wconf 75' lang='grc'>’</span> 
     </span>
     <span class='ocr_line' id='line_1_12' title="bbox 263 1383 1418 1464; baseline -0.003 -21"><span class='ocrx_word' id='word_1_105' title='bbox 263 1385 293 1444; x_wconf 92' lang='lat' dir='ltr'>in</span> <span class='ocrx_word' id='word_1_106' title='bbox 307 1404 396 1445; x_wconf 84' lang='lat' dir='ltr'>naves</span> <span class='ocrx_word' id='word_1_107' title='bbox 410 1385 561 1464; x_wconf 84' lang='lat' dir='ltr'>accipere:</span> <span class='ocrx_word' id='word_1_108' title='bbox 583 1384 622 1443; x_wconf 85' lang='lat' dir='ltr'>de</span> <span class='ocrx_word' id='word_1_109' title='bbox 642 1383 844 1446; x_wconf 84' lang='lat' dir='ltr'>communibus</span> <span class='ocrx_word' id='word_1_110' title='bbox 861 1385 940 1444; x_wconf 85' lang='lat' dir='ltr'>enim</span> <span class='ocrx_word' id='word_1_111' title='bbox 959 1383 1076 1443; x_wconf 82' lang='lat' dir='ltr'>tributis</span> <span class='ocrx_word' id='word_1_112' title='bbox 1095 1384 1237 1443; x_wconf 85' lang='lat' dir='ltr'>exercitui</span> <span class='ocrx_word' id='word_1_113' title='bbox 1255 1385 1361 1462; x_wconf 87' lang='lat' dir='ltr'>stipen-</span> <span class='ocrx_word' id='word_1_114' title='bbox 1412 1410 1418 1426; x_wconf 74' lang='lat'><em>=</em></span> 
     </span>
     <span class='ocr_line' id='line_1_13' title="bbox 264 1475 1453 1558; baseline -0.002 -21"><span class='ocrx_word' id='word_1_115' title='bbox 264 1476 523 1537; x_wconf 70' lang='lat' dir='ltr'>dissolvebantur.</span> <span class='ocrx_word' id='word_1_116' title='bbox 565 1475 724 1535; x_wconf 82' lang='lat' dir='ltr'>Pecuniam</span> <span class='ocrx_word' id='word_1_117' title='bbox 739 1492 810 1535; x_wconf 80' lang='lat' dir='ltr'>sero</span> <span class='ocrx_word' id='word_1_118' title='bbox 831 1485 865 1533; x_wconf 90' lang='lat' dir='ltr'>tu</span> <span class='ocrx_word' id='word_1_119' title='bbox 878 1492 994 1535; x_wconf 83' lang='lat' dir='ltr'>omnem</span> <span class='ocrx_word' id='word_1_120' title='bbox 1010 1475 1127 1535; x_wconf 79' lang='lat' dir='ltr'>arceiis</span> <span class='ocrx_word' id='word_1_121' title='bbox 1140 1476 1314 1555; x_wconf 63' lang='lat' dir='ltr'>redegeram</span> <span class='ocrx_word' id='word_1_122' title='bbox 1334 1486 1362 1536; x_wconf 87' lang='lat' dir='ltr'>et</span> <span class='ocrx_word' id='word_1_123' title='bbox 1452 1491 1453 1558; x_wconf 66' lang='lat' dir='ltr'>t</span> 
     </span>
     <span class='ocr_line' id='line_1_14' title="bbox 264 1565 1453 1654; baseline -0.003 -25"><span class='ocrx_word' id='word_1_124' title='bbox 264 1568 385 1647; x_wconf 77' lang='lat' dir='ltr'>tibiipsi</span> <span class='ocrx_word' id='word_1_125' title='bbox 400 1567 702 1628; x_wconf 78' lang='lat' dir='ltr'>rationesreferundae</span> <span class='ocrx_word' id='word_1_126' title='bbox 719 1578 815 1627; x_wconf 71' lang='lat' dir='ltr'>mant.</span> <span class='ocrx_word' id='word_1_127' title='bbox 855 1568 923 1627; x_wconf 86' lang='lat' dir='ltr'>Jam</span> <span class='ocrx_word' id='word_1_128' title='bbox 943 1567 1063 1630; x_wconf 82' lang='lat' dir='ltr'>Boeotiis</span> <span class='ocrx_word' id='word_1_129' title='bbox 1086 1567 1211 1631; x_wconf 81' lang='lat' dir='ltr'>nasibus</span> <span class='ocrx_word' id='word_1_130' title='bbox 1233 1568 1361 1638; x_wconf 80' lang='lat' dir='ltr'>reversis,</span> <span class='ocrx_word' id='word_1_131' title='bbox 1452 1565 1453 1654; x_wconf 60' lang='lat' dir='ltr'>l</span> 
     </span>
     <span class='ocr_line' id='line_1_15' title="bbox 262 1649 1453 1739; baseline -0.002 -18"><span class='ocrx_word' id='word_1_132' title='bbox 262 1670 295 1721; x_wconf 84' lang='lat' dir='ltr'>et</span> <span class='ocrx_word' id='word_1_133' title='bbox 304 1660 444 1720; x_wconf 86' lang='lat' dir='ltr'>militibus</span> <span class='ocrx_word' id='word_1_134' title='bbox 455 1660 585 1739; x_wconf 82' lang='lat' dir='ltr'>dilapsis,</span> <span class='ocrx_word' id='word_1_135' title='bbox 598 1660 711 1719; x_wconf 76' lang='lat' dir='ltr'>Boario</span> <span class='ocrx_word' id='word_1_136' title='bbox 720 1660 862 1739; x_wconf 75' lang='lat' dir='ltr'>prolecto</span> <span class='ocrx_word' id='word_1_137' title='bbox 875 1658 946 1717; x_wconf 85' lang='lat' dir='ltr'>nihil</span> <span class='ocrx_word' id='word_1_138' title='bbox 955 1649 1232 1718; x_wconf 72' lang='lat' dir='ltr'>nb&#39;Atheniensibus</span> <span class='ocrx_word' id='word_1_139' title='bbox 1245 1659 1362 1738; x_wconf 87' lang='lat' dir='ltr'>periculi</span> <span class='ocrx_word' id='word_1_140' title='bbox 1452 1699 1453 1734; x_wconf 68' lang='lat'>,</span> 
     </span>
     <span class='ocr_line' id='line_1_16' title="bbox 263 1741 1453 1830; baseline -0.001 -20"><span class='ocrx_word' id='word_1_141' title='bbox 263 1752 377 1821; x_wconf 79' lang='lat' dir='ltr'>fuisset,</span> <span class='ocrx_word' id='word_1_142' title='bbox 391 1770 487 1829; x_wconf 89' lang='lat' dir='ltr'>neque</span> <span class='ocrx_word' id='word_1_143' title='bbox 500 1751 524 1810; x_wconf 89' lang='lat' dir='ltr'>is</span> <span class='ocrx_word' id='word_1_144' title='bbox 537 1750 631 1810; x_wconf 87' lang='lat' dir='ltr'>ullum</span> <span class='ocrx_word' id='word_1_145' title='bbox 645 1751 675 1810; x_wconf 88' lang='lat' dir='ltr'>in</span> <span class='ocrx_word' id='word_1_146' title='bbox 685 1751 828 1830; x_wconf 89' lang='lat' dir='ltr'>judicium</span> <span class='ocrx_word' id='word_1_147' title='bbox 837 1760 959 1812; x_wconf 81' lang='lat' dir='ltr'>vocatus</span> <span class='ocrx_word' id='word_1_148' title='bbox 972 1750 1093 1809; x_wconf 79' lang='lat' dir='ltr'>fuisset:</span> <span class='ocrx_word' id='word_1_149' title='bbox 1114 1750 1168 1810; x_wconf 89' lang='lat' dir='ltr'>tibi</span> <span class='ocrx_word' id='word_1_150' title='bbox 1180 1768 1249 1810; x_wconf 86' lang='lat' dir='ltr'>rem</span> <span class='ocrx_word' id='word_1_151' title='bbox 1263 1751 1362 1829; x_wconf 78' lang='lat' dir='ltr'>ingens</span> <span class='ocrx_word' id='word_1_152' title='bbox 1452 1741 1453 1800; x_wconf 66' lang='lat' dir='ltr'>i</span> 
     </span>
     <span class='ocr_line' id='line_1_17' title="bbox 263 1832 1453 1923; baseline -0.001 -21"><span class='ocrx_word' id='word_1_153' title='bbox 263 1842 421 1902; x_wconf 76' lang='lat' dir='ltr'>discrimen</span> <span class='ocrx_word' id='word_1_154' title='bbox 433 1832 630 1911; x_wconf 70' lang='lat' dir='ltr'>tolerabatur:</span> <span class='ocrx_word' id='word_1_155' title='bbox 651 1843 702 1923; x_wconf 89' lang='lat' dir='ltr'>qui</span> <span class='ocrx_word' id='word_1_156' title='bbox 715 1852 797 1903; x_wconf 80' lang='lat' dir='ltr'>sueto</span> <span class='ocrx_word' id='word_1_157' title='bbox 810 1854 940 1901; x_wconf 77' lang='lat' dir='ltr'>restuans</span> <span class='ocrx_word' id='word_1_158' title='bbox 963 1834 993 1900; x_wconf 88' lang='lat' dir='ltr'>in</span> <span class='ocrx_word' id='word_1_159' title='bbox 1008 1841 1186 1901; x_wconf 80' lang='lat' dir='ltr'>Boeotiamnr</span> <span class='ocrx_word' id='word_1_160' title='bbox 1207 1843 1362 1902; x_wconf 67' lang='lat' dir='ltr'>mrsminrn</span> <span class='ocrx_word' id='word_1_161' title='bbox 1452 1881 1453 1886; x_wconf 22' lang='grc' dir='ltr'><strong><em>κ</em></strong></span> 
     </span>
     <span class='ocr_line' id='line_1_18' title="bbox 264 1923 1453 2016; baseline 0.002 -24"><span class='ocrx_word' id='word_1_162' title='bbox 264 1933 476 2013; x_wconf 73' lang='lat' dir='ltr'>permansione,</span> <span class='ocrx_word' id='word_1_163' title='bbox 503 1936 599 1995; x_wconf 86' lang='lat' dir='ltr'>donec</span> <span class='ocrx_word' id='word_1_164' title='bbox 618 1934 761 2016; x_wconf 83' lang='lat' dir='ltr'>judicium</span> <span class='ocrx_word' id='word_1_165' title='bbox 783 1936 828 1994; x_wconf 89' lang='lat' dir='ltr'>de</span> <span class='ocrx_word' id='word_1_166' title='bbox 851 1944 880 1993; x_wconf 88' lang='lat' dir='ltr'>te</span> <span class='ocrx_word' id='word_1_167' title='bbox 903 1935 997 2003; x_wconf 80' lang='lat' dir='ltr'>lieret,</span> <span class='ocrx_word' id='word_1_168' title='bbox 1022 1934 1201 1994; x_wconf 83' lang='lat' dir='ltr'>collocabas.</span> <span class='ocrx_word' id='word_1_169' title='bbox 1251 1934 1362 1996; x_wconf 82' lang='lat' dir='ltr'>Deinde</span> <span class='ocrx_word' id='word_1_170' title='bbox 1452 1923 1453 1994; x_wconf 72' lang='lat' dir='ltr'>i</span> 
     </span>
     <span class='ocr_line' id='line_1_19' title="bbox 265 2026 1453 2112; baseline 0 -25"><span class='ocrx_word' id='word_1_171' title='bbox 265 2044 421 2107; x_wconf 82' lang='lat' dir='ltr'>quamnam</span> <span class='ocrx_word' id='word_1_172' title='bbox 435 2032 472 2089; x_wconf 92' lang='lat' dir='ltr'>ob</span> <span class='ocrx_word' id='word_1_173' title='bbox 483 2030 640 2089; x_wconf 85' lang='lat' dir='ltr'>amicitiam</span> <span class='ocrx_word' id='word_1_174' title='bbox 656 2040 745 2109; x_wconf 84' lang='lat' dir='ltr'>pater</span> <span class='ocrx_word' id='word_1_175' title='bbox 753 2028 867 2087; x_wconf 81' lang='lat' dir='ltr'>Brnotio</span> <span class='ocrx_word' id='word_1_176' title='bbox 883 2026 1032 2087; x_wconf 78' lang='lat' dir='ltr'>nasardho</span> <span class='ocrx_word' id='word_1_177' title='bbox 1045 2028 1124 2087; x_wconf 90' lang='lat' dir='ltr'>mille</span> <span class='ocrx_word' id='word_1_178' title='bbox 1134 2029 1291 2088; x_wconf 84' lang='lat' dir='ltr'>drachmas</span> <span class='ocrx_word' id='word_1_179' title='bbox 1303 2046 1361 2089; x_wconf 88' lang='lat' dir='ltr'>mu·</span> <span class='ocrx_word' id='word_1_180' title='bbox 1452 2059 1453 2112; x_wconf 45' lang='grc' dir='ltr'><em>χ</em></span> 
     </span>
     <span class='ocr_line' id='line_1_20' title="bbox 225 2120 1453 2200; baseline 0.001 -21"><span class='ocrx_word' id='word_1_181' title='bbox 225 2150 228 2155; x_wconf 88' lang='grc'><em>·</em></span> <span class='ocrx_word' id='word_1_182' title='bbox 265 2131 389 2193; x_wconf 87' lang='lat' dir='ltr'>tnasset,</span> <span class='ocrx_word' id='word_1_183' title='bbox 401 2141 489 2200; x_wconf 87' lang='lat' dir='ltr'>quem</span> <span class='ocrx_word' id='word_1_184' title='bbox 503 2142 562 2181; x_wconf 90' lang='lat' dir='ltr'>non</span> <span class='ocrx_word' id='word_1_185' title='bbox 577 2121 679 2180; x_wconf 73' lang='lat' dir='ltr'>norati</span> <span class='ocrx_word' id='word_1_186' title='bbox 698 2124 738 2179; x_wconf 89' lang='lat' dir='ltr'>At</span> <span class='ocrx_word' id='word_1_187' title='bbox 751 2122 960 2199; x_wconf 82' lang='lat' dir='ltr'>oppignerasse</span> <span class='ocrx_word' id='word_1_188' title='bbox 973 2140 1042 2179; x_wconf 88' lang='lat' dir='ltr'>eum</span> <span class='ocrx_word' id='word_1_189' title='bbox 1062 2120 1102 2180; x_wconf 90' lang='lat' dir='ltr'>ait</span> <span class='ocrx_word' id='word_1_190' title='bbox 1120 2141 1173 2180; x_wconf 85' lang='lat' dir='ltr'>nes.</span> <span class='ocrx_word' id='word_1_191' title='bbox 1216 2123 1362 2189; x_wconf 87' lang='lat' dir='ltr'>Quantum</span> <span class='ocrx_word' id='word_1_192' title='bbox 1452 2145 1453 2180; x_wconf 74' lang='lat' dir='ltr'>l</span> 
     </span>
     <span class='ocr_line' id='line_1_21' title="bbox 150 2208 1453 2293; baseline -0.002 -20"><span class='ocrx_word' id='word_1_193' title='bbox 150 2208 156 2215; x_wconf 71' lang='grc'><strong>’</strong></span> <span class='ocrx_word' id='word_1_194' title='bbox 265 2214 396 2284; x_wconf 84' lang='lat' dir='ltr'>tandem,</span> <span class='ocrx_word' id='word_1_195' title='bbox 411 2224 463 2272; x_wconf 89' lang='lat' dir='ltr'>ant</span> <span class='ocrx_word' id='word_1_196' title='bbox 483 2214 658 2293; x_wconf 90' lang='lat' dir='ltr'>cujusmodi,</span> <span class='ocrx_word' id='word_1_197' title='bbox 679 2224 731 2273; x_wconf 88' lang='lat' dir='ltr'>aut</span> <span class='ocrx_word' id='word_1_198' title='bbox 749 2214 827 2271; x_wconf 89' lang='lat' dir='ltr'>unde</span> <span class='ocrx_word' id='word_1_199' title='bbox 851 2214 971 2271; x_wconf 88' lang='lat' dir='ltr'>allatum</span> <span class='ocrx_word' id='word_1_200' title='bbox 990 2211 1063 2272; x_wconf 88' lang='lat' dir='ltr'>illud</span> <span class='ocrx_word' id='word_1_201' title='bbox 1078 2234 1119 2271; x_wconf 82' lang='lat' dir='ltr'>oes</span> <span class='ocrx_word' id='word_1_202' title='bbox 1134 2214 1248 2273; x_wconf 83' lang='lat' dir='ltr'>Boeotio</span> <span class='ocrx_word' id='word_1_203' title='bbox 1264 2233 1362 2272; x_wconf 85' lang='lat' dir='ltr'>nasar·</span> <span class='ocrx_word' id='word_1_204' title='bbox 1452 2237 1453 2244; x_wconf 49' lang='lat'>¹</span> 
     </span>
     <span class='ocr_line' id='line_1_22' title="bbox 265 2301 1453 2384; baseline -0.002 -19"><span class='ocrx_word' id='word_1_205' title='bbox 265 2304 344 2365; x_wconf 80' lang='lat' dir='ltr'>chol</span> <span class='ocrx_word' id='word_1_206' title='bbox 378 2304 483 2363; x_wconf 88' lang='lat' dir='ltr'>Utrum</span> <span class='ocrx_word' id='word_1_207' title='bbox 507 2322 543 2363; x_wconf 82' lang='lat' dir='ltr'>ex</span> <span class='ocrx_word' id='word_1_208' title='bbox 568 2305 777 2382; x_wconf 85' lang='lat' dir='ltr'>negotiatione,</span> <span class='ocrx_word' id='word_1_209' title='bbox 790 2324 829 2363; x_wconf 85' lang='lat' dir='ltr'>nn</span> <span class='ocrx_word' id='word_1_210' title='bbox 848 2324 867 2363; x_wconf 91' lang='lat' dir='ltr'>a</span> <span class='ocrx_word' id='word_1_211' title='bbox 880 2304 1001 2383; x_wconf 85' lang='lat' dir='ltr'>captivis</span> <span class='ocrx_word' id='word_1_212' title='bbox 1019 2305 1196 2383; x_wconf 76' lang='lat' dir='ltr'>acceptasti</span> <span class='ocrx_word' id='word_1_213' title='bbox 1226 2306 1295 2367; x_wconf 70' lang='lat' dir='ltr'>laur</span> <span class='ocrx_word' id='word_1_214' title='bbox 1316 2304 1363 2383; x_wconf 86' lang='lat' dir='ltr'>qni</span> <span class='ocrx_word' id='word_1_215' title='bbox 1452 2301 1453 2384; x_wconf 87' lang='lat'>¹</span> 
     </span>
     <span class='ocr_line' id='line_1_23' title="bbox 266 2394 1362 2475; baseline 0 -20"><span class='ocrx_word' id='word_1_216' title='bbox 266 2395 348 2455; x_wconf 77' lang='lat' dir='ltr'>fuere</span> <span class='ocrx_word' id='word_1_217' title='bbox 370 2394 421 2474; x_wconf 93' lang='lat' dir='ltr'>qui</span> <span class='ocrx_word' id='word_1_218' title='bbox 442 2415 483 2454; x_wconf 80' lang='lat' dir='ltr'>aes</span> <span class='ocrx_word' id='word_1_219' title='bbox 503 2396 665 2457; x_wconf 85' lang='lat' dir='ltr'>attuleruut</span> <span class='ocrx_word' id='word_1_220' title='bbox 683 2396 721 2455; x_wconf 87' lang='lat' dir='ltr'>ad</span> <span class='ocrx_word' id='word_1_221' title='bbox 736 2406 847 2475; x_wconf 88' lang='lat' dir='ltr'>patrem</span> <span class='ocrx_word' id='word_1_222' title='bbox 866 2394 983 2456; x_wconf 79' lang='lat' dir='ltr'>meumi</span> <span class='ocrx_word' id='word_1_223' title='bbox 1018 2396 1122 2455; x_wconf 86' lang='lat' dir='ltr'>Utrum</span> <span class='ocrx_word' id='word_1_224' title='bbox 1137 2396 1317 2467; x_wconf 78' lang='lat' dir='ltr'>mercenarii,</span> <span class='ocrx_word' id='word_1_225' title='bbox 1328 2415 1362 2457; x_wconf 86' lang='lat' dir='ltr'>un</span> 
     </span>
     <span class='ocr_line' id='line_1_24' title="bbox 265 2484 1363 2568; baseline 0.004 -20"><span class='ocrx_word' id='word_1_226' title='bbox 265 2487 365 2548; x_wconf 76' lang='lat' dir='ltr'>servii</span> <span class='ocrx_word' id='word_1_227' title='bbox 388 2497 438 2546; x_wconf 91' lang='lat' dir='ltr'>aut</span> <span class='ocrx_word' id='word_1_228' title='bbox 450 2484 516 2564; x_wconf 87' lang='lat' dir='ltr'>quis</span> <span class='ocrx_word' id='word_1_229' title='bbox 530 2498 694 2550; x_wconf 89' lang='lat' dir='ltr'>nostrorum</span> <span class='ocrx_word' id='word_1_230' title='bbox 711 2488 895 2548; x_wconf 85' lang='lat' dir='ltr'>servitiorum</span> <span class='ocrx_word' id='word_1_231' title='bbox 912 2488 941 2546; x_wconf 94' lang='lat' dir='ltr'>id</span> <span class='ocrx_word' id='word_1_232' title='bbox 957 2489 1090 2568; x_wconf 65' lang='lat' dir='ltr'>accepit?</span> <span class='ocrx_word' id='word_1_233' title='bbox 1122 2489 1264 2568; x_wconf 88' lang='lat' dir='ltr'>Oportuit</span> <span class='ocrx_word' id='word_1_234' title='bbox 1282 2489 1363 2561; x_wconf 81' lang='lat' dir='ltr'>enin,</span> 
     </span>
     <span class='ocr_line' id='line_1_25' title="bbox 267 2579 1453 2659; baseline 0.003 -19"><span class='ocrx_word' id='word_1_235' title='bbox 267 2580 293 2640; x_wconf 93' lang='lat' dir='ltr'>si</span> <span class='ocrx_word' id='word_1_236' title='bbox 306 2579 382 2638; x_wconf 85' lang='lat' dir='ltr'>servi</span> <span class='ocrx_word' id='word_1_237' title='bbox 396 2579 571 2651; x_wconf 87' lang='lat' dir='ltr'>attulissent,</span> <span class='ocrx_word' id='word_1_238' title='bbox 585 2600 637 2640; x_wconf 91' lang='lat' dir='ltr'>eos</span> <span class='ocrx_word' id='word_1_239' title='bbox 651 2579 701 2659; x_wconf 94' lang='lat' dir='ltr'>qui</span> <span class='ocrx_word' id='word_1_240' title='bbox 715 2580 882 2640; x_wconf 86' lang='lat' dir='ltr'>attulissent</span> <span class='ocrx_word' id='word_1_241' title='bbox 900 2581 1031 2642; x_wconf 87' lang='lat' dir='ltr'>dedere:</span> <span class='ocrx_word' id='word_1_242' title='bbox 1051 2581 1095 2640; x_wconf 88' lang='lat' dir='ltr'>sin</span> <span class='ocrx_word' id='word_1_243' title='bbox 1109 2582 1362 2654; x_wconf 65' lang='lat' dir='ltr'>marmoratam</span> <span class='ocrx_word' id='word_1_244' title='bbox 1452 2586 1453 2591; x_wconf 74' lang='grc'>’</span> 
     </span>
     <span class='ocr_line' id='line_1_26' title="bbox 267 2670 1362 2753; baseline 0.002 -23"><span class='ocrx_word' id='word_1_245' title='bbox 267 2691 287 2735; x_wconf 68' lang='grc' dir='ltr'>ε,</span> <span class='ocrx_word' id='word_1_246' title='bbox 308 2673 408 2731; x_wconf 89' lang='lat' dir='ltr'>nostro</span> <span class='ocrx_word' id='word_1_247' title='bbox 428 2672 581 2752; x_wconf 84' lang='lat' dir='ltr'>famulitio,</span> <span class='ocrx_word' id='word_1_248' title='bbox 602 2671 652 2753; x_wconf 91' lang='lat' dir='ltr'>qui</span> <span class='ocrx_word' id='word_1_249' title='bbox 672 2670 835 2750; x_wconf 86' lang='lat' dir='ltr'>accepisset</span> <span class='ocrx_word' id='word_1_250' title='bbox 858 2692 900 2732; x_wconf 85' lang='lat' dir='ltr'>aes</span> <span class='ocrx_word' id='word_1_251' title='bbox 924 2683 955 2732; x_wconf 89' lang='lat' dir='ltr'>et</span> <span class='ocrx_word' id='word_1_252' title='bbox 973 2673 1177 2751; x_wconf 83' lang='lat' dir='ltr'>expendisset,</span> <span class='ocrx_word' id='word_1_253' title='bbox 1196 2692 1362 2753; x_wconf 76' lang='lat' dir='ltr'>exposcens.</span> 
     </span>
     <span class='ocr_line' id='line_1_27' title="bbox 192 2763 1363 2850; baseline 0.004 -26"><span class='ocrx_word' id='word_1_254' title='bbox 192 2775 196 2782; x_wconf 89' lang='lat'>&#39;</span> <span class='ocrx_word' id='word_1_255' title='bbox 269 2766 373 2842; x_wconf 86' lang='lat' dir='ltr'>Neque</span> <span class='ocrx_word' id='word_1_256' title='bbox 388 2764 464 2824; x_wconf 86' lang='lat' dir='ltr'>enirn</span> <span class='ocrx_word' id='word_1_257' title='bbox 479 2763 610 2848; x_wconf 82' lang='lat' dir='ltr'>profecto</span> <span class='ocrx_word' id='word_1_258' title='bbox 624 2765 670 2823; x_wconf 86' lang='lat' dir='ltr'>vel</span> <span class='ocrx_word' id='word_1_259' title='bbox 689 2765 714 2824; x_wconf 91' lang='lat' dir='ltr'>is</span> <span class='ocrx_word' id='word_1_260' title='bbox 736 2765 788 2850; x_wconf 78' lang='lat' dir='ltr'>qui</span> <span class='ocrx_word' id='word_1_261' title='bbox 807 2765 1020 2844; x_wconf 85' lang='lat' dir='ltr'>oppignerabat</span> <span class='ocrx_word' id='word_1_262' title='bbox 1032 2767 1142 2843; x_wconf 86' lang='lat' dir='ltr'>absque</span> <span class='ocrx_word' id='word_1_263' title='bbox 1161 2766 1292 2844; x_wconf 85' lang='lat' dir='ltr'>pondere</span> <span class='ocrx_word' id='word_1_264' title='bbox 1311 2776 1363 2829; x_wconf 76' lang='lat' dir='ltr'>tm·</span> 
     </span>
     <span class='ocr_line' id='line_1_28' title="bbox 267 2846 1363 2936; baseline -0.002 -18"><span class='ocrx_word' id='word_1_265' title='bbox 267 2857 393 2926; x_wconf 85' lang='lat' dir='ltr'>diturus,</span> <span class='ocrx_word' id='word_1_266' title='bbox 403 2856 450 2919; x_wconf 87' lang='lat' dir='ltr'>vel</span> <span class='ocrx_word' id='word_1_267' title='bbox 463 2867 546 2936; x_wconf 90' lang='lat' dir='ltr'>pater</span> <span class='ocrx_word' id='word_1_268' title='bbox 559 2877 642 2923; x_wconf 78' lang='lat' dir='ltr'>maus</span> <span class='ocrx_word' id='word_1_269' title='bbox 658 2857 719 2936; x_wconf 87' lang='lat' dir='ltr'>ipse</span> <span class='ocrx_word' id='word_1_270' title='bbox 732 2857 763 2915; x_wconf 95' lang='lat' dir='ltr'>id</span> <span class='ocrx_word' id='word_1_271' title='bbox 772 2857 818 2915; x_wconf 85' lang='lat' dir='ltr'>sel</span> <span class='ocrx_word' id='word_1_272' title='bbox 830 2846 999 2934; x_wconf 80' lang='lat' dir='ltr'>gestaturus</span> <span class='ocrx_word' id='word_1_273' title='bbox 1013 2857 1058 2916; x_wconf 83' lang='lat' dir='ltr'>sel</span> <span class='ocrx_word' id='word_1_274' title='bbox 1068 2857 1285 2936; x_wconf 86' lang='lat' dir='ltr'>ponderaturus</span> <span class='ocrx_word' id='word_1_275' title='bbox 1294 2857 1363 2917; x_wconf 82' lang='lat' dir='ltr'>fuit:</span> 
     </span>
     <span class='ocr_line' id='line_1_29' title="bbox 266 2949 1362 3028; baseline 0 -20"><span class='ocrx_word' id='word_1_276' title='bbox 266 2949 321 3016; x_wconf 86' lang='lat' dir='ltr'>sed</span> <span class='ocrx_word' id='word_1_277' title='bbox 333 2949 436 3020; x_wconf 75' lang='lat' dir='ltr'>famuli</span> <span class='ocrx_word' id='word_1_278' title='bbox 449 2949 475 3008; x_wconf 86' lang='lat' dir='ltr'>si</span> <span class='ocrx_word' id='word_1_279' title='bbox 488 2950 616 3022; x_wconf 84' lang='lat' dir='ltr'>fuerunt,</span> <span class='ocrx_word' id='word_1_280' title='bbox 631 2949 681 3027; x_wconf 85' lang='lat' dir='ltr'>qni</span> <span class='ocrx_word' id='word_1_281' title='bbox 694 2959 798 3008; x_wconf 87' lang='lat' dir='ltr'>mutuo</span> <span class='ocrx_word' id='word_1_282' title='bbox 814 2949 893 3009; x_wconf 75' lang='lat' dir='ltr'>data</span> <span class='ocrx_word' id='word_1_283' title='bbox 905 2950 1038 3027; x_wconf 73' lang='lat' dir='ltr'>pecuniae</span> <span class='ocrx_word' id='word_1_284' title='bbox 1053 2950 1179 3027; x_wconf 77' lang='lat' dir='ltr'>pignora</span> <span class='ocrx_word' id='word_1_285' title='bbox 1191 2949 1362 3028; x_wconf 80' lang='lat' dir='ltr'>acciperent</span> 
     </span>
     <span class='ocr_line' id='line_1_30' title="bbox 267 3041 1362 3120; baseline -0.003 -16"><span class='ocrx_word' id='word_1_286' title='bbox 267 3041 402 3104; x_wconf 87' lang='lat' dir='ltr'>Demiror</span> <span class='ocrx_word' id='word_1_287' title='bbox 422 3061 478 3120; x_wconf 79' lang='lat' dir='ltr'>ogo</span> <span class='ocrx_word' id='word_1_288' title='bbox 497 3042 596 3114; x_wconf 83' lang='lat' dir='ltr'>etiem,</span> <span class='ocrx_word' id='word_1_289' title='bbox 618 3060 776 3120; x_wconf 86' lang='lat' dir='ltr'>quamnam</span> <span class='ocrx_word' id='word_1_290' title='bbox 798 3043 837 3101; x_wconf 91' lang='lat' dir='ltr'>ob</span> <span class='ocrx_word' id='word_1_291' title='bbox 860 3059 979 3103; x_wconf 80' lang='lat' dir='ltr'>causam</span> <span class='ocrx_word' id='word_1_292' title='bbox 1001 3041 1129 3106; x_wconf 82' lang='lat' dir='ltr'>Boeotius</span> <span class='ocrx_word' id='word_1_293' title='bbox 1144 3041 1310 3104; x_wconf 83' lang='lat' dir='ltr'>navarchus</span> <span class='ocrx_word' id='word_1_294' title='bbox 1326 3057 1362 3101; x_wconf 80' lang='lat' dir='ltr'>us</span> 
     </span>
     <span class='ocr_line' id='line_1_31' title="bbox 223 3132 1453 3214; baseline -0.001 -19"><span class='ocrx_word' id='word_1_295' title='bbox 223 3149 233 3156; x_wconf 75' lang='grc'><strong>“</strong></span> <span class='ocrx_word' id='word_1_296' title='bbox 266 3135 339 3195; x_wconf 91' lang='lat' dir='ltr'>illud</span> <span class='ocrx_word' id='word_1_297' title='bbox 361 3135 436 3213; x_wconf 86' lang='lat' dir='ltr'>patri</span> <span class='ocrx_word' id='word_1_298' title='bbox 461 3153 526 3194; x_wconf 89' lang='lat' dir='ltr'>meo</span> <span class='ocrx_word' id='word_1_299' title='bbox 547 3133 796 3214; x_wconf 77' lang='lat' dir='ltr'>oppigneraturus</span> <span class='ocrx_word' id='word_1_300' title='bbox 815 3132 930 3204; x_wconf 88' lang='lat' dir='ltr'>fuisset,</span> <span class='ocrx_word' id='word_1_301' title='bbox 948 3152 1016 3192; x_wconf 85' lang='lat' dir='ltr'>cunr</span> <span class='ocrx_word' id='word_1_302' title='bbox 1044 3132 1181 3211; x_wconf 82' lang='lat' dir='ltr'>Philippo</span> <span class='ocrx_word' id='word_1_303' title='bbox 1202 3133 1283 3196; x_wconf 83' lang='lat' dir='ltr'>mille</span> <span class='ocrx_word' id='word_1_304' title='bbox 1304 3134 1362 3196; x_wconf 79' lang='lat' dir='ltr'>dra·</span> <span class='ocrx_word' id='word_1_305' title='bbox 1452 3200 1453 3205; x_wconf 9' lang='grc' dir='ltr'>η</span> 
     </span>
     <span class='ocr_line' id='line_1_32' title="bbox 266 3211 1364 3304; baseline -0.004 -17"><span class='ocrx_word' id='word_1_306' title='bbox 266 3226 370 3287; x_wconf 78' lang='lat' dir='ltr'>chunos</span> <span class='ocrx_word' id='word_1_307' title='bbox 391 3227 521 3288; x_wconf 85' lang='lat' dir='ltr'>deberet.</span> <span class='ocrx_word' id='word_1_308' title='bbox 567 3226 670 3285; x_wconf 90' lang='lat' dir='ltr'>Utrum</span> <span class='ocrx_word' id='word_1_309' title='bbox 689 3226 769 3302; x_wconf 88' lang='lat' dir='ltr'>quod</span> <span class='ocrx_word' id='word_1_310' title='bbox 789 3211 943 3304; x_wconf 81' lang='lat' dir='ltr'>Philippus</span> <span class='ocrx_word' id='word_1_311' title='bbox 965 3223 1076 3284; x_wconf 85' lang='lat' dir='ltr'>insitus</span> <span class='ocrx_word' id='word_1_312' title='bbox 1098 3224 1234 3286; x_wconf 75' lang='lat' dir='ltr'>facturus</span> <span class='ocrx_word' id='word_1_313' title='bbox 1257 3236 1321 3286; x_wconf 84' lang='lat' dir='ltr'>erat</span> <span class='ocrx_word' id='word_1_314' title='bbox 1336 3234 1364 3284; x_wconf 90' lang='lat' dir='ltr'>nt</span> 
     </span>
     <span class='ocr_line' id='line_1_33' title="bbox 233 3316 1363 3398; baseline -0.003 -16"><span class='ocrx_word' id='word_1_315' title='bbox 233 3362 240 3366; x_wconf 94' lang='lat'>-</span> <span class='ocrx_word' id='word_1_316' title='bbox 268 3337 386 3382; x_wconf 83' lang='lat' dir='ltr'>usuram</span> <span class='ocrx_word' id='word_1_317' title='bbox 399 3319 555 3398; x_wconf 85' lang='lat' dir='ltr'>acciperet,</span> <span class='ocrx_word' id='word_1_318' title='bbox 569 3319 595 3380; x_wconf 90' lang='lat' dir='ltr'>si</span> <span class='ocrx_word' id='word_1_319' title='bbox 609 3319 789 3380; x_wconf 84' lang='lat' dir='ltr'>nummasio</span> <span class='ocrx_word' id='word_1_320' title='bbox 802 3328 868 3378; x_wconf 88' lang='lat' dir='ltr'>tuto</span> <span class='ocrx_word' id='word_1_321' title='bbox 877 3318 1066 3389; x_wconf 82' lang='lat' dir='ltr'>eoUocasset,</span> <span class='ocrx_word' id='word_1_322' title='bbox 1079 3325 1110 3376; x_wconf 91' lang='lat' dir='ltr'>et</span> <span class='ocrx_word' id='word_1_323' title='bbox 1124 3317 1164 3376; x_wconf 89' lang='lat' dir='ltr'>ad</span> <span class='ocrx_word' id='word_1_324' title='bbox 1176 3316 1306 3398; x_wconf 68' lang='lat' dir='ltr'>pignus?</span> <span class='ocrx_word' id='word_1_325' title='bbox 1330 3337 1363 3379; x_wconf 84' lang='lat' dir='ltr'>nn</span> 
     </span>
     <span class='ocr_line' id='line_1_34' title="bbox 62 3409 1362 3491; baseline 0.002 -24"><span class='ocrx_word' id='word_1_326' title='bbox 62 3445 65 3454; x_wconf 52' lang='grc' dir='ltr'><em>ι</em></span> <span class='ocrx_word' id='word_1_327' title='bbox 163 3411 167 3414; x_wconf 70' lang='grc'><strong>”</strong></span> <span class='ocrx_word' id='word_1_328' title='bbox 268 3409 349 3491; x_wconf 87' lang='lat' dir='ltr'>quod</span> <span class='ocrx_word' id='word_1_329' title='bbox 363 3411 489 3488; x_wconf 86' lang='lat' dir='ltr'>pecunia</span> <span class='ocrx_word' id='word_1_330' title='bbox 502 3410 639 3490; x_wconf 87' lang='lat' dir='ltr'>Philippo</span> <span class='ocrx_word' id='word_1_331' title='bbox 658 3430 718 3472; x_wconf 86' lang='lat' dir='ltr'>nnn</span> <span class='ocrx_word' id='word_1_332' title='bbox 742 3410 818 3480; x_wconf 78' lang='lat' dir='ltr'>fuist</span> <span class='ocrx_word' id='word_1_333' title='bbox 848 3411 975 3473; x_wconf 86' lang='lat' dir='ltr'>Proinde</span> <span class='ocrx_word' id='word_1_334' title='bbox 990 3410 1066 3489; x_wconf 84' lang='lat' dir='ltr'>qnid</span> <span class='ocrx_word' id='word_1_335' title='bbox 1082 3420 1148 3472; x_wconf 83' lang='lat' dir='ltr'>erut</span> <span class='ocrx_word' id='word_1_336' title='bbox 1166 3427 1221 3472; x_wconf 86' lang='lat' dir='ltr'>cur</span> <span class='ocrx_word' id='word_1_337' title='bbox 1240 3411 1362 3472; x_wconf 77' lang='lat' dir='ltr'>Btsotiru</span> 
     </span>
     <span class='ocr_line' id='line_1_35' title="bbox 269 3500 1363 3582; baseline 0.002 -22"><span class='ocrx_word' id='word_1_338' title='bbox 269 3500 319 3560; x_wconf 90' lang='lat' dir='ltr'>ille</span> <span class='ocrx_word' id='word_1_339' title='bbox 332 3501 499 3562; x_wconf 86' lang='lat' dir='ltr'>navarchus</span> <span class='ocrx_word' id='word_1_340' title='bbox 512 3512 625 3579; x_wconf 78' lang='lat' dir='ltr'>epatre</span> <span class='ocrx_word' id='word_1_341' title='bbox 646 3521 710 3562; x_wconf 85' lang='lat' dir='ltr'>meo</span> <span class='ocrx_word' id='word_1_342' title='bbox 724 3510 858 3572; x_wconf 84' lang='lat' dir='ltr'>mutuum</span> <span class='ocrx_word' id='word_1_343' title='bbox 871 3514 977 3575; x_wconf 87' lang='lat' dir='ltr'>oraret,</span> <span class='ocrx_word' id='word_1_344' title='bbox 989 3503 1072 3581; x_wconf 84' lang='lat' dir='ltr'>qnod</span> <span class='ocrx_word' id='word_1_345' title='bbox 1084 3502 1223 3582; x_wconf 87' lang='lat' dir='ltr'>Philippo</span> <span class='ocrx_word' id='word_1_346' title='bbox 1235 3504 1363 3564; x_wconf 81' lang='lat' dir='ltr'>redderet</span> 
     </span>
     <span class='ocr_line' id='line_1_36' title="bbox 158 3591 1453 3676; baseline 0.007 -24"><span class='ocrx_word' id='word_1_347' title='bbox 158 3668 161 3674; x_wconf 25' lang='lat'>¹</span> <span class='ocrx_word' id='word_1_348' title='bbox 265 3591 380 3672; x_wconf 86' lang='lat' dir='ltr'>potius,</span> <span class='ocrx_word' id='word_1_349' title='bbox 393 3612 479 3671; x_wconf 88' lang='lat' dir='ltr'>quam</span> <span class='ocrx_word' id='word_1_350' title='bbox 493 3593 562 3664; x_wconf 79' lang='lat' dir='ltr'>huin</span> <span class='ocrx_word' id='word_1_351' title='bbox 580 3594 636 3672; x_wconf 82' lang='lat' dir='ltr'>ipsi</span> <span class='ocrx_word' id='word_1_352' title='bbox 657 3613 699 3655; x_wconf 77' lang='lat' dir='ltr'>aes</span> <span class='ocrx_word' id='word_1_353' title='bbox 721 3594 947 3674; x_wconf 81' lang='lat' dir='ltr'>oppigneraretl</span> <span class='ocrx_word' id='word_1_354' title='bbox 983 3595 1042 3661; x_wconf 86' lang='lat' dir='ltr'>Sed</span> <span class='ocrx_word' id='word_1_355' title='bbox 1056 3613 1159 3673; x_wconf 82' lang='lat' dir='ltr'>nequa</span> <span class='ocrx_word' id='word_1_356' title='bbox 1172 3615 1215 3655; x_wconf 84' lang='lat' dir='ltr'>aas</span> <span class='ocrx_word' id='word_1_357' title='bbox 1228 3598 1362 3676; x_wconf 74' lang='lat' dir='ltr'>oppigna</span> <span class='ocrx_word' id='word_1_358' title='bbox 1452 3606 1453 3661; x_wconf 67' lang='lat' dir='ltr'>l</span> 
     </span>
     <span class='ocr_line' id='line_1_37' title="bbox 83 3677 1453 3764; baseline 0.005 -19"><span class='ocrx_word' id='word_1_359' title='bbox 83 3677 88 3685; x_wconf 49' lang='lat'>¹</span> <span class='ocrx_word' id='word_1_360' title='bbox 269 3693 366 3746; x_wconf 87' lang='lat' dir='ltr'>ratum</span> <span class='ocrx_word' id='word_1_361' title='bbox 380 3686 446 3755; x_wconf 76' lang='lat' dir='ltr'>fnit,</span> <span class='ocrx_word' id='word_1_362' title='bbox 461 3685 592 3758; x_wconf 88' lang='lat' dir='ltr'>Judices,</span> <span class='ocrx_word' id='word_1_363' title='bbox 611 3705 706 3764; x_wconf 83' lang='lat' dir='ltr'>usque</span> <span class='ocrx_word' id='word_1_364' title='bbox 720 3697 877 3758; x_wconf 52' lang='lat' dir='ltr'>,mutuatus</span> <span class='ocrx_word' id='word_1_365' title='bbox 896 3694 943 3750; x_wconf 86' lang='lat' dir='ltr'>est</span> <span class='ocrx_word' id='word_1_366' title='bbox 964 3689 1097 3750; x_wconf 82' lang='lat' dir='ltr'>Boeotius</span> <span class='ocrx_word' id='word_1_367' title='bbox 1110 3689 1280 3751; x_wconf 82' lang='lat' dir='ltr'>navarchus</span> <span class='ocrx_word' id='word_1_368' title='bbox 1292 3689 1360 3749; x_wconf 79' lang='lat' dir='ltr'>mlle</span> <span class='ocrx_word' id='word_1_369' title='bbox 1452 3680 1453 3753; x_wconf 68' lang='lat' dir='ltr'>l</span> 
     </span>
     <span class='ocr_line' id='line_1_38' title="bbox 270 3760 1453 3861; baseline 0.003 -25"><span class='ocrx_word' id='word_1_370' title='bbox 270 3775 425 3840; x_wconf 85' lang='lat' dir='ltr'>drachmas</span> <span class='ocrx_word' id='word_1_371' title='bbox 449 3797 466 3836; x_wconf 91' lang='lat' dir='ltr'>a</span> <span class='ocrx_word' id='word_1_372' title='bbox 489 3787 571 3856; x_wconf 89' lang='lat' dir='ltr'>patre</span> <span class='ocrx_word' id='word_1_373' title='bbox 594 3779 736 3850; x_wconf 86' lang='lat' dir='ltr'>mec,sed</span> <span class='ocrx_word' id='word_1_374' title='bbox 760 3779 930 3848; x_wconf 78' lang='lat' dir='ltr'>Timotheus</span> <span class='ocrx_word' id='word_1_375' title='bbox 947 3798 1059 3858; x_wconf 78' lang='lat' dir='ltr'>magna</span> <span class='ocrx_word' id='word_1_376' title='bbox 1078 3790 1213 3859; x_wconf 80' lang='lat' dir='ltr'>egestate</span> <span class='ocrx_word' id='word_1_377' title='bbox 1235 3799 1360 3861; x_wconf 75' lang='lat' dir='ltr'>pressis:</span> <span class='ocrx_word' id='word_1_378' title='bbox 1452 3760 1453 3779; x_wconf 86' lang='lat'>¹</span> 
     </span>
     <span class='ocr_line' id='line_1_39' title="bbox 211 3863 1453 3951; baseline 0.004 -21"><span class='ocrx_word' id='word_1_379' title='bbox 211 3927 214 3930; x_wconf 80' lang='grc'>.</span> <span class='ocrx_word' id='word_1_380' title='bbox 269 3887 440 3948; x_wconf 74' lang='lat' dir='ltr'>quemnam</span> <span class='ocrx_word' id='word_1_381' title='bbox 464 3871 495 3933; x_wconf 91' lang='lat' dir='ltr'>in</span> <span class='ocrx_word' id='word_1_382' title='bbox 520 3891 603 3932; x_wconf 89' lang='lat' dir='ltr'>usum</span> <span class='ocrx_word' id='word_1_383' title='bbox 625 3863 802 3943; x_wconf 74' lang='lat' dir='ltr'>converterit</span> <span class='ocrx_word' id='word_1_384' title='bbox 823 3882 989 3950; x_wconf 73' lang='lat' dir='ltr'>argentum,</span> <span class='ocrx_word' id='word_1_385' title='bbox 1011 3872 1074 3933; x_wconf 84' lang='lat' dir='ltr'>dixi</span> <span class='ocrx_word' id='word_1_386' title='bbox 1097 3872 1191 3935; x_wconf 84' lang='lat' dir='ltr'>robis.</span> <span class='ocrx_word' id='word_1_387' title='bbox 1243 3875 1359 3935; x_wconf 79' lang='lat' dir='ltr'>Tantum</span> <span class='ocrx_word' id='word_1_388' title='bbox 1452 3926 1453 3951; x_wconf 69' lang='lat'>,</span> 
     </span>
     <span class='ocr_line' id='line_1_40' title="bbox 268 3961 1360 4044; baseline 0.007 -24"><span class='ocrx_word' id='word_1_389' title='bbox 268 3970 370 4023; x_wconf 79' lang='lat' dir='ltr'>antem</span> <span class='ocrx_word' id='word_1_390' title='bbox 384 3962 469 4020; x_wconf 87' lang='lat' dir='ltr'>abest</span> <span class='ocrx_word' id='word_1_391' title='bbox 482 3971 515 4020; x_wconf 87' lang='lat' dir='ltr'>ut</span> <span class='ocrx_word' id='word_1_392' title='bbox 526 3961 651 4040; x_wconf 85' lang='lat' dir='ltr'>gratiam</span> <span class='ocrx_word' id='word_1_393' title='bbox 665 3962 772 4028; x_wconf 77' lang='lat' dir='ltr'>referat</span> <span class='ocrx_word' id='word_1_394' title='bbox 791 3983 844 4042; x_wconf 88' lang='lat' dir='ltr'>pro</span> <span class='ocrx_word' id='word_1_395' title='bbox 857 3964 970 4026; x_wconf 85' lang='lat' dir='ltr'>credita</span> <span class='ocrx_word' id='word_1_396' title='bbox 987 3975 1019 4026; x_wconf 87' lang='lat' dir='ltr'>et</span> <span class='ocrx_word' id='word_1_397' title='bbox 1033 3976 1161 4044; x_wconf 78' lang='lat' dir='ltr'>accepta</span> <span class='ocrx_word' id='word_1_398' title='bbox 1178 3976 1293 4044; x_wconf 71' lang='lat' dir='ltr'>epatre</span> <span class='ocrx_word' id='word_1_399' title='bbox 1303 3983 1360 4027; x_wconf 76' lang='lat' dir='ltr'>mco</span> 
     </span>
     <span class='ocr_line' id='line_1_41' title="bbox 268 4051 1453 4134; baseline 0.014 -22"><span class='ocrx_word' id='word_1_400' title='bbox 268 4051 408 4132; x_wconf 80' lang='lat' dir='ltr'>pecunia,</span> <span class='ocrx_word' id='word_1_401' title='bbox 422 4062 546 4122; x_wconf 81' lang='lat' dir='ltr'>utscrte</span> <span class='ocrx_word' id='word_1_402' title='bbox 561 4054 697 4126; x_wconf 75' lang='lat' dir='ltr'>etiamsi</span> <span class='ocrx_word' id='word_1_403' title='bbox 712 4056 813 4134; x_wconf 88' lang='lat' dir='ltr'>possit,</span> <span class='ocrx_word' id='word_1_404' title='bbox 829 4056 1026 4130; x_wconf 80' lang='lat' dir='ltr'>fraudandum</span> <span class='ocrx_word' id='word_1_405' title='bbox 1038 4068 1170 4124; x_wconf 63' lang='lat' dir='ltr'>comant·</span> <span class='ocrx_word' id='word_1_406' title='bbox 1452 4128 1453 4133; x_wconf 69' lang='grc'>,</span> 
     </span>
     <span class='ocr_line' id='line_1_42' title="bbox 314 4143 1453 4245; baseline 0.003 -41"><span class='ocrx_word' id='word_1_407' title='bbox 314 4145 364 4204; x_wconf 89' lang='lat' dir='ltr'>ll.</span> <span class='ocrx_word' id='word_1_408' title='bbox 387 4143 433 4204; x_wconf 85' lang='lat' dir='ltr'>Dc</span> <span class='ocrx_word' id='word_1_409' title='bbox 447 4143 550 4222; x_wconf 86' lang='lat' dir='ltr'>phialis</span> <span class='ocrx_word' id='word_1_410' title='bbox 562 4165 659 4224; x_wconf 88' lang='lat' dir='ltr'>porro,</span> <span class='ocrx_word' id='word_1_411' title='bbox 674 4156 705 4206; x_wconf 88' lang='lat' dir='ltr'>et</span> <span class='ocrx_word' id='word_1_412' title='bbox 718 4147 1155 4228; x_wconf 77' lang='lat' dir='ltr'>argentiminaqnamapatre</span> <span class='ocrx_word' id='word_1_413' title='bbox 1169 4161 1359 4218; x_wconf 75' lang='lat' dir='ltr'>mmestnn·</span> <span class='ocrx_word' id='word_1_414' title='bbox 1452 4176 1453 4245; x_wconf 59' lang='lat' dir='ltr'>p</span> 
     </span>
     <span class='ocr_line' id='line_1_43' title="bbox 260 4236 1453 4320; baseline 0.001 -22"><span class='ocrx_word' id='word_1_415' title='bbox 260 4249 381 4308; x_wconf 68' lang='lat' dir='ltr'>,tostus</span> <span class='ocrx_word' id='word_1_416' title='bbox 394 4236 570 4316; x_wconf 78' lang='lat' dir='ltr'>pedissequo</span> <span class='ocrx_word' id='word_1_417' title='bbox 595 4257 649 4299; x_wconf 88' lang='lat' dir='ltr'>suo</span> <span class='ocrx_word' id='word_1_418' title='bbox 668 4238 840 4301; x_wconf 82' lang='lat' dir='ltr'>AEscbricns</span> <span class='ocrx_word' id='word_1_419' title='bbox 855 4241 895 4301; x_wconf 80' lang='lat' dir='ltr'>ad</span> <span class='ocrx_word' id='word_1_420' title='bbox 909 4250 1023 4320; x_wconf 78' lang='lat' dir='ltr'>patrem</span> <span class='ocrx_word' id='word_1_421' title='bbox 1041 4261 1140 4310; x_wconf 76' lang='lat' dir='ltr'>meran</span> <span class='ocrx_word' id='word_1_422' title='bbox 1159 4252 1250 4307; x_wconf 79' lang='lat' dir='ltr'>noctu</span> <span class='ocrx_word' id='word_1_423' title='bbox 1269 4243 1358 4309; x_wconf 86' lang='lat' dir='ltr'>misso,</span> <span class='ocrx_word' id='word_1_424' title='bbox 1452 4256 1453 4299; x_wconf 68' lang='lat' dir='ltr'>l</span> 
     </span>
     <span class='ocr_line' id='line_1_44' title="bbox 271 4329 1453 4410; baseline 0.014 -23"><span class='ocrx_word' id='word_1_425' title='bbox 271 4345 338 4388; x_wconf 80' lang='lat' dir='ltr'>euru</span> <span class='ocrx_word' id='word_1_426' title='bbox 350 4329 431 4408; x_wconf 87' lang='lat' dir='ltr'>apud</span> <span class='ocrx_word' id='word_1_427' title='bbox 444 4329 584 4393; x_wconf 86' lang='lat' dir='ltr'>arbitrum</span> <span class='ocrx_word' id='word_1_428' title='bbox 598 4332 748 4410; x_wconf 81' lang='lat' dir='ltr'>rogabam,</span> <span class='ocrx_word' id='word_1_429' title='bbox 758 4349 796 4390; x_wconf 92' lang='lat' dir='ltr'>an</span> <span class='ocrx_word' id='word_1_430' title='bbox 810 4333 908 4399; x_wconf 84' lang='lat' dir='ltr'>adhuc</span> <span class='ocrx_word' id='word_1_431' title='bbox 922 4355 1026 4395; x_wconf 81' lang='lat' dir='ltr'>sersus</span> <span class='ocrx_word' id='word_1_432' title='bbox 1035 4345 1119 4400; x_wconf 84' lang='lat' dir='ltr'>esset</span> <span class='ocrx_word' id='word_1_433' title='bbox 1138 4355 1210 4401; x_wconf 85' lang='lat' dir='ltr'>suus</span> <span class='ocrx_word' id='word_1_434' title='bbox 1228 4335 1358 4403; x_wconf 76' lang='lat' dir='ltr'>AEaohris</span> <span class='ocrx_word' id='word_1_435' title='bbox 1452 4358 1453 4365; x_wconf 53' lang='lat'>¹</span> 
     </span>
     <span class='ocr_line' id='line_1_45' title="bbox 271 4418 1453 4507; baseline 0.008 -33"><span class='ocrx_word' id='word_1_436' title='bbox 271 4425 302 4474; x_wconf 90' lang='lat' dir='ltr'>et</span> <span class='ocrx_word' id='word_1_437' title='bbox 319 4428 352 4476; x_wconf 91' lang='lat' dir='ltr'>ut</span> <span class='ocrx_word' id='word_1_438' title='bbox 368 4441 405 4479; x_wconf 82' lang='lat' dir='ltr'>ex</span> <span class='ocrx_word' id='word_1_439' title='bbox 419 4431 487 4482; x_wconf 87' lang='lat' dir='ltr'>ente</span> <span class='ocrx_word' id='word_1_440' title='bbox 499 4421 576 4482; x_wconf 90' lang='lat' dir='ltr'>illius</span> <span class='ocrx_word' id='word_1_441' title='bbox 590 4423 697 4490; x_wconf 82' lang='lat' dir='ltr'>veritas</span> <span class='ocrx_word' id='word_1_442' title='bbox 711 4418 1141 4507; x_wconf 50' lang='lat' dir='ltr'>exsculpereturpo&#39;stulabam.</span> <span class='ocrx_word' id='word_1_443' title='bbox 1167 4428 1231 4496; x_wconf 71' lang='lat' dir='ltr'>Qui</span> <span class='ocrx_word' id='word_1_444' title='bbox 1242 4443 1308 4492; x_wconf 69' lang='lat' dir='ltr'>eam</span> <span class='ocrx_word' id='word_1_445' title='bbox 1318 4446 1357 4490; x_wconf 73' lang='lat' dir='ltr'>rs</span> <span class='ocrx_word' id='word_1_446' title='bbox 1452 4420 1453 4483; x_wconf 78' lang='lat' dir='ltr'>i</span> 
     </span>
    </p>
   </div>
   <div class='ocr_carea' id='block_1_3' title="bbox 1452 4716 1454 4829">
    <p class='ocr_par' dir='ltr' id='par_1_3' title="bbox 1452 4716 1454 4829">
     <span class='ocr_line' id='line_1_46' title="bbox 1452 4716 1453 4769; baseline 0 0"><span class='ocrx_word' id='word_1_447' title='bbox 1452 4716 1453 4769; x_wconf 90' lang='lat' dir='ltr'>l</span> 
     </span>
     <span class='ocr_line' id='line_1_47' title="bbox 1452 4772 1454 4829; baseline 0 0"><span class='ocrx_word' id='word_1_448' title='bbox 1452 4772 1454 4829; x_wconf 87' lang='lat' dir='ltr'>l</span> 
     </span>
    </p>
   </div>
   <div class='ocr_carea' id='block_1_4' title="bbox 0 0 1495 4950">
    <p class='ocr_par' dir='ltr' id='par_1_4' title="bbox 0 0 1495 4950">
     <span class='ocr_line' id='line_1_48' title="bbox 0 0 1495 4950; baseline 0 0"><span class='ocrx_word' id='word_1_449' title='bbox 0 0 1495 4950; x_wconf 95' lang='lat' dir='ltr'> </span> 
     </span>
    </p>
   </div>
  </div>
 </body>
</html>
