2967 4950
514 307 738 398 snvsnsns
760 259 1018 370 nunumnru.
1080 262 1114 401 ὀ
1223 307 1282 367 rsa

177 481 249 562 qnid
273 478 364 559 aliqui
384 497 416 538 ss
437 488 579 558 cognatos
602 479 666 559 ejus
694 499 762 540 esse
789 477 1004 539 testificentur?
1036 476 1175 537 Omnino.
1216 475 1281 536 Pri·

178 567 451 635 mnm‘consobrini
476 582 620 650 quatuor:
642 571 750 633 deinde
774 569 926 632 sobrinus:
952 581 1032 651 post,
1055 571 1106 650 qui
1128 567 1279 629 consobri-

178 687 233 728 nos
254 669 320 745 ejus
339 665 502 724 duxerunt:
524 665 648 726 curiales
662 665 732 724 item
742 653 759 724 ι’
770 683 827 725 nec
844 683 905 724 non
921 663 1065 744 Apollinis
1084 652 1181 742 patrii,
1191 660 1279 722 {toris

179 758 289 820 Hercei
302 757 442 838 gentiles:
465 756 572 817 deinde
586 757 605 816 ii
618 759 724 836 quibus
738 769 927 827 monumenta
941 767 1011 817 sunt
1027 755 1149 816 eadem:
1171 755 1279 817 deinde

179 851 354 931 municipes,
378 869 548 931 enm-saepe
568 860 599 910 et
619 851 774 931 probatum
795 870 871 921 esse,
891 861 921 910 et
938 850 1127 930 magistratus
1141 848 1280 940 gessisse,
1381 865 1383 869 ’

180 945 242 1005 suis
266 943 410 1024 suffragiis
429 941 631 1004 ostenderunt.
676 942 724 1003 De
746 951 830 1023 patre
849 941 948 1022 igitur,
972 942 1043 1023 qnid
1065 941 1278 1022 vobisaequius

183 1046 234 1097 eut
246 1037 385 1098 sincerius
395 1035 500 1114 ⁴afferre
517 1033 701 1118 potuissem?
721 1035 843 1096 Vocabu
861 1045 958 1095 autem
976 1037 1059 1096 vobis
1081 1046 1237 1116 cognatos,
1253 1028 1278 1096 si

183 1130 288 1190 vultis:
319 1130 359 1188 de
386 1142 478 1190 matre
500 1150 587 1210 porro
614 1130 725 1192 audite.
766 1128 865 1190 Meter
878 1129 961 1188 mihi
984 1141 1031 1189 ost
1045 1129 1199 1202 ,Nicaretm
1220 1129 1281 1190 fllia

182 1223 363 1310 Demostrati
383 1221 556 1284 Melitensis.
608 1223 680 1304 Ejus
705 1221 835 1302 cognati,
857 1223 908 1301 qui
931 1222 1131 1283 testimonium
1157 1220 1280 1296 dicunt?

78 1313 81 1318 ’
181 1313 311 1376 Primum
330 1315 472 1395 patruelis
495 1315 547 1376 filii
563 1315 643 1377 duo:
663 1315 769 1376 deinde
788 1314 957 1377 consobrini
979 1309 1078 1375 mat'ris'
1090 1334 1098 1374 τ
1111 1319 1187 1394 'post
1207 1314 1280 1374 Pro·

177 1409 306 1470 tomachi
320 1408 382 1482 filii,
396 1409 458 1490 ejus
475 1408 526 1488 qui
544 1421 667 1470 matrem
681 1429 782 1492 ‚meam
802 1409 879 1492 prior
895 1408 1018 1469 habuit:
1040 1406 1146 1468 deinde
1160 1407 1215 1487 ‘qui
1229 1427 1279 1469 so·
1367 1418 1378 1427 “

180 1523 275 1564 rorem
296 1521 393 1562 mecm
412 1523 449 1562 ex
472 1503 668 1564 Protomscho
690 1501 785 1576 duxit,
806 1503 936 1564 Eunicus
958 1502 1185 1582 Cholargensis:
1211 1514 1282 1583 'post

177 1595 256 1654 filius
271 1596 398 1656 sororis:
420 1596 491 1676 quin
506 1608 536 1657 et
556 1597 690 1656 curiones
711 1596 830 1675 cognati
843 1597 943 1657 matris
963 1609 995 1657 et
1017 1596 1178 1676 municipes
1200 1595 1278 1656 idem

178 1696 250 1748 sunt
270 1689 425 1750 testificati,
468 1689 548 1757 Quid
564 1689 651 1769 igitur
667 1689 812 1768 requiritis
832 1686 981 1770 amplius?
1009 1690 1087 1750 Nam
1101 1700 1133 1750 et
1151 1710 1188 1749 ex
1200 1704 1278 1770 pree·

178 1779 289 1862 scripto
301 1781 401 1862 legum
414 1784 595 1843 contraxisse
609 1783 824 1842 matrimonium
837 1793 960 1863 petrem,
974 1793 1004 1844 et
1022 1783 1154 1864 nuptiale
1171 1802 1280 1867 munus

177 1873 317 1935 obtulisse
331 1863 604 1956 curialibus,testes
619 1877 845 1936 confirmarunt:
867 1874 905 1935 ad
922 1877 988 1937 hac
1003 1887 1100 1936 autem
1120 1877 1277 1956 meipsum

176 1987 295 2048 quoque
309 1961 436 2041 ostendi,
449 1969 636 2050 participasse
650 1990 696 2030 res
710 1989 813 2030 ornnes
824 1988 892 2049 quoe
903 1969 1012 2030 decent
1024 1970 1185 2048 ingenuos„
1194 1971 1276 2038 Qua·

175 2073 296 2141 propter
317 2062 355 2122 ab
377 2061 512 2138 omnibns
532 2063 664 2144 partibus
680 2063 748 2144 jure
767 2073 799 2122 et
816 2063 1025 2124 convenienter
1038 2063 1099 2124 lato
1114 2081 1168 2143 pro
1191 2061 1276 2123 nobis

176 2153 329 2234 suffragio,
352 2155 488 2236 religiose
511 2157 750 2238 pronunciabitis.
790 2158 859 2217 Janr
877 2157 976 2232 etiem,
993 2156 1126 2227 Judices,
1145 2155 1275 2220 sexviros

175 2247 377 2328 interrogetis,
393 2240 431 2308 on
453 2250 843 2329 perentibusbenefaciant:
862 2271 919 2331 ego
933 2269 1003 2310 vero
1017 2260 1131 2331 epatre
1144 2250 1275 2332 pupillus

177 2361 244 2402 sum
257 2341 389 2412 relictus,
404 2351 526 2402 matrem
540 2355 649 2416 autern,
663 2344 787 2404 obsecro
802 2363 855 2404 vos
874 2353 905 2404 et
917 2345 1058 2417 obtestor,
1072 2354 1106 2405 nt
1126 2344 1156 2411 in
1174 2343 1276 2425 patriis

176 2434 301 2516 sepelire
314 2433 499 2497 monimentis
512 2434 569 2497 hoc
583 2447 679 2498 restro
695 2435 832 2517 suffragio
845 2436 943 2509 liceat,
956 2457 994 2497 ne
1008 2455 1055 2497 me
1064 2436 1226 2518 prohibete,
1237 2455 1276 2499 ne

176 2539 322 2589 extorrem
346 2528 434 2608 agite,
450 2548 486 2588 ne
506 2528 641 2609 cognatis
662 2530 800 2610 spoliate,
814 2550 937 2610 quorum
951 2540 1036 2591 tante
1049 2530 1206 2594 multitudo
1219 2542 1275 2603 est,

177 2643 216 2684 no
232 2618 360 2703 denique
373 2642 420 2683 me
433 2624 556 2704 perdite.
568 2628 571 2633 '
598 2624 701 2685 Potius
720 2624 798 2683 enirn
817 2629 905 2703 qu'am
918 2642 972 2684 eos
985 2623 1129 2697 deseram,
1142 2624 1166 2684 si
1181 2624 1218 2684 ab
1232 2623 1276 2685 ais

166 2717 345 2779 ‘conservari
363 2736 421 2777 non
439 2728 571 2797 potuero,
587 2737 634 2779 rue
656 2718 720 2799 ipse
740 2716 923 2787 interficiam,
939 2728 973 2777 ut
995 2716 1100 2777 saltem
1119 2719 1156 2777 ab
1177 2717 1219 2777 eis
1242 2717 1274 2776 iu

177 2811 274 2892 patria
286 2809 418 2889 sepeliar.

1467 368 1469 467 i

1467 472 1469 569 i
