2967 4950
210 316 278 392 ero
379 365 384 374 .
522 319 753 390 aurursus
774 276 1015 388 susumus

206 470 406 541 etssssiaettsrt’r,
417 484 442 531 ln
453 472 499 545 qius
508 486 623 535 solamur
633 474 739 542 «raduni,
750 482 853 546 pignora.
864 486 929 531 solra
943 482 990 531 siut
997 498 1071 549 uque
1081 478 1243 545 superfuerisli
1254 496 1320 533 eun·
1332 513 1334 517 ,

208 562 294 617 :arnoia
303 569 371 618 sunto
378 559 550 619 oreditoribus:
566 571 591 608 ot
600 561 626 609 iu
635 561 754 621 lrisreb'us
767 560 824 607 uilril
835 554 889 639 plus
899 560 976 609 velent
985 561 1029 621 bau
1039 560 1178 623 syngrapha.
1258 592 1263 602 «

687 692 847 763 TESTES.

244 828 360 892 'Phormio
370 826 503 885 Plrreensir,
512 828 690 893 Cephisodotus
701 826 821 883 Boeotius.
830 826 974 875 Heliodorus
984 825 1121 874 Pittheusis,
1217 870 1220 877 .

217 940 323 1023 Recita
335 936 617 1033 etiam'testim'ouia.

632 1054 902 1153 unanimous.

212 1242 219 1251 ·
248 1224 430 1273 Arohsuomides
440 1225 468 1274 li.
479 1223 673 1275 Arolredsmautis
683 1220 845 1283 Anagyrsrius
857 1226 957 1269 testum
968 1220 1059 1268 ututur
1070 1220 1134 1282 apud
1145 1235 1171 1267 se
1178 1218 1320 1282 deposuisse

216 1300 355 1351 nnuman
371 1302 514 1363 Sphettiuri,
525 1302 666 1349 Naucratem
682 1297 827 1360 Curretiun,
838 1297 984 1345 munuera
997 1295 1166 1360 apollodorum
1179 1296 1321 1350 Phaselim,

213 1386 240 1429 ot
250 1380 403 1444 syngraphum
414 1378 492 1427 adhuc
503 1379 571 1425 sitem
580 1393 633 1425 esse
644 1378 709 1439 apud
720 1392 755 1423 se.

206 1502 323 1564 'Recita
335 1520 434 1563 eorum
449 1480 539 1563 etiam
552 1504 604 1581 qui
617 1502 813 1562 interfuerunt
825 1500 1036 1561 testimonium.

616 1668 923 1728 TESTIMONIUM.

247 1793 384 1845 'i'lreodutus
395 1796 521 1861 municeps,
533 1798 782 1859 (llrurinnsllpicltarus
792 1794 960 1851 Lenoouenris,
968 1794 1078 1843 Phormio
1089 1796 1320 1859 RGaplrisoplmntis

215 1874 349 1930 Piruensis,
361 1875 535 1935 cephisodorus
550 1874 666 1931 Burotius,
681 1880 798 1922 testantur
817 1888 843 1919 se
862 1873 964 1927 affuisse,
981 1886 1034 1919 oum
1052 1879 1169 1920 mutuaret
1185 1874 1318 1924 Androcles

214 1951 364 2011 Apollodoro
375 1959 400 2000 et
410 1951 535 1999 memori.
550 1952 641 2013 arpenti
655 1958 692 1999 ter
709 1951 773 1998 mille
789 1949 919 2005 drachmis,
929 1948 1034 2010 scireque
1051 1965 1076 1997 rc
1090 1965 1131 1999 ees
1149 1950 1241 1997 tubulas
1256 1954 1318 2015 opud

209 2028 409 2081 Amhenonridsru
421 2027 588 2093 Anagyrasium
599 2028 748 2089 deposuisse.

224 2144 286 2203 .³.
307 2143 352 2201 Ex
377 2143 435 2204 hac
456 2143 636 2223 syngrapha,
664 2140 797 2213 ludices,
823 2140 955 2201 mutuavi
981 2141 1138 2222 pecuniam
1165 2143 1318 2203 Arteruoui

111 2226 114 2231 ’
212 2233 298 2294 istius
311 2236 404 2308 fratri,
413 2236 537 2314 jubente
549 2236 608 2295 isto
617 2228 651 2294 et
665 2234 821 2314 recipiente
836 2234 934 2294 omnia
948 2234 1015 2315 quea
1027 2254 1114 2313 sequa
1127 2246 1227 2295 essent
1247 2236 1319 2296 mihi

213 2326 383 2405 mmstanda
396 2346 464 2386 esse
476 2346 514 2388 es
529 2327 697 2407 syngrapha
717 2346 775 2407 qua
793 2336 967 2397 mutuaram,
981 2328 1038 2387 isto
1052 2326 1115 2406 ipsu
1129 2328 1269 2408 scriptore
1287 2338 1320 2389 et

213 2419 403 2499 obsignatore
426 2439 495 2480 cum
517 2420 628 2500 scripta
647 2430 751 2493 esset„
779 2418 857 2480 Nam
873 2418 979 2480 fratres
997 2419 1061 2500 ejus
1071 2420 1204 2500 juniores
1217 2421 1318 2492 adhuc

213 2522 308 2584 erunt,
321 2512 481 2574 admodum
495 2503 724 2574 adolescentuli:
747 2513 803 2574 iste
817 2533 886 2574 vero
898 2512 1030 2572 Lacritns
1042 2513 1200 2586 Phaselim,
1210 2534 1320 2594 magna
1374 2533 1379 2536 ’

214 2620 273 2675 res,
286 2605 422 2666 Isocratis
434 2605 607 2686 discipulus,
615 2606 640 2666 is
650 2615 713 2666 erat
721 2605 772 2684 qui
782 2604 998 2665 administraret
1013 2607 1120 2666 omnia·
1151 2607 1191 2666 Et
1201 2627 1248 2692 me
1263 2607 1319 2668 sibi

208 2693 303 2756 iidem
322 2697 430 2769 habere
445 2697 588 2778 jubebat:
610 2717 641 2757 se
654 2697 744 2757 'enim
768 2697 1058 2777 mihiprrestiturum
1071 2717 1157 2778 aequa
1170 2701 1270 2760 omnia
1288 2711 1320 2761 et
1367 2710 1381 2724 ·

214 2790 346 2851 Athenas
360 2801 617 2864 commoraturum,
631 2801 662 2850 et
673 2792 793 2849 fratrem
810 2810 895 2850 suum
910 2791 1098 2850 Artemonem
1112 2785 1317 2871 navigaturum

214 2894 336 2964 accepta
348 2881 400 2944 illa
412 2885 547 2964 perarua.
587 2885 630 2945 At
648 2894 711 2947 tum
724 2883 855 2962 quidem,
867 2884 885 2942 J
888 2884 1001 2958 udices,
1014 2903 1081 2943 cum
1095 2903 1113 2944 a
1128 2885 1212 2944 nobis
1226 2905 1317 2965 pecu·

212 2976 419 3042 uiamuuserre
433 2977 575 3049 studeret,
588 2986 619 3038 et
632 2977 752 3036 tratrem
766 2995 833 3036 esse
846 2995 879 3037 se
894 2977 1084 3060 profitebatur
1098 2979 1267 3038 Artemonis
1287 2989 1319 3038 et

212 3071 324 3131 socium
341 3081 373 3131 et
388 3074 481 3131 verba
500 3071 606 3148 mirum
620 3071 651 3130 in
664 3070 786 3130 modum
800 3070 911 3130 diserta
924 3069 1084 3130 fundebat:
1105 3091 1173 3130 cum
1192 3072 1316 3176 primum

214 3174 311 3229 sutem
330 3163 484 3244 argentum
502 3173 607 3227 nactus
626 3173 685 3236 est,
698 3161 729 3224 id
742 3161 861 3241 quidem
881 3170 912 3222 et
933 3162 1032 3241 partiti
1053 3173 1122 3222 sunt
1145 3173 1176 3223 et
1195 3165 1236 3222 in
1234 3185 1317 3244 quos

212 3257 299 3318 libuit
311 3277 382 3320 usus
397 3257 616 3330 distribuerunt,
631 3256 685 3317 sed
702 3275 738 3315 ex
758 3255 877 3317 nautica
896 3255 1074 3336 syngrapha,
1087 3274 1147 3334 qua
1163 3256 1317 3334 pecuniam

212 3340 398 3430 acceperant,
411 3369 507 3428 neque
523 3369 646 3429 parvum
659 3368 756 3428 neque
771 3366 912 3428 magnum
930 3348 1088 3426 quicquam
1105 3341 1315 3426 praestiterunt,

148 3439 152 3446 ’
213 3453 249 3503 at
260 3462 309 3504 res
319 3463 385 3524 ipsa
396 3443 547 3504 iudicavit.
587 3441 724 3506 Lacrrtus
734 3461 805 3502 uero
823 3461 924 3500 eorum
943 3441 1098 3501 omnium
1090 3452 1232 3522 interpres
1249 3445 1316 3504 snit.

212 3535 388 3615 Singulatim
408 3548 508 3595 autem
520 3535 677 3595 ostendam
694 3534 768 3597 nihil
786 3553 886 3594 eorum
900 3554 969 3612 quaa
983 3534 1188 3662 syngraplroe
1179 3537 1318 3616 suscripta

214 3636 285 3686 sunt
298 3626 351 3687 rite
365 3646 417 3688 eos
431 3627 643 3708 prestitisse
825 3643 826 3648 ’

253 3723 283 3780 4.
305 3719 435 3781 Primum
449 3721 527 3780 enim
542 3720 680 3800 scriptum
695 3728 753 3790 est,
766 3719 892 3779 mutuari
903 3739 968 3779 eum
980 3719 1092 3780 anobis
1106 3719 1181 3779 ad
1155 3739 1214 3780 vrur
1206 3721 1316 3782 cados

210 3812 358 3884 termille
379 3812 499 3892 triginta
519 3811 623 3882 m'nras,
647 3810 730 3890 quasi
752 3813 862 3892 pignus
885 3811 1029 3897 haberent
1051 3810 1174 3872 aliarum
1196 3805 1317 3892 triginta

212 3903 367 3976 ruinarum,
380 3913 415 3962 ut
426 3909 542 3978 justum
560 3903 620 3964 vini
639 3903 763 3983 pretium
778 3902 817 3962 ad
833 3901 947 3980 argenti
960 3901 1103 3962 talentum
1114 3903 1314 3982 redigeretur,

137 3993 145 4000 “
212 4014 280 4056 cum
298 3996 436 4076 impensis
450 3999 517 4074 qum
535 3995 575 4054 ad
591 3995 650 4054 viui
669 3985 850 4056 curat-ionem
869 3993 1107 4071 requirebantur:
1130 4016 1174 4056 ese
1186 4015 1258 4056 vern
1271 4009 1316 4058 ter

213 4087 292 4148 mille
305 4086 452 4166 amphora
466 4086 610 4145 vehendas
623 4097 708 4146 erant
722 4087 753 4145 in
767 4087 899 4166 Pontum
909 4082 1028 4165 navigio
1040 4086 1315 4163 viginti-remorum,

210 4199 281 4260 ‚quae
291 4178 426 4258 Hyblesii
440 4177 610 4239 navicularii
623 4189 710 4238 esset.
752 4178 838 4252 Haec,
854 4176 987 4249 ludices,
1001 4176 1031 4236 in
1046 4167 1215 4260 syngrapha
1228 4201 1316 4260 quarn

212 4289 265 4330 vos
280 4269 432 4330 audivistis
447 4269 555 4349 scripta
569 4280 654 4330 sunt:
677 4278 708 4328 at
720 4267 769 4328 isti
782 4288 836 4348 pru
853 4280 898 4330 ter
911 4267 990 4347 mille
1004 4269 1149 4348 amphoris
1162 4291 1217 4332 nec
1231 4273 1316 4352 quin-

210 4355 328 4440 genum
340 4362 370 4421 in
393 4381 500 4423 navem
522 4361 793 4441 imposuerunt,et,
807 4379 880 4443 cum*
892 4360 993 4422 uinum
1015 4361 1166 4424 decuisset
1182 4376 1314 4445 emptum
1358 4353 1360 4358 ¹

212 4452 359 4532 qu-sritum'
375 4464 565 4525 conuenerat,
581 4453 636 4532 ipsi
654 4454 792 4533 pecunia
807 4471 862 4522 suo
882 4453 1023 4516 arbitratu
1043 4466 1115 4548 sunt
1131 4453 1188 4531 usi,
1208 4466 1313 4539 terque
