2967 4950
483 290 656 363 mutus
675 289 974 365 YHEOCRINEM.
1208 293 1278 360 ,765

180 453 277 516 vante,
300 445 431 508 l'aainora
453 447 538 510 istius
563 456 666 527 potero
685 448 897 518 demonstrare.
939 446 1050 506 Praeter
1066 446 1132 506 baec
1153 447 1192 505 ob
1205 445 1279 506 illud

178 539 276 612 etiam,
285 539 418 612 Judices,
433 540 513 619 quod
526 540 660 622 proditus
670 557 852 602 'aum—vera
861 539 939 600 enim
954 539 1032 620 apud
1042 527 1095 598 vos
1105 538 1279 598 dicentur-

179 632 216 692 ab
230 631 404 704 bominibus,
418 634 478 712 qui,
502 652 571 694 cum
593 632 631 691 ob
656 632 828 708 inimicitias,
843 652 917 714 quas
935 651 1004 692 cum
1022 630 1080 690 isto
1093 633 1279 707 exercebant,

176 717 264 783 fidem
279 724 359 803 apud
379 743 433 784 nos
446 718 637 796 invenissent,
652 723 808 803 auditaque
822 743 864 797 re,
887 719 1131 804 subscriptionem
1153 733 1185 784 et
1207 734 1278 784 stre-

178 835 268 877 nuam
291 836 409 896 operam
433 817 646 897 promisissent,
663 837 708 876 me
727 837 807 876 nune
830 815 983 890 destituto,
997 836 1064 876 cum
1083 817 1140 876 isto
1157 815 1192 874 in
1213 832 1279 875 meo

179 908 345 969 discrimine
358 910 389 968 in
410 911 533 990 gratiam
554 911 714 985 redierunt.¹
754 911 854 976 Quare
871 929 959 970 nemo
976 910 1087 989 estqui
1100 909 1279 988 mihipatro·

181 1003 304 1074 cinctus,
318 1002 376 1062 nisi
390 1022 435 1063 me
448 1004 522 1065 forte
535 1003 766 1064 necessariorum
780 1001 885 1081 aliquis
900 1001 1051 1082 adjuverit.

224 1088 314 1155 asne
328 1094 427 1156 multis
446 1095 564 1175 quidem
584 1097 639 1160 iste
661 1095 859 1156 delationibus
878 1094 1023 1154 obnoxius
1036 1093 1103 1167 fuit,
1115 1089 1278 1175 omnesque

180 1188 275 1268 leges,
289 1209 357 1268 quoe
379 1207 414 1249 ea
437 1190 476 1248 de
495 1208 526 1249 re
548 1199 663 1264 cavent,
677 1189 816 1257 violarim
838 1187 1071 1248 recentissimum
1083 1198 1199 1274 ‘summ
1212 1191 1278 1267 ejus

179 1281 354 1354 facinorum,
368 1281 474 1361 navigii
494 1281 702 1344 indicationem
722 1302 789 1343 esse
806 1281 974 1362 reperimus.
1015 1283 1203 1362 Quapropter
1215 1281 1281 1342 boec

179 1373 212 1434 in
226 1374 373 1436 delatione
386 1375 546 1456 perscripta
560 1376 630 1436 mihi
644 1387 727 1456 pater
740 1375 832 1438 dedit.
875 1377 920 1436 Ac
937 1377 1062 1455 primum
1075 1375 1124 1436 lex
1137 1376 1220 1436 vobis
1233 1395 1280 1436 re-

179 1467 317 1528 citabitur
338 1467 443 1528 iliade
465 1469 662 1531 indicantibus
685 1480 716 1532 et
735 1471 1003 1550 praevaricantibus,
1018 1481 1050 1529 et
1073 1480 1177 1533 contra
1196 1471 1280 1550 leges

178 1565 248 1624 cuin
262 1561 436 1623 adversariis
450 1563 695 1644 transigentibus;
717 1563 787 1624 hinc
810 1562 888 1623 enim
903 1561 1115 1642 auspicandum
1128 1582 1194 1626 esse
1208 1556 1281 1638 mibi

178 1653 341 1715 orationem
355 1674 463 1714 censeo
477 1674 485 1714 :
507 1653 614 1716 deinde
627 1655 767 1717 indicatio
779 1649 854 1736 ipsa,
868 1673 928 1736 qua
941 1654 998 1716 iste
1008 1654 1120 1716 Miconi
1129 1655 1280 1737 negotium

181 1746 314 1808 facessit.
357 1745 472 1809 Recita.
1247 1745 1250 1750 ’

547 1953 638 2016 LEX.
681 1951 916 2016 INDICATIO.

180 2093 251 2156 Lex
273 2096 348 2170 hec,
363 2095 496 2171 Judices,
517 2096 737 2159 instituentibus
759 2106 812 2157 aut
833 2095 951 2178 publice
971 2113 1122 2166 accusare,
1135 2106 1188 2155 aut
1206 2097 1282 2157 indi·

181 2209 262 2260 care,
277 2201 329 2249 aut
352 2190 501 2271 quippiam
523 2190 602 2253 aliud
624 2211 725 2252 eorum
745 2191 843 2252 lacere
862 2211 929 2270 quae
947 2190 978 2249 in
1000 2188 1067 2268 lege
1080 2189 1188 2269 scripta
1201 2202 1282 2262 sunt,

180 2283 339 2364 perspicue
359 2283 526 2358 denunciat,
550 2285 656 2366 quibus
679 2285 896 2347 conditionibus
920 2284 1025 2344 horum
1048 2284 1282 2363 qualibet'l'aci·
1326 2337 1331 2348 .

182 2377 263 2438 enda
276 2377 345 2437 sint.
389 2377 444 2438 Hes
459 2387 557 2439 autem
571 2388 649 2451 sunt,
663 2389 697 2439 ut
710 2399 748 2439 ex
759 2378 826 2459 ipsa
838 2379 904 2458 lege
918 2376 1081 2451 audivistis,
1095 2377 1120 2436 si
1134 2378 1197 2457 quis
1211 2379 1283 2438 acti·

182 2489 271 2531 onem
286 2481 458 2551 persecutus
473 2470 603 2552 quintam
618 2471 822 2551 suffragiorum
835 2481 948 2551 partem
962 2469 1143 2543 contulerit,
1158 2482 1190 2530 nt
1204 2469 1283 2531 mille

180 2564 340 2625 drachmas
356 2566 461 2637 solvat,
475 2566 555 2645 quod
570 2566 665 2625 sinon
688 2574 890 2646 persequatur,
905 2565 1079 2639 Theocrine,
1100 2562 1173 2625 alias
1185 2553 1283 2625 mille:

183 2666 219 2715 ut
240 2678 336 2737 neque
360 2658 601 2719 calumniatorem
626 2669 697 2737 agat
719 2658 882 2738 quisquam,
906 2677 1005 2738 neque
1025 2658 1196 2738 impunitate
1215 2676 1284 2737 pro-

139 2782 145 2797 ·
182 2751 281 2830 posita
294 2752 510 2830 praevaricetur,
524 2762 577 2811 aut
589 2753 738 2814 condonet
753 2752 871 2831 publica
885 2752 1014 2832 negotia.
1057 2752 1184 2812 Affirmo
1197 2750 1286 2830 igitur

182 2840 241 2901 bec
265 2842 410 2903 delatione
432 2844 741 2917 teneri.Theccrinem,
756 2843 837 2924 quod
857 2844 1008 2905 Miconem
1030 2843 1196 2904 Chollidem
1209 2842 1285 2902 indi-

183 2933 268 3021 carit,
282 2955 335 2995 nec
349 2935 387 2995 sit
406 2946 588 3015 persecutus,
602 2937 655 2997 sed
670 2947 793 3017 accepta
810 2937 935 3017 pecunia
948 2938 1096 3016 negotium
1111 2935 1284 2997 vendiderit.

186 3023 228 3083 Et
247 3026 305 3087 hoc
325 3036 425 3106 aperte
450 3027 666 3099 demonstrabo,
689 3038 723 3088 ut
747 3048 803 3109 ego
831 3029 963 3089 arbitror.
1006 3030 1182 3105 Quanquam
1207 3028 1284 3087 enim

185 3110 374 3192 Theocrines,
388 3138 405 3177 ο
419 3118 551 3190 Judices,
574 3120 677 3199 suique
693 3121 838 3200 gregales,
853 3120 925 3180 nihil
949 3138 1008 3179 non
1029 3119 1165 3178 fecerunt
1185 3112 1286 3198 appel·

185 3211 282 3272 landis
297 3214 430 3287 testibus,
445 3214 487 3273 eis
506 3214 611 3293 partim
631 3213 809 3287 minitantes,
822 3215 928 3296 partim
940 3213 1122 3294 pollicentes,
1142 3233 1180 3274 ne
1202 3214 1285 3290 testi-

185 3303 318 3366 monium
332 3305 449 3374 dicaut;
471 3315 571 3366 tamen
596 3306 621 3365 si
646 3325 699 3365 vos
721 3326 776 3385 pro
799 3306 893 3367 officio
911 3326 960 3367 me
983 3305 1160 3385 adjuveritis,
1178 3326 1286 3389 eosque

179 3398 339 3478 jusseritis,
353 3419 387 3459 ac
400 3399 498 3482 potius
513 3397 650 3479 adigente
665 3417 722 3469 me,
737 3416 792 3459 vos
805 3420 865 3460 una
877 3398 1034 3480 adegeritis
1043 3418 1095 3459 eos
1109 3409 1161 3460 aut
1174 3400 1286 3476 testari,

184 3499 237 3550 aut
250 3489 372 3571 ejurare,
387 3511 482 3570 neque
495 3482 624 3551 cavillari
635 3510 686 3551 eos
701 3491 836 3567 siveritis,
853 3514 954 3553 verum
967 3492 1139 3554 invenietur.
1181 3492 1287 3555 Recita

184 3583 274 3665 igitur
287 3582 414 3664 primum
427 3582 643 3657 indicationem,
658 3584 766 3645 deinde
779 3586 958 3647 testimonia.

623 3815 859 3876 INDICATlO.

186 3972 279 4035 Hanc
302 3973 508 4035 indicationem
528 3972 660 4033 exhibuit
683 3974 749 4044 iste,
765 3971 896 4042 Judices,
910 3969 1029 4029 Micone
1040 3979 1192 4040 accusato,
1208 3984 1287 4026 eam·

188 4084 247 4145 que
261 4065 358 4127 scriba
370 4075 517 4127 mercatus
530 4075 698 4126 curatorum
713 4063 934 4145 Euthyphemus
949 4062 1073 4143 accepit,
1087 4062 1198 4138 diuque
1220 4068 1288 4116 ente

187 4158 345 4221 concilium
367 4162 507 4221 iudicatio
520 4158 682 4241 ¹proposita
704 4156 808 4239 jacuit,
822 4156 919 4237 quoad
941 4156 996 4215 iste
1021 4163 1144 4233 accepta
1163 4149 1290 4231 pecunia

188 4252 311 4313 missam
333 4272 398 4338 eam
419 4254 498 4328 fecit,
512 4252 734 4336 recensentibus
753 4244 937 4337 pretioribus,
952 4260 983 4310 et
1003 4266 1070 4309 eum
1091 4243 1127 4304 ad
1149 4244 1290 4321 quaestio·

190 4366 262 4407 nem
272 4345 457 4424 vocantibus.
490 4346 564 4409 Haec
577 4355 642 4405 uta
655 4352 783 4405 movere
798 4344 856 4404 dici
871 4351 994 4415 constet,
1004 4340 1129 4422 primvm
1143 4355 1226 4407 voca,
1241 4337 1292 4416 qui

190 4440 415 4521 magistratuum
429 4440 524 4503 scriba
537 4449 599 4500 tum
614 4438 680 4512 suit,
695 4437 942 4519 Euthyphemum.
