2967 4950
446 248 448 260 ’
511 297 906 364 ,οηΑΤιοΈυΝΕΒηιε
1196 291 1253 352 ror
1291 341 1294 348 ,

162 467 262 545 copias
288 485 325 526 ex
346 465 572 528 universalius
590 467 730 531 collectas
744 467 799 526 soli
819 467 867 528 bis
887 474 965 525 terra
977 457 1259 541 mariqucprolliga·

161 570 240 639 runt,
254 557 436 641 privatisque¹
449 559 508 620 suis
528 561 664 640 periculis
678 557 862 622 communem
886 557 1000 618 Grecis
1020 553 1156 627 omnibus
1178 553 1259 645 salu-

101 673 104 680 ’
163 661 220 714 tem
241 652 411 712 attulerunt.
452 652 540 721 Quod
560 672 629 712 vero
643 658 705 728 jam
723 648 831 724 dicam,
850 666 1020 729 quanquam
1035 645 1066 705 id
1080 644 1162 725 prius
1176 654 1206 704 et
1218 644 1258 704 ab

162 743 225 804 aliis
249 755 297 804 est
319 743 494 824 expositum,
509 756 606 805 tamen
630 765 667 804 ne
689 763 768 804 nunc
781 743 896 822 quidem
914 742 997 823 justa
1019 749 1051 800 ct
1072 734 1259 799 convenienti

161 835 250 896 laude
265 836 394 897 fraudari
407 837 483 896 viros
501 836 567 896 illos
580 837 674 897 decet.
716 835 775 904 Qui
787 845 898 914 quanto
911 832 1081 914 prestitisse
1094 829 1190 910 Trojss
1204 849 1259 909 op·

160 929 371 1006 pugnatoribus
379 932 446 1002 jure
458 927 582 1008 putandi
597 929 655 987 sint
668 928 706 988 ex'
720 946 756 986 eo
770 936 900 1006 apparet,
911 925 993 1004 quod
1009 925 1051 984 illi
1065 943 1083 984 e
1096 932 1160 982 tota
1174 920 1258 998 Grasg

161 1019 209 1079 cia
223 1019 327 1080 delecti
341 1020 507 1097 optimates,
522 1020 703 1080 decennium
714 1019 803 1078 uriam
817 1019 896 1080 Asiae
908 1021 1009 1078 urbem
1023 1018 1187 1095 obsessam,
1208 1014 1259 1075 six

161 1123 323 1190 ceperunt:
344 1113 374 1172 hi
398 1133 467 1173 vero
486 1115 528 1173 'ex
550 1113 684 1174 universo
706 1110 952 1189 Persarum'regis
971 1111 1092 1190 imperio
1114 1111 1174 1169 buc
1191 1127 1260 1188 pro·

160 1204 271 1264 sectum
294 1206 464 1278 exercitum,
478 1207 528 1284 qui
550 1214 657 1266 eceteru
675 1205 775 1266 omnia
793 1203 999 1283 prostraverat,
1019 1202 1075 1261 soli
1095 1221 1155 1262 non
1168 1200 1260 1260 modo

159 1296 341 1376 repulerunt,
354 1298 406 1358 sed
419 1297 585 1378 iujuriarum
601 1297 687 1358 etiam
703 1296 816 1356 caeteris
830 1295 972 1355 factarum
986 1313 1088 1373 poenas
1106 1295 1142 1352 ab
1158 1288 1193 1353 e'o
1207 1313 1258 1353 ex-

161 1401 298 1470 egerunt.
341 1393 579 1452 Grassationibus
603 1394 671 1452 item
699 1391 870 1450 Graecorum
892 1390 967 1450 inter
993 1409 1025 1448 se
1049 1387 1158 1448 mutuis
1180 1388 1258 1449 obsi-

160 1493 285 1557 stentes,
300 1485 400 1544 omnis
412 1505 477 1564 quae
491 1485 618 1544 incidere
633 1482 763 1563 pericula
775 1483 935 1552 subierunt,
954 1501 973 1542 a
990 1501 1050 1561 qua
1066 1489 1149 1561 parte
1161 1481 1212 1560 jus
1227 1488 1258 1539 et

160 1596 279 1654 aequum
303 1579 403 1649 staret,
425 1597 493 1636 cum
515 1577 565 1635 illa
588 1596 619 1635 se
639 1575 863 1655 conjungentes,
877 1576 973 1635 donec
995 1573 1034 1634 ad
1048 1574 1125 1634 hanc
1139 1584 1258 1633 oetatem

159 1669 250 1730 series
273 1671 410 1748 temporis
438 1689 492 1728 nos
515 1668 658 1749 perduxit.
700 1669 796 1726 Nemo
811 1677 908 1726 autem
929 1676 1083 1747 putetme,
1103 1666 1184 1746 quod
1197 1685 1259 1726 non

160 1761 299 1827 haberem
312 1781 378 1840 quae
403 1761 441 1820 dc
462 1760 585 1840 singulis
601 1759 703 1820 horum
723 1758 781 1818 dici
794 1756 925 1838 possent,
939 1754 993 1818 bas
1006 1780 1053 1819 res
1067 1769 1167 1838 gestas
1186 1779 1259 1818 enu-

160 1861 301 1912 merasse.
344 1851 466 1912 Namm
479 1853 517 1912 ad
537 1852 695 1913 orationem
709 1851 915 1911 inveniendam
929 1851 1056 1910 omnium
1071 1851 1188 1910 minime
1202 1851 1257 1911 sim

161 1955 293 2023 paratus,
305 1943 418 2003 illorum
433 1953 528 2004 tamen
542 1944 632 2004 virtus
645 1943 708 2023 ipsa
720 1943 845 2003 illustria
858 1943 952 2002 multa
963 1941 1140 2022 suppeditat,
1148 1963 1214 2022 quoe
1227 1954 1259 2004 et

158 2038 190 2096 in
205 2046 339 2117 promptu
354 2047 422 2096 suut
445 2047 475 2095 et
492 2036 633 2116 explicari
655 2034 740 2094 facile
761 2044 904 2114 possunt:
926 2033 980 2092 sed
993 2032 1063 2093 mihi
1077 2033 1259 2113 propositum

159 2140 217 2200 est,
230 2129 389 2190 nobilitatis
403 2147 556 2208 rerumque
571 2128 761 2188 maximarum
782 2128 863 2186 facta
882 2125 1039 2198 mentione,
1058 2145 1146 2204 quam
1165 2125 1259 2185 celer·

160 2222 234 2282 rime
248 2222 427 2302 conjungere
441 2222 600 2282 orationem
620 2223 687 2281 c'um
707 2223 795 2281 rebus
815 2221 919 2280 horum
943 2219 1045 2299 gestis,
1058 2228 1103 2291 ut,
1117 2219 1259 2298 quemad·

159 2313 281 2374 modum
296 2315 360 2374 illos
375 2315 478 2376 eodem
492 2333 598 2394 genere
612 2324 717 2374 natura
736 2313 877 2386 devinxit,
892 2313 933 2373 its
950 2311 1038 2372 etiam
1051 2310 1257 2371 communibus

161 2426 181 2465 a
194 2413 243 2466 me
257 2406 394 2466 leudibus
408 2406 609 2477 celebrentur;
631 2404 716 2485 qnod
729 2407 862 2466 existimo
882 2405 1078 2485 gratissimum
1097 2404 1185 2464 etiam
1198 2403 1258 2466 illis
1309 2426 1312 2430 ⁴

160 2520 198 2560 ac
219 2501 316 2580 potius
330 2502 455 2581 utrisque
470 2520 535 2561 esse
555 2502 695 2571 futurum,
709 2500 733 2559 si
755 2499 831 2559 inter
849 2518 880 2558 se
903 2519 962 2560 non
976 2498 1040 2579 ipso
1052 2507 1168 2559 tantum
1181 2507 1258 2572 ortu,

160 2592 217 2653 sed
230 2592 365 2653 laudibus
378 2593 475 2666 etiam,
486 2593 592 2654 virtute
608 2612 662 2651 sua
675 2612 711 2651 ex
729 2611 813 2671 aequo
826 2590 969 2651 fruamur.

204 2688 232 2745 5.
255 2685 384 2745 Necesse
407 2696 505 2746 autem
528 2695 583 2757 cst,
607 2696 648 2757 ut,
673 2694 827 2763 antequam
851 2684 953 2760 horum
976 2684 1103 2744 virorum
1127 2682 1259 2745 facinora

159 2796 398 2847 commemorem,
408 2778 517 2856 aliquid
530 2777 711 2858 interponam
726 2778 848 2837 orationi
857 2797 932 2838 mess
941 2786 972 2836 et
982 2779 1018 2838 ab
1030 2778 1084 2849 eis,
1092 2776 1142 2856 qui
1152 2777 1258 2838 delun-

158 2869 216 2931 ctis
229 2869 315 2929 alieni
333 2870 361 2928 in
375 2870 462 2931 funus
476 2872 654 2954 prodierunt,
667 2868 898 2930 benevolentiam
913 2879 1022 2950 petam.
1055 2868 1133 2928 Nam
1148 2869 1174 2929 si
1187 2868 1258 2928 mihi

119 2957 121 2959 ’
161 2960 197 3021 id
212 2962 337 3021 muneris
349 2974 427 3023 esset
441 2962 540 3022 datum
554 2976 587 3023 ut
600 2963 778 3043 sepulturam
792 2963 840 3023 vel
853 2963 1070 3041 magnificentia
1090 2949 1261 3042 sumptuum

159 3053 210 3114 vel
222 3054 320 3133 aliquo
334 3056 502 3135 spectaculo
516 3055 691 3135 equestrium
708 3054 944 3135 gymnicorumvc
963 3055 1154 3116 certaminum
1173 3051 1262 3113 ador-

162 3164 276 3219 narem,
289 3166 359 3225 quo.
368 3147 525 3207 studiosius
544 3161 574 3208 et
586 3146 746 3208 'liberalius
760 3167 796 3207 es
808 3145 1024 3221 instruxissem,
1037 3166 1073 3206 eo
1084 3144 1177 3223 magis
1190 3146 1262 3204 lun·

161 3248 230 3299 ctus
243 3259 307 3299 esse
319 3239 431 3299 viderer
444 3242 557 3302 officio:
569 3241 642 3311 sed,
657 3259 724 3299 cum
738 3239 786 3299 boe
799 3238 979 3320 mihi'partes
994 3238 1139 3299 attributae
1152 3236 1212 3296 sint
1224 3246 1260 3297 ot

159 3332 252 3393 hosce
264 3332 340 3392 viros
352 3332 447 3393 verbis
465 3352 576 3405 ornem,
588 3332 644 3391 nisi
658 3332 824 3392 auditorum
845 3333 943 3391 studia
960 3331 1030 3391 mibi
1051 3330 1262 3409 suffragentur,

158 3444 263 3483 vereor
274 3445 321 3497 ne,
336 3444 394 3503 quo
407 3426 543 3505 majorem
559 3424 719 3486 adhibuero
737 3425 927 3505 diligentiam,
942 3428 978 3487 e'o
996 3425 1092 3485 minus
1105 3425 1165 3486 voti
1178 3444 1260 3485 com-

72 3590 75 3594 Ι
159 3536 216 3595 pos
229 3516 307 3575 tiam.
349 3516 426 3575 Nam
449 3527 478 3575 et
498 3516 606 3578 divitias
628 3526 658 3577 et
675 3517 814 3578 velocitas
836 3527 867 3578 et
880 3518 955 3579 vires
974 3528 1005 3579 et
1024 3539 1090 3599 quae
1104 3528 1174 3579 sunt
1192 3518 1260 3598 ejus

159 3608 274 3688 generis
297 3608 355 3673 alia
382 3610 485 3669 uberes
508 3609 576 3671 'suis
603 3611 818 3689 possessoribus
842 3612 953 3671 fructus
980 3611 1178 3691 suppeditant,
1202 3631 1261 3672 nec

160 3700 264 3761 alionis
279 3701 462 3761 adminiculis
478 3713 576 3782 egent,
590 3722 657 3763 cum
673 3720 722 3783 per
738 3723 770 3763 se
784 3704 848 3784 ipsa
862 3704 1013 3763 excellant
1026 3704 1057 3763 in
1077 3703 1135 3774 bis,
1151 3704 1260 3783 quibus

158 3794 278 3865 adsunt,
295 3795 409 3854 tametsi
432 3794 505 3855 alius
524 3801 615 3855 'nemo
639 3794 728 3855 velit:
751 3806 782 3855 at
806 3797 889 3875 lepos
915 3796 1055 3855 orationis
1078 3792 1259 3857 audientium

159 3886 249 3947 ctiam
264 3886 362 3946 studia
381 3886 509 3965 requirit,
523 3906 647 3965 quorum
669 3888 881 3966 ope,'quamris
901 3907 937 3947 ea
960 3888 1143 3948 mediocriter
1165 3888 1256 3967 expli·

159 3988 229 4039 cata
242 3978 340 4049 luerit,
355 3989 385 4039 et
403 3978 525 4057 gloriam
546 3979 684 4040 conciliat
704 3989 734 4039 et
752 3980 875 4058 gratiam
896 3980 1040 4060 adjungit,
1054 3982 1104 4040 sin.
1117 3980 1153 4041 iis
1167 3980 1264 4039 desti-⁴

159 4071 263 4141 ruitur,
289 4070 404 4131 tametsi
428 4072 571 4132 suavitate
595 4070 734 4144 excellat,
754 4071 903 4132 fastidium
924 4083 1025 4133 tamen
1048 4073 1125 4153 parit
1142 4070 1260 4141 audito·

159 4164 254 4224 rib'us.
459 4173 462 4180 '

202 4258 232 4315 6.
254 4257 329 4315 Cum
348 4265 446 4316 autern
464 4255 495 4315 bi
508 4258 600 4317 multa
620 4256 762 4336 gesserint
782 4270 906 4339 propter
919 4278 985 4340 quaa
1003 4260 1071 4339 jure
1090 4254 1262 4329 laudentur,
1341 4299 1343 4301 a

158 4361 259 4411 tamen
273 4349 321 4410 ubi
336 4350 374 4408 ad
385 4370 431 4410 res
440 4350 523 4427 'ipsas
536 4359 706 4428 perventum
721 4362 776 4423 est,
798 4352 900 4412 dubito
920 4352 991 4432 quid
1003 4350 1125 4430 primum
1142 4348 1260 4408 dicam:

158 4441 321 4522 quiaenim
335 4462 393 4529 uno
408 4442 568 4520 eodemque
583 4456 713 4523 tempore
728 4443 826 4504 omnia
844 4444 912 4505 mihi
935 4463 999 4504 sese
1017 4443 1164 4522 ingerunt,
1175 4442 1210 4502 fit
1222 4451 1261 4518 ut
