2967 4950
189 487 495 576 incurrentium
521 516 753 580 ourrrours
778 519 999 585 inversus
1021 508 1210 588 umorum

489 609 546 668 nn
570 610 682 670 nom
703 611 916 706 Miremur.
1005 687 1008 692 ,

183 749 273 798 lirun
293 750 346 798 hmo
357 757 381 799 et
391 753 421 799 eb
433 752 517 799 eodem
528 761 553 800 et
564 737 645 800 oo'ntre
662 753 762 802 eundern
777 755 841 803 dictu
853 764 890 804 ert
900 757 983 805 cretio.
1014 761 1052 808 Ac
1062 767 1149 807 cetere
1159 758 1261 821 quidem=

151 826 225 873 omuie
235 833 293 874 eunt
303 827 395 885 eodem,
406 828 506 890 Plengo,
512 831 682 890 juujurnnduur,
693 829 793 878 tiliorum
809 829 891 880 eoe'ote
906 833 1009 896 edoptio.
1042 835 1160 884 Defuncto
1175 843 1252 884 onte·

151 902 248 958 lluetiu,
262 903 307 951 filii
323 906 375 966 ejur
390 913 448 961 true,
459 904 602 954 Mentitlrour
617 921 631 952 e
646 905 753 968 legitime
763 923 838 956 uxore
849 915 980 970 comptor,
991 918 1017 958 et
1028 911 1127 960 Bouto·
1142 927 1170 960 tc
1186 913 1253 962 rm·

151 979 230 1046 philue
242 981 369 1042 Pleogonir
383 982 435 1040 lilii,
446 982 602 1032 hemditutem
619 981 758 1053 dirieeruut.
790 983 918 1034 Aruereute
933 993 1010 1034 ouum
1028 987 1159 1036 Mentitlreo
1173 988 1254 1036 doteur

153 1054 200 1102 uitri
211 1064 331 1104 rueternnm
344 1059 436 1115 deberi,
447 1060 543 1106 Borctue
551 1074 578 1107 no
589 1059 726 1122 Pamphilus
733 1067 758 1108 ot
766 1060 812 1122 ipri
821 1062 852 1108 de
861 1062 916 1109 dote
925 1065 1075 1128 contendunt,
1084 1063 1152 1127 qumi
1162 1065 1252 1128 Plungo

153 1130 220 1178 etiem
232 1132 255 1178 in
268 1133 366 1180 Mentior
379 1133 489 1182 furnilium
501 1141 594 1183 centum
606 1135 678 1183 minu
689 1136 835 1186 contulireet.
867 1139 983 1185 convenit
998 1139 1070 1200 igitur
1086 1140 1147 1189 iuter
1163 1148 1205 1188 ece
1221 1154 1253 1191 ux

152 1222 216 1268 equo
227 1209 306 1256 omnin
316 1209 437 1276 purtieudu
449 1226 511 1266 eure,
523 1219 607 1274 preter
617 1211 689 1267 erden,
701 1219 727 1259 ut
740 1213 787 1259 utri
803 1212 865 1274 perti
875 1221 949 1260 muter
959 1215 1066 1263 ottuliree
1077 1217 1157 1264 dotem
1168 1217 1254 1278 prode·

150 1281 221 1340 retur,
238 1286 261 1333 ei
281 1287 312 1334 de
330 1287 420 1334 edibon
435 1287 477 1335 illc
491 1288 592 1350 pecunie
607 1289 761 1336 redderetur:
778 1297 804 1336 et
818 1295 905 1351 prerter
919 1292 1043 1354 mancipio,
1054 1300 1081 1340 ut
1091 1295 1188 1342 Boeotne
1199 1310 1253 1342 duur

150 1362 229 1418 iretre,
247 1361 267 1409 ui
285 1362 343 1424 qnid
362 1364 517 1412 domentiounr
536 1365 689 1428 requirerent,
701 1365 814 1413 hebuerit
831 1382 878 1428 quo
895 1376 1057 1428 coarguerent
1091 1370 1150 1418 Poot
1164 1371 1253 1418 deute

151 1446 230 1485 mutuo
237 1441 504 1495 murmurmurmur
514 1441 603 1489 illerde
610 1441 718 1490 muternie
728 1440 886 1500 ieonltutilrne,
894 1442 930 1491 illi
940 1444 1001 1492 huuc
1008 1445 1039 1492 de
1049 1445 1102 1495 eliie
1112 1446 1252 1508 quibusdum

150 1515 235 1562 rebus.
245 1515 282 1562 Ao
293 1516 381 1563 arbiter
388 1517 541 1567 Mentitheuru
552 1517 661 1573 obrolvit,
670 1517 781 1566 Bmotom
791 1519 931 1567 condemnet
939 1523 1069 1571 chremem.
1084 1522 1160 1584 Quem
1169 1524 1251 1610 endem

151 1594 239 1642 untione
249 1594 410 1645 lduntititenr'
402 1611 427 1646 ιιι
435 1596 551 1660 judicium
562 1603 640 1655 vocet,
650 1595 728 1644 dotem
739 1603 865 1646 moternern
875 1607 992 1662 repetere.

522 1849 887 1864 m

442 2065 944 2184 numosuu‘umrs

362 2217 706 2356 Auruncus
750 2278 1037 2356 umorum

286 2479 359 2544 DE
391 2478 538 2545 DOTE
570 2479 846 2547 MATERNA
884 2477 1112 2545 ORATIO.

194 2642 219 2701 1.
235 2641 385 2719 Oreutuur
400 2644 636 2724 molestissimum
648 2652 707 2714 ert,
722 2642 855 2715 Judices,
868 2664 937 2704 cum
950 2642 1015 2721 quin
1030 2607 1148 2703 nomine
1160 2640 1250 2701 freter

151 2750 257 2813 eorum*
269 2734 444 2813 appelletur,
463 2756 537 2817 quoe
556 2737 664 2815 ipsnre
677 2736 779 2797 hoster
797 2735 897 2809 habet,
911 2746 942 2795 et
953 2736 1054 2797 multis
1077 2733 1250 2813 magnisque
1311 2745 1314 2752 '

152 2823 336 2885 effectueeb
356 2828 400 2887 ein
416 2827 538 2907 injuriis,
551 2830 586 2889 in
599 2828 746 2909 judicium
758 2830 860 2890 venire
882 2827 1008 2907 cogitur,
1028 2827 1059 2905 id
1075 2822 1268 2906 quodmihi
1355 2876 1361 2883 .

151 2934 226 2977 nunc
240 2918 390 2979 usuvenit.
427 2919 540 3001 ‘Neque
554 2922 631 2981 enim
645 2940 682 2981 ea
694 2921 790 2981 solum
806 2922 845 2981 eb
857 2920 939 2981 initio
950 2919 1103 2983 calamiten
1116 2915 1187 2978 milui
1200 2936 1249 2977 ac-

152 3008 227 3080 cidit,
242 3019 279 3069 ut
298 3010 424 3089 Plnugc,
438 3012 561 3078 istorum
581 3024 684 3088 muter,
698 3023 814 3090 petrem
836 3032 932 3069 meum
953 3011 1109 3069 manifesto
1123 3008 1250 3087 perjurio

152 3099 306 3181 deceptum
329 3103 368 3162 ed
386 3102 460 3163 istor
479 3103 664 3183 adoptandos
678 3102 821 3180 adegerit,
835 3120 949 3180 egoque
962 3109 1120 3178 propterea
1132 3101 1248 3160 duabus

151 3194 317 3269 patrimonii
328 3195 461 3270 pertibus
475 3196 529 3255 sim
544 3193 718 3253 fraudetur:
742 3193 796 3251 sed
816 3201 923 3272 praeter
938 3191 1004 3250 haec
1019 3189 1106 3250 etiam
1119 3190 1249 3268 paternis

150 3284 261 3343 edibus
281 3285 319 3345 ab
337 3285 402 3347 istis
421 3295 554 3357 erectus,
562 3286 594 3343 in
611 3285 718 3364 quibue
733 3294 765 3343 et
780 3292 867 3344 natus
882 3302 947 3342 uum
960 3291 992 3345 et
1003 3281 1160 3355 educatur,
1175 3283 1249 3343 etin
1335 3344 1338 3351 ,

148 3395 219 3455 ques
234 3396 297 3455 non
316 3386 399 3455 peter
420 3396 483 3449 eor,
504 3376 557 3437 s'ed
576 3395 642 3456 ego,
657 3376 797 3437 defuncto
816 3375 878 3446 illo,
891 3375 1004 3455 recepi;
1026 3374 1145 3436 fraudor
1159 3376 1247 3435 etium

148 3468 213 3530 dote
233 3478 378 3549 materna,
392 3468 429 3531 de
444 3489 504 3548 que
521 3488 600 3529 nunc
621 3489 688 3547 ego.
731 3469 808 3529 Cum
825 3488 882 3548 ego
902 3468 944 3527 eie
965 3468 1003 3527 dc
1024 3468 1159 3527 omnibus
1180 3488 1248 3547 qute

147 3561 562 3639 querebantur'satint'ecerim,
579 3571 775 3641 praeterquam
792 3561 818 3621 ei
839 3580 899 3639 qua
915 3580 996 3621 nunc
1014 3570 1132 3639 propter
1140 3560 1248 3639 judici·

148 3671 194 3713 um
204 3652 265 3711 huc
278 3651 461 3713 recortitionc
473 3652 609 3712 instituto
622 3671 674 3733 per
687 3652 864 3712 calumniam
878 3652 1041 3732 postulent,
1054 3662 1088 3712 ut
1098 3651 1183 3710 vobis
1196 3651 1248 3710 de·
1299 3688 1310 3693 -

148 3730 323 3805 clarebitur:
347 3746 390 3804 ub⁴
403 3743 467 3805 ictis
485 3754 584 3805 nutem
597 3763 664 3805 cum
678 3744 817 3804 undecim
831 3744 916 3805 ennio
930 3743 1001 3803 nihil
1014 3743 1091 3822 oequi
1105 3743 1248 3821 potuerim

147 3837 311 3917 impetrare,
323 3855 402 3899 nunc
415 3836 455 3897 ed
468 3856 521 3919 vce
536 3836 686 3919 confugio,
701 3847 792 3915 etque
802 3854 906 3917 omnee
919 3855 980 3898 von.
991 3843 1053 3908 or'o,
1064 3834 1201 3907 ludices,
1215 3844 1249 3905 ut

147 3948 193 3990 me
212 3931 354 4009 benigne,
370 3928 413 3993 nic
433 3939 467 3989 ut
486 3938 589 4009 putero
602 3928 761 4000 dicentem,
773 3928 910 3998 audietis,
924 3939 965 3998 et,
979 3927 1005 3985 ei
1018 3946 1135 3987 mecum
1148 3926 1247 4005 inique

148 4032 244 4081 ectum
268 4021 422 4100 putabitis,
435 4019 552 4081 venium
574 4021 649 4083 dem
674 4039 741 4081 mea
763 4019 1099 4099 recuperarecupienti,
1119 4018 1158 4079 ad
1179 4018 1248 4077 filim

148 4104 321 4199 presertim
330 4112 544 4182 elocutionemr
581 4111 690 4173 occidit
711 4113 800 4185 euim,
828 4122 861 4173 ut
886 4123 1005 4192 propter
1029 4111 1119 4191 petris
1143 4130 1247 4189 preces

149 4203 293 4271 decernet
302 4215 371 4271 octo
381 4214 469 4289 nutus
485 4224 579 4267 anuos
594 4222 714 4265 uxorem
724 4205 868 4278 duxerim,
875 4215 1095 4310 proptereaque
1105 4202 1181 4263 mihi
1187 4203 1248 4263 filie

149 4295 186 4355 sit
190 4296 258 4376 jem
272 4296 391 4359 nubilis.
411 4296 540 4356 Proinde
548 4308 579 4357 ct
589 4315 636 4355 me
645 4295 803 4361 affectum
795 4316 902 4377 rujuno
912 4296 1015 4359 mento
1025 4294 1247 4376 proptermultu
1290 4358 1293 4361 ,

145 4386 298 4465 jurabitis:
325 4400 358 4469 et
377 4388 442 4457 istis
464 4388 638 4462 irascemini,
656 4389 717 4469 qui,
735 4390 808 4471 prclr
830 4390 929 4454 divum
943 4388 1042 4462 fidem,
1055 4408 1124 4452 curn
1145 4386 1248 4451 liceret
1295 4450 1300 4459 ,
