2967 4950
257 351 318 411 846
689 333 910 406 EPISTOLAE.

256 499 471 581 delendaque
492 501 532 561 dii
556 501 727 579 prohibeant
747 520 786 562 ne
802 499 841 559 ad
858 498 967 558 exitum
990 490 1222 576 perducanttir.··
1237 493 1269 554 Si
1286 495 1347 574 quis

258 605 354 657 autem
377 605 506 656 vestrum
530 594 592 654 baec
613 592 773 664 cavillatur,
796 592 822 652 is
843 601 891 651 eat
913 587 1194 668 magna·raecordia
1219 587 1345 649 refertus.

259 686 327 759 Qui,
352 707 417 748 cum
442 707 476 748 ea
498 687 584 746 facta·
600 687 797 756 esse-videat,
820 705 886 763 quae
908 701 996 742 nemo
1019 682 1116 740 futura
1139 682 1297 751 metuebat,
1319 690 1347 740 et

177 815 179 822 ,
257 780 327 839 olim
346 781 432 840 etiarn
450 781 529 838 facta
550 790 628 850 eunt,
643 778 852 857 cum-populus
875 796 928 856 per
945 774 1077 834 homines
1093 773 1280 832 insidiatores
1296 773 1347 830 irn-

256 871 361 950 pulsus
384 891 435 932 eos
457 891 475 930 a
496 871 599 950 quibus
618 871 828 930 defendebatur
846 879 1000 948 suspectos
1023 869 1130 927 habere
1145 867 1350 946 atqne‘odisse

259 964 356 1043 coepit,
370 983 448 1022 nunc
462 983 524 1024 esse
540 965 638 1023 lutura
651 983 710 1023 non
723 973 819 1042 putat,
842 982 939 1022 nonne
957 960 1086 1021 insanit?
1115 961 1202 1032 Haec,
1223 961 1252 1019 si·
1267 959 1351 1019 ades-

183 1057 187 1060 ’
260 1075 332 1129 rem,
347 1075 444 1116 coram
459 1057 542 1116 vobis
556 1057 748 1135 explicarem:
771 1065 925 1136 postquam
938 1074 1005 1115 vero
1019 1075 1134 1114 mecum
1149 1055 1193 1138 ‘ita
1207 1054 1354 1135 agitaruut

181 1185 183 1194 ι
261 1167 327 1209 cum
353 1167 388 1208 eo
410 1149 497 1208 velim
519 1149 577 1228 agi,
591 1149 674 1228 cnjus
691 1150 852 1210 mendaciis
874 1148 1012 1210 effectum
1034 1158 1080 1208 est
1094 1157 1198 1226 utegc
1211 1147 1353 1227 perierim,

261 1259 314 1320 per
326 1241 434 1300 literas
458 1241 547 1301 vestri
569 1251 599 1301 et
621 1242 740 1301 honoris
761 1252 792 1300 et
809 1241 955 1301 commodi
973 1241 1128 1301 rationein
1141 1241 1242 1320 primis
1256 1240 1355 1300 babita

260 1335 431 1412 significavi,
445 1335 577 1394 secundo
597 1333 663 1394 loco
677 1355 793 1414 oequum
808 1354 873 1394 esee
891 1353 999 1394 censeo
1017 1344 1061 1405 ut,
1075 1353 1135 1414 qua
1152 1333 1355 1394 benevolentia

262 1429 427 1508 Lycurgum
451 1426 595 1487 virentem
615 1447 680 1487 sum
698 1423 891 1507 prosecutus,
913 1429 1037 1488 eandem
1058 1448 1130 1508 erga
1152 1429 1217 1508 ejus
1229 1447 1356 1508 ¹quoqne

259 1521 365 1582 liberos
380 1539 440 1600 prae
451 1519 615 1578 meierum.
635 1552 638 1562 =
657 1519 688 1578 Si
707 1521 754 1580 cui
767 1540 835 1580 vero
851 1521 975 1581 fortasse
986 1523 1017 1580 in
1026 1531 1160 1581 mentem
1174 1522 1266 1595 venit,
1288 1522 1356 1581 milri

260 1612 382 1672 multum
399 1611 528 1672 esse‘otii
543 1615 657 1672 arebus
671 1613 754 1684 meis,
768 1613 811 1672 illi
822 1633 878 1693 ego
891 1615 1066 1693 respondere
1079 1633 1140 1691 non
1154 1615 1298 1688 dubitem,
1312 1636 1356 1675 me

260 1706 298 1766 de
311 1716 408 1766 vestra
422 1705 543 1765 utilitate
558 1717 589 1765 et
601 1706 730 1766 omnium
739 1708 901 1774 ‚amicorum
916 1707 1085 1767 defensione
1098 1729 1158 1767 non
1171 1709 1270 1767 minus
1283 1729 1357 1781 esse,

261 1817 347 1879 quam
363 1798 400 1857 de
412 1817 482 1858 mea
495 1799 587 1858 salute
604 1799 780 1859 solicitum.=
801 1798 891 1859 Nulla
903 1799 991 1878 igitur
1011 1800 1180 1861 curiositate
1193 1801 1262 1859 baec
1274 1802 1357 1874 facio,

262 1891 315 1950 sed
330 1901 362 1950 ut
374 1891 453 1950 idem
468 1891 596 1951 studium
618 1891 754 1970 idemque
776 1892 941 1952 institutum
962 1901 1060 1963 teneo,
1075 1892 1160 1952 sicet
1180 1893 1250 1970 heo,
1267 1904 1298 1953 et
1310 1893 1356 1952 illa

261 1985 324 2063 pari
348 1984 444 2044 animo
463 1985 603 2063 suscipio.
646 1983 708 2045 Otii
730 2005 799 2044 vero
822 1995 935 2044 tantum
959 1985 1030 2044 mihi
1053 1995 1196 2064 superest,
1210 1997 1356 2066 ‘quantum

261 2077 317 2136 illis
330 2077 380 2156 qui
393 2077 474 2137 vobis
486 2078 562 2137 male
576 2078 679 2137 volunt
692 2097 844 2157 superesse
855 2077 953 2136 velim.
980 2080 1027 2136 Ac
1042 2078 1080 2136 de
1090 2078 1137 2137 his
1150 2078 1270 2156 quidem
1281 2080 1355 2138 satis.

262 2171 358 2229 Velim
379 2181 476 2230 autem
500 2190 553 2250 pro
575 2169 829 2230 benevolentia-*et
846 2189 945 2229 amore
967 2189 1121 2230 meonunc
1140 2170 1269 2230 breviter
1282 2171 1356 2250 queri

262 2266 425 2336 vobiscum,
438 2264 469 2323 id
487 2263 567 2342 quod
581 2263 673 2341 paulo
687 2273 755 2343 post
769 2263 936 2342 perlongus
951 2263 1060 2336 literas,
1078 2283 1161 2342 quas,
1182 2262 1208 2322 si
1221 2265 1357 2337 vixeras

262 2377 310 2417 me
326 2356 542 2436 exspectabitis,
556 2355 672 2429 faciam,
686 2356 742 2414 nisi
755 2355 835 2434 prius
849 2375 867 2415 a
879 2356 961 2415 vobis
970 2356 1021 2435 jus
1036 2375 1134 2415 meum
1153 2357 1239 2415 fuero
1259 2378 1356 2417 conse·

262 2459 360 2511 cutus.
403 2449 494 2521 Quos,
515 2448 645 2525 o-quid
668 2448 764 2511 dicam
787 2459 821 2509 ut
839 2469 935 2529 neque
958 2468 1053 2509 enare
1074 2468 1170 2527 neque
1190 2449 1307 2509 mentiri
1320 2449 1357 2508 ri-

263 2542 529 2603 dearl-tnimirum
548 2542 742 2621 negligentes,
762 2562 857 2621 neque
877 2542 998 2601 aliorum
1016 2562 1112 2620 neque
1126 2543 1215 2601 vestri
1234 2544 1357 2622 ipsomm

260 2636 364 2716 pudet,
379 2636 416 2695 ob
430 2654 475 2693 ea
497 2634 726 2693 Demosthenem
751 2636 880 2711 ejecisse,
901 2643 1020 2713 propter
1039 2654 1107 2712 qnae
1128 2634 1357 2713 Aristogitonem

263 2727 426 2787 indemnem
452 2726 619 2786 dimisistis:
642 2748 766 2806 quaeque
779 2728 824 2801 iis,
840 2728 890 2806 qui
903 2746 956 2785 vos
970 2727 1152 2787 floccifacere
1166 2728 1290 2797 audent,
1305 2748 1357 2787 non

265 2830 386 2900 accepta
401 2840 419 2880 a
432 2820 512 2879 vobis
527 2829 626 2879 tenere
639 2820 717 2893 lieet,
731 2841 767 2881 ea
785 2841 844 2881 non
858 2822 929 2881 dare
943 2822 1023 2893 mihi,
1037 2831 1114 2881 utet
1128 2832 1186 2881 aere
1208 2822 1305 2882 alieno
1317 2843 1358 2882 re·

261 2912 353 2972 dacto
367 2920 398 2971 et
416 2909 588 2971 liberalitate
602 2911 763 2972 amicorum
776 2912 945 2973 sublevatus
958 2914 1042 2972 vobis
1056 2913 1230 2974 satisfacere
1244 2915 1359 2994 possim,

265 3017 299 3066 ut
314 3026 349 3065 ue
365 3014 541 3065 senectutem
565 3013 596 3065 et
615 3006 748 3065 exsilium
762 3007 906 3067 mercedis
920 3006 986 3067 loco
998 3026 1051 3086 pro
1071 3007 1142 3067 meis
1157 3019 1361 3069 vestra-causa

265 3098 419 3170 exantlatis
446 3098 776 3179 laboribus'accipiens,
790 3119 943 3159 commune
964 3100 1100 3178 probrum
1122 3120 1224 3159 corurn
1246 3102 1296 3181 qui
1318 3122 1360 3161 me

265 3192 369 3259 laesere
378 3190 492 3271 injuria,
504 3210 626 3271 peregre
640 3192 669 3250 in
679 3192 828 3251 huminum
836 3203 995 3271 conspectu
1008 3212 1116 3253 verser.
1157 3195 1361 3262 Quumautem

259 3306 322 3365 ego
333 3286 418 3345 velim
435 3294 532 3345 restro
545 3285 688 3344 beneficio
703 3294 733 3345 et
745 3305 798 3365 pro
813 3286 1014 3364 magnitudine
1027 3288 1190 3345 animorum
1204 3300 1362 3349 vestrorum

268 3380 306 3436 ab
333 3378 434 3437 exsilio
458 3368 575 3436 domum
598 3378 737 3450 revocari,
750 3397 849 3456 eaque
867 3378 988 3439 infamia
1011 3394 1079 3457 quae
1101 3400 1148 3439 me
1168 3380 1364 3442 immerentem

260 3468 364 3529 obruit
380 3468 664 3547 liberari,'fidemque
687 3470 833 3547 publicam
854 3491 914 3530 non
934 3460 1044 3530 diutius
1057 3484 1155 3551 petam
1170 3494 1260 3551 quam
1276 3495 1362 3556 qnan-

269 3572 331 3621 tum
350 3560 421 3619 mihi
444 3560 582 3638 temporis
607 3561 645 3619 ad
668 3561 839 3622 solvendam
860 3564 999 3623 mulctam
1020 3565 1237 3643 praefinivistia:
1260 3577 1291 3627 et
1303 3568 1361 3626 bac

270 3652 431 3731 denegatis,
451 3662 482 3711 et
497 3652 693 3730 interrogatis,
706 3665 739 3712 ut
761 3656 832 3713 mihi
851 3657 1046 3727 renunciatur,
1063 3658 1128 3736 quis
1147 3677 1220 3737 ergo
1233 3679 1282 3719 me
1301 3679 1363 3739 pro·

268 3748 366 3807 hibeat
387 3747 485 3805 venire
509 3757 539 3805 et
558 3746 621 3805 haec
641 3748 748 3825 ageret
780 3750 867 3817 Quod
886 3751 979 3810 vereri
1003 3751 1102 3821 didici,
1117 3752 1326 3825 Athenienses,
1339 3764 1365 3811 et

269 3841 357 3919 longe
379 3839 436 3897 alia
457 3840 575 3898 fortuna
597 3858 672 3910 sum,
688 3858 776 3919 quam
801 3862 867 3900 mea
883 3842 913 3900 in
937 3852 1040 3903 vos-et
1059 3844 1273 3922 rempublicam
1294 3846 1366 3905 facta

259 3936 465 4003 merebantur,
479 3943 509 3991 et
522 3933 600 4009 quod
614 3934 654 3992 rei
671 3932 819 3993 familiaris
840 3944 959 4015 propter
973 3936 1118 4014 quosdam
1133 3941 1283 4011 jacturam
1303 3938 1365 4008 feci,

271 4045 308 4085 ne
323 4026 364 4084 illi
378 4026 499 4104 duplum
514 4026 625 4085 solvere
640 4038 823 4104 cogerentur,
837 4037 903 4087 c'um
919 4028 1054 4107 simplum
1065 4048 1124 4087 non
1138 4039 1273 4107 possent,
1287 4030 1366 4089 satia-

271 4118 341 4177 dare
354 4118 435 4177 initio
449 4138 503 4197 pro
517 4137 582 4177 mea
601 4118 740 4179 facilitate
761 4119 931 4199 pollicitus:
954 4121 1091 4199 aquibus
1110 4122 1256 4201 adjutrice
1264 4134 1369 4182 --restra

270 4209 474 4269 benevolentia
492 4228 636 4281 reversus,
648 4220 760 4289 partem
785 4210 899 4285 saltem,
914 4213 937 4271 si
958 4232 1017 4271 non
1037 4223 1144 4286 totum,
1159 4234 1368 4294 recuperarem,

261 4311 307 4359 nt
329 4301 472 4381 reliquum
497 4302 565 4362 vitae
589 4313 701 4381 ternpus
716 4304 789 4366 citra
810 4306 941 4365 dedecus
965 4308 1085 4386 exigere
1106 4308 1226 4377 liceret3
1248 4308 1368 4387 quodsi

262 4410 341 4453 uero
352 4395 403 4469 ita,
416 4396 516 4457 ut'isti
529 4395 579 4476 qui
588 4396 704 4475 jactant
718 4398 788 4457 talia
796 4398 912 4477 jubent,
933 4418 1053 4473 venero,
1070 4400 1156 4460 simul
1170 4412 1201 4460 et
1214 4402 1369 4480 ignominia
