2967 4950
167 382 170 389 ’
261 360 318 420 658
468 356 526 416 ln
549 354 755 417 EVERGUM
771 355 821 414 ΕΤ
842 351 1127 415 MNESlBULUM.

259 509 472 579 continebatur,
487 518 516 567 te
530 508 643 567 tradere
657 506 810 567 mulierem
824 506 959 565 voluisse.
1007 503 1076 563 Jam
1085 520 1203 561 caumm
1220 498 1346 570 acturus,

259 620 419 680 usquamne
441 600 589 660 mulierem
611 598 801 659 introduxisti
814 598 844 656 in
863 595 1053 675 praetorium?
1086 592 1186 671 Atqui·
1200 594 1351 672 oportebat

260 715 337 765 eum,
351 696 375 753 si
387 714 459 753 vera·
470 703 579 759 essent,
594 713 659 771 quae
671 712 737 750 eum
747 690 890 749 obtulisse
904 690 1016 760 dicunt,
1037 688 1066 746 in
1081 678 1232 746 sortitione
1247 684 1350 763 judici·

261 808 353 860 orum,
368 788 497 847 adducta
516 786 645 855 muliere,
659 784 844 861 adhibitoque
858 804 1003 861 praecone,
1014 783 1119 861 jubere
1133 802 1179 839 me
1194 782 1219 839 si
1234 778 1351 858 quaesti·

262 899 348 939 onem
359 880 465 939 habere
479 878 516 937 de
531 898 566 938 ea
578 877 691 946 vellem,
705 888 735 935 et
748 876 871 936 Jndices
885 875 1086 953 ingredientes
1095 883 1185 932 testes
1198 873 1351 942 iacere-se

262 992 326 1033 earn
342 972 414 1031 velle
429 971 559 1031 tradere:
581 990 660 1029 nunc
686 970 756 1028 suco
777 968 871 1028 verbis
893 970 982 1036 lacto,
997 967 1076 1027 falsis
1095 964 1267 1024 testimoniis
1286 984 1352 1043 pro·

263 1065 371 1133 ductis,
385 1083 422 1122 ne
437 1083 515 1122 nunc
528 1062 644 1141 quiden-r
660 1060 749 1120 audet
760 1061 877 1119 tradere
891 1060 1053 1129 mulierem,
1064 1076 1265 1137 saepenumero
1278 1076 1298 1114 a
1310 1074 1352 1114 me

265 1164 438 1234 provocatus
453 1166 483 1213 et
500 1152 675 1233 postulatus,
692 1164 722 1211 ut
743 1154 826 1213 vobis
848 1164 939 1213 testes
961 1152 1012 1231 qni
1032 1152 1190 1211 interfuere
1211 1148 1353 1210 dixerunt.

265 1247 370 1307 Recita
385 1246 452 1305 milri
468 1245 566 1305 denuo
581 1246 755 1305 testimonia.
983 1244 987 1253 '

676 1464 941 1523 TESTIMONIA.

305 1608 335 1665 7.
358 1604 507 1665 Enarrabo
521 1616 617 1667 autern
633 1605 725 1677 vobis,
738 1604 870 1676 Judices,
884 1602 964 1663 unde
977 1601 1047 1661 mibi
1066 1604 1266 1664 controversia
1287 1624 1353 1665 cum

264 1696 453 1775 Theophemo
467 1699 505 1759 sit
517 1708 589 1768 orta,
605 1708 637 1757 ut
649 1698 747 1758 sciatis
758 1717 817 1755 non
831 1716 878 1755 me
891 1696 985 1756 solum
999 1695 1097 1773 iniquo
1109 1715 1159 1774 per
1170 1714 1236 1755 enm
1246 1696 1356 1775 judicio

267 1790 503 1863 circumventum,
524 1791 653 1871 deceptis
673 1789 833 1870 judicibus,
856 1790 960 1849 sedet
981 1797 1114 1848 senatum
1131 1789 1358 1867 quingentorum

266 1882 368 1941 eadem
392 1883 536 1943 sententia
555 1904 621 1943 esse
640 1883 887 1950 condemnatum:
908 1889 996 1959 atque
1014 1882 1214 1941 auctoritatem
1227 1891 1358 1961 ereptam

262 1974 380 2053 judiciis
394 1975 542 2049 vestriset
555 1974 679 2034 decretis
693 1985 723 2034 et
741 1974 866 2051 legibus,
880 1993 915 2033 ac
928 1973 1144 2051 magistratibus
1154 1974 1259 2033 vestris
1269 1973 1356 2035 iidem

266 2084 332 2125 esse
346 2066 514 2145 abrogatam
529 2077 559 2125 et
573 2065 663 2125 literis
679 2066 708 2125 in
722 2067 795 2145 pilas
807 2066 912 2125 relatis.
956 2066 1023 2132 Quo
1037 2075 1135 2125 autem
1146 2074 1246 2144 pacto,
1259 2067 1291 2125 id
1300 2085 1358 2145 ego

267 2179 321 2219 ros
336 2159 502 2239 singulatim
517 2159 658 2219 edocebo.
682 2159 754 2217 Mihi
768 2178 834 2219 cum
845 2158 1033 2237 Theopbemo
1043 2157 1112 2217 dum
1126 2158 1182 2217 vixi
1196 2159 1275 2238 prius
1281 2160 1354 2219 nibil

266 2273 393 2331 unquam
406 2252 571 2313 commercii
585 2253 649 2324 luit,
664 2252 747 2312 nulla
765 2253 979 2318 commessatio,
991 2252 1088 2310 nullos
1102 2271 1194 2322 arnor,
1209 2263 1265 2312 aut
1277 2272 1359 2313 cotn-

265 2346 386 2425 potatio,
400 2356 444 2417 ut,
457 2344 504 2404 vel
518 2342 621 2423 injuria
633 2345 732 2424 aliqua
745 2346 870 2404 irritatus
881 2343 928 2405 rel
937 2345 1086 2423 voluptate
1100 2342 1197 2422 aliqua
1206 2345 1360 2424 impulsus,

262 2438 328 2518 ejus
341 2436 420 2498 aedes
435 2436 618 2497 invaderem:
641 2437 695 2498 sed
715 2437 840 2498 decretis
854 2438 966 2521 restris,
987 2436 1105 2516 populo,
1120 2446 1225 2497 senatu
1242 2448 1273 2498 et
1292 2438 1358 2516 lege

266 2529 482 2601 mandantibus,
497 2529 579 2609 exegi
595 2530 632 2588 ab
647 2549 682 2589 eo
694 2530 810 2590 navalia
821 2530 1023 2600 instrumenta,
1038 2550 1104 2608 quse
1119 2531 1289 2608 reipublicae
1308 2532 1359 2590 de-

266 2622 365 2682 bebat.
407 2621 601 2687 Quamobrem
626 2632 722 2682 autem
735 2623 767 2682 id
780 2623 892 2686 lactum,
903 2622 950 2692 sit,
965 2641 1021 2700 ego
1034 2622 1116 2690 robis
1129 2623 1265 2681 narrabo.
1300 2624 1358 2684 Ac·

267 2711 349 2784 cidit,
360 2723 394 2771 ut
407 2711 535 2771 triremes
559 2711 630 2771 hinc
650 2713 806 2785 solverent,
820 2713 985 2791 auxiliaque
1004 2712 1135 2772 celeriter
1155 2714 1337 2775 mitterentur
1344 2731 1357 2784 '3

266 2814 446 2862 armamenta
459 2813 556 2862 autem
571 2801 601 2862 in
621 2802 718 2862 navali
737 2803 875 2862 deessent
888 2805 1020 2876 naribus,
1033 2823 1126 2882 eaque
1139 2824 1207 2863 cum
1219 2805 1361 2868 baberent

264 2893 286 2954 ii
300 2894 350 2973 qui
365 2894 514 2954 debebant
532 2914 590 2953 non
604 2895 778 2954 redderent:
801 2894 916 2954 adhaec
936 2915 991 2955 nec
1014 2897 1042 2954 in
1064 2895 1175 2955 Piraeeo
1188 2907 1253 2957 erat
1274 2900 1361 2980 copia

265 2987 430 3059 linteorum,
446 2997 559 3067 stuppae
583 2998 613 3046 et
630 2987 797 3060 rudentum,
819 2988 925 3066 quibus
941 2990 1027 3048 rebus
1049 2989 1132 3048 navis
1151 2991 1314 3065 instruitur,
1326 3003 1360 3052 ut

265 3081 322 3140 erni
347 3090 477 3160 possent.
519 3079 728 3139 Cbaeredemus
748 3080 836 3157 igitur
856 3081 915 3140 hoc
936 3072 1230 3146 ⁴senatr‘rsconsultnrn
1250 3085 1360 3157 scribit,

694 3506 932 3566 DECRETUM.

177 3695 181 3702 .
267 3643 335 3704 lloe
352 3644 501 3706 decretum
515 3646 703 3726 magistratus
718 3650 818 3729 jussit,
837 3660 868 3710 et
885 3669 937 3710 eos
957 3652 1008 3729 qui
1029 3671 1100 3714 vasa
1120 3628 1288 3734 reipublice
1307 3656 1359 3716 de·
1446 3720 1447 3729 ,

265 3734 369 3807 berent
392 3736 537 3797 navalium
559 3739 742 3800 curatoribus
763 3741 903 3801 tradidit:
917 3742 1071 3803 navalium
1093 3757 1257 3818 curatores,
1275 3748 1358 3808 trire-

262 3825 356 3884 mium
370 3828 524 3905 praelectis,
538 3827 572 3888 iis
591 3831 641 3908 qui
660 3840 722 3890 tunr
736 3833 841 3892 abituri
853 3843 948 3906 erant,
961 3846 991 3894 et
1013 3837 1358 3899 curatoribus'classium.

267 3917 410 3978 Lexsvero
430 3919 578 3979 Periandri
593 3925 716 4001 cogebat
729 3934 761 3982 et
769 3924 891 4003 jubebat
908 3945 963 3986 nus
977 3946 1026 3987 eos
1041 3907 1092 4007 qdi
1105 3940 1294 3990 armamenta
1306 3931 1358 3990 de·
1445 3938 1446 3959 ¹

263 4009 367 4070 berent
389 4011 526 4089 recipere,
540 4032 597 4098 que
619 4015 685 4094 lege
701 4016 813 4077 classes
832 4018 994 4098 designatoe
1014 4032 1106 4082 eraut.
1149 4023 1202 4083 Ad
1214 4024 1287 4097 lroec,
1301 4025 1358 4084 alio

265 4103 418 4183 plebiscito
440 4106 616 4181 cogebamur
633 4128 686 4186 pro
707 4129 761 4169 sua
781 4110 906 4189 quisque
920 4115 1087 4192 portiones
1107 4115 1230 4194 singulis
1243 4137 1281 4178 ea
1293 4137 1357 4197 quie

263 4193 406 4254 deberent
428 4194 552 4272 exigere.
594 4197 708 4258 Accidit
728 4211 826 4260 autem
839 4214 872 4261 nt
894 4223 950 4282 ego
971 4214 1002 4265 et
1014 4207 1190 4266 trierarchus
1210 4219 1243 4268 et
1256 4209 1356 4269 classis

263 4296 381 4346 curator
401 4306 516 4354 essem:
547 4295 577 4346 et
598 4288 796 4352 Demochares
816 4294 995 4356 Paeanieusis
1019 4299 1049 4358 in
1078 4319 1144 4359 mea
1167 4300 1264 4362 classe
1291 4321 1355 4363 curn

265 4376 462 4457 Theophemo,
476 4379 561 4459 cujus
582 4380 612 4439 in
636 4383 802 4446 trierarchia
815 4387 930 4468 collega
943 4389 1050 4466 fuerat,
1065 4398 1245 4454 armamenta
1263 4394 1355 4476 reipu-

263 4466 350 4530 hlicae
362 4470 493 4539 deberet.
514 4473 595 4540 Quos
608 4485 747 4557 utrosque
759 4499 827 4541 cum
839 4481 870 4542 in
884 4482 945 4563 pila
957 4483 1116 4567 inscriptos
1130 4496 1164 4548 ut
1176 4488 1291 4570 reipub.
1305 4489 1355 4549 ob·

1452 2564 1454 2663 l

1451 2752 1453 2867 l

265 3182 299 3232 ut
317 3181 497 3234 armamenta
515 3173 631 3232 navium
649 3173 832 3251 exigerentur
843 3184 871 3234 et
885 3174 1051 3236 sartatecta
1061 3174 1252 3236 redderentur
1264 3178 1360 3258 reipu-
1449 3172 1450 3183 ³

266 3263 362 3325 blicae.
404 3264 507 3324 Recita
520 3264 588 3324 mihi
602 3264 762 3324 decretum.
