2967 4950
257 265 316 324 710
557 263 774 327 ADVERSUS
795 265 1050 329 cabarerum.

248 419 309 482 ,tim
333 419 359 478 ei
383 419 467 478 datos
490 420 652 492 maluisset,
670 438 759 500 quam
773 421 803 478 in
816 437 920 480 mensa
932 420 1118 499 relinquere?
1150 421 1213 500 Ego
1233 421 1344 500 quidem

247 510 331 570 aillud
345 520 376 571 et
385 512 494 590 justius
508 523 539 573 et
558 512 793 592 magnificentius
812 500 953 575 existimo.
994 514 1061 573 Jam
1074 533 1142 573 eum
1159 513 1232 573 nihil
1248 515 1345 573 horum

248 602 501 684 *lecisseconstat
515 606 639 684 proinde
653 617 684 666 et
704 607 771 666 haec
787 607 871 666 vobis
889 617 1063 685 argumenta
1076 608 1152 675 sint;
1173 608 1226 667 sed
1246 600 1345 686 Cephi-

256 696 391 757 sia'daeet
405 697 586 778 inscripsisse
600 710 630 758 et
646 700 729 760 reddi
742 698 876 774 jussisse.
1106 701 1111 710 '

248 829 254 840 ·
296 791 326 849 8.
349 790 427 850 lllud
445 791 532 850 etiarn
545 791 737 865 considerate,
751 792 886 865 ludices,
901 792 1067 872 Callippum
1083 792 1174 852 fuisse
1186 793 1279 852 civem
1297 809 1345 850 no·

257 890 361 954 strum,
379 883 415 942 iis
436 882 595 961 pollentem
614 884 728 964 opibus,
748 896 783 943 ut
806 895 961 963 utmmque
975 898 1006 944 et
1018 885 1093 944 male
1107 895 1137 945 et
1158 886 1235 944 bene
1256 883 1345 944 lacera

246 984 366 1053 posset,
387 975 594 1054 Cephisiadem
612 987 712 1044 autern
727 985 757 1034 et
770 976 943 1055 inquilinum
959 986 990 1036 et
1003 976 1137 1056 inopem:
1157 995 1251 1055 quare
1271 985 1346 1054 pater

247 1065 375 1132 ,minime
398 1077 500 1128 contra
516 1068 566 1148 jus
586 1080 616 1128 et
632 1087 751 1147 aequum
769 1068 811 1128 illi
825 1070 923 1130 savera
940 1089 1027 1149 quam
1046 1069 1092 1129 isti
1113 1078 1257 1149 prestare
1274 1065 1345 1146 quod
1435 1146 1438 1152 Ι

257 1177 371 1238 aequum
381 1171 461 1220 esset
472 1161 634 1220 maluisset.

297 1253 327 1310 9.
349 1252 389 1312 At
401 1252 519 1313 hercule
536 1252 616 1313 dicet
633 1253 770 1326 sortasse,
788 1267 902 1334 patrem
921 1273 1019 1314 meum
1037 1253 1172 1332 privatim
1186 1253 1296 1333 aliquid
1313 1254 1346 1312 da

257 1353 378 1423 argento
392 1345 581 1406 emolumenti
596 1347 780 1424 percepisse;
802 1356 1012 1426 proptereaque
1023 1345 1120 1404 animo
1132 1345 1163 1403 in
1172 1345 1257 1405 illum
1267 1344 1345 1425 quam

248 1438 333 1521 insse
346 1435 437 1498 fuisse
451 1437 647 1516 propensiore.
689 1439 772 1498 Itane
786 1458 855 1499 vero
873 1439 999 1518 primum
1019 1458 1038 1496 a
1059 1458 1117 1516 quo
1132 1436 1225 1517 duplo
1245 1439 1346 1518 majore

247 1550 346 1610 ,quam
365 1529 398 1589 id
419 1531 557 1592 lucellum
576 1541 661 1590 esset
673 1531 750 1590 affici
764 1531 876 1591 damno
889 1543 999 1611 posset,
1018 1530 1046 1589 ei
1062 1531 1190 1592 faciebat
1200 1531 1346 1608 injuriam?

258 1622 367 1682 deinde
381 1623 411 1681 in
425 1643 460 1683 eo
473 1623 608 1684 sordidus
623 1634 652 1684 et
665 1624 758 1703 turpis
771 1623 844 1683 lucri
857 1624 979 1702 cupidus
993 1633 1064 1694 erat,
1079 1623 1109 1682 in
1123 1624 1240 1684 tributis
1249 1634 1281 1683 et
1291 1644 1346 1682 mu-

257 1713 374 1774 neribus
394 1708 521 1793 publicis
539 1728 569 1775 et
592 1716 794 1796 largitionibus
815 1735 875 1776 non
895 1715 985 1776 item?
1019 1716 1096 1775 Cum
1116 1715 1226 1795 hospiti
1249 1716 1347 1776 nemini

256 1808 365 1868 faceret
387 1809 531 1888 injuriam,
546 1808 682 1888 Callippo
703 1808 837 1869 faceret?
865 1810 940 1881 Cum
964 1809 1001 1879 ei,
1022 1817 1056 1867 ut
1083 1807 1134 1881 ait,
1149 1809 1347 1890 jusjurandum

256 1896 394 1958 detulerit
413 1901 551 1978 tanquam
565 1902 644 1959 bono
662 1899 724 1958 viro
746 1911 776 1959 et
799 1900 912 1959 nullum
932 1901 1045 1960 dicturo
1063 1900 1262 1976 mendacium,
1278 1921 1347 1960 nunc

180 2007 182 2012 ·
257 1999 394 2070 tanquam
416 1990 453 2050 de
471 1975 602 2072 improbo
616 2005 647 2050 et
667 1991 801 2070 deposita
813 1989 1019 2052 interiertente
1031 1993 1121 2054 verba
1133 1993 1226 2053 faciti
1244 1995 1346 2054 ‘nonne

251 2101 405 2144 vvarocum
424 2103 479 2144 nec
497 2085 595 2164 jurare
609 2083 707 2156 vellet,
720 2079 755 2142 u't
766 2085 820 2143 iste
835 2082 1023 2164 dicit,‘neque
1041 2086 1196 2164 pecuniam
1211 2086 1363 2159 redderet·

257 2177 354 2236 statim
379 2175 652 2237 damnatus'esseti
683 2176 739 2234 Cui
757 2177 921 2236 verisimilia
940 2177 1014 2238 fiant
1036 2177 1104 2251 ista,
1124 2179 1270 2239 ludices?
1290 2180 1345 2258 Ego
1401 2186 1406 2199 '

250 2269 381 2350 quidem
390 2270 497 2328 nemini
518 2271 628 2350 opinor.
670 2268 756 2328 Itane
777 2270 978 2330 Archebiades
1000 2289 1035 2329 eo
1053 2272 1131 2332 venit
1152 2271 1346 2352 improbitatis,

256 2373 290 2422 ut
304 2362 334 2421 in
351 2361 527 2441 Callippum,
538 2372 580 2446 ⁸et
599 2362 769 2442 popularem
782 2381 867 2422 suum
886 2373 917 2422 et
937 2365 966 2422 iu
984 2363 1136 2443 republica
1148 2378 1311 2426 versantem
1322 2374 1347 2424 et

256 2476 317 2517 non
329 2455 472 2535 privatum
485 2454 643 2529 hominem,
657 2455 854 2517 testimonium
875 2455 964 2528 dicat,
978 2468 1008 2518 et
1028 2479 1083 2518 nos
1097 2477 1198 2517 verum
1216 2459 1295 2539 loqai
1308 2478 1346 2518 as·

258 2558 345 2618 serat,
360 2548 448 2607 istum
462 2558 560 2607 autem
578 2548 711 2609 mentiri:
733 2549 894 2629 praesertim
908 2570 976 2610 cum
992 2551 1077 2625 sciat,
1091 2552 1116 2610 si
1129 2551 1186 2611 iste
1200 2552 1265 2612 salsi
1278 2546 1346 2612 testi·

258 2640 348 2698 monii
362 2658 442 2699 reum
459 2640 555 2699 facere
574 2651 604 2700 et
626 2641 697 2701 nihil
718 2640 798 2700 aliud
816 2640 872 2714 nisi
886 2654 1071 2702 sacramento
1092 2642 1214 2721 adigere
1226 2642 1347 2712 voluerit,

257 2752 379 2792 necesse
394 2732 449 2791 sibi
463 2731 524 2791 fore
536 2732 567 2791 id
580 2731 650 2792 dare
660 2732 877 2812 jusjurandum,
892 2733 971 2811 quod
989 2733 1044 2793 iste
1055 2734 1187 2814 jusserit.
1225 2736 1345 2811 ‘Deinde

213 2854 215 2859 ·
257 2833 292 2884 ut
314 2825 504 2905 Cephisiades
529 2845 662 2885 nummos
687 2826 804 2896 habeat,
826 2824 915 2885 homo
938 2826 1109 2905 inquilinus,
1132 2837 1184 2885 aut
1209 2829 1346 2901 Phormio,

257 2938 345 2997 quem
360 2916 414 2977 iste
437 2918 601 2997 aliquid'de
622 2922 735 2978 summe
756 2919 900 2978 delevisse
921 2916 1001 2992 dicit,
1015 2920 1098 2981 vobis
1122 2924 1345 2999 persuadebitur,

257 3012 451 3091 pejeraturum
462 3011 697 3072 Archebiadcmi
728 3011 853 3071 Minime
872 3011 904 3070 id
923 3011 1042 3090 quidem
1056 3023 1287 3075 consentaneum
1300 3024 1347 3084 est,

258 3106 391 3166 Judices.
433 3105 537 3185 Neque
559 3106 637 3165 enim
660 3104 748 3163 ullius
771 3096 962 3183 improbitatis
986 3105 1232 3169 condemnandus
1252 3106 1346 3168 estrel

258 3196 468 3269 Archehiadss,
482 3198 529 3257 vel
551 3216 656 3277 parens
676 3206 774 3257 noster
783 3220 794 3272 3
823 3196 920 3255 multis
936 3198 1013 3257 enim
1035 3200 1244 3277 experimentis
1261 3199 1346 3261 edocti

257 3288 338 3359 estis,
351 3310 417 3347 eum
430 3289 524 3350 laudis
537 3302 567 3349 et
577 3292 675 3370 gloriae
686 3290 774 3351 luisse
783 3289 1023 3369 appetentiorem,
1037 3313 1126 3371 quam
1138 3308 1172 3355 ut
1181 3296 1293 3375 aliquid
1302 3296 1346 3353 im·

258 3381 382 3458 probum
395 3391 425 3439 et
436 3382 611 3459 flagitiosum
624 3384 722 3442 studio
736 3383 791 3443 sibi
801 3384 931 3455 haberet,
945 3404 1039 3463 neque
1052 3407 1124 3464 erga
1134 3388 1302 3469 Callippum
1313 3386 1347 3445 its

259 3468 406 3544 affectum,
424 3484 457 3531 ut
479 3491 545 3530 euru
566 3474 625 3533 ulla
647 3494 700 3553 per
717 3476 1047 3553 contemptuminjuria
1062 3477 1236 3545 affecisset:
1263 3498 1346 3557 neque

176 3576 179 3583 ’
260 3564 337 3622 enim
352 3574 527 3648 tam·tenues
541 3566 604 3645 ejus
620 3586 691 3645 opes
706 3568 776 3627 mihi
796 3588 862 3627 esse
882 3568 1029 3641 videntur,
1044 3580 1079 3630 ut
1099 3572 1188 3632 facile
1210 3572 1345 3637 contemni

257 3654 359 3736 possit,
373 3658 422 3735 qui
433 3666 545 3716 tantum
558 3657 646 3731 valet,
666 3670 700 3718 ut
719 3680 796 3719 anno
819 3660 967 3739 superiore
987 3661 1050 3721 hac,
1060 3664 1179 3725 actione
1193 3676 1295 3732 contra
1306 3683 1344 3723 me

256 3746 401 3821 instituta,
416 3744 482 3808 cum
504 3769 587 3809 ame
606 3752 786 3831 postulasset
806 3763 840 3813 ut
862 3754 1010 3813 arbitrium
1029 3756 1191 3835 Lysithidte
1204 3758 1345 3825 deferrem,

259 3860 315 3919 ego
328 3860 503 3919 quamquam
514 3854 700 3923 contemptus
714 3847 751 3904 ab
766 3864 801 3904 eo
822 3846 852 3903 in
865 3864 901 3905 ea
920 3866 950 3905 re
970 3847 1041 3905 mihi
1051 3860 1139 3909 ⁴recte
1153 3840 1345 3918 consuluerim,

259 3952 297 3992 ex
318 3931 416 4010 legum
430 3933 507 3991 enim
517 3937 696 4015 *prescripto
711 3937 860 4011 arbitrium
884 3936 977 3997 detuli
997 3949 1028 3997 et
1044 3942 1131 4000 retuli
1147 3942 1186 4003 ad
1203 3944 1344 4021 magistra·

257 4036 320 4085 tum
330 4046 339 4093 ;
351 4026 414 4093 ‚iste
427 4046 496 4086 vero
510 4028 616 4087 arbitro
629 4030 727 4107 legum
742 4030 916 4089 auctoritate
930 4030 1086 4109 designato
1104 4035 1254 4113 persuasit
1267 4033 1344 4101 utin-

251 4116 368 4199 juratus
382 4117 575 4195 arbitraretur,
597 4139 644 4179 me
662 4121 836 4182 testificante
850 4133 933 4182 utex
946 4125 1118 4205 praescripto
1132 4127 1231 4205 legum
1240 4127 1344 4205 juratos

255 4210 470 4287 pronunciaret,
482 4210 513 4267 id
527 4220 624 4285 autem
638 4212 790 4291 Callippus
804 4214 834 4273 in
849 4233 884 4273 eo
898 4218 1040 4295 spectavit
1053 4220 1182 4299 utapud
1193 4238 1247 4279 vos
1260 4218 1345 4277 dicere

257 4302 465 4373 mateteriam
483 4301 666 4381 Lysithidem
679 4304 774 4365 virum
786 4307 896 4382 honum
911 4318 942 4367 et
960 4308 1121 4372 honestum
1136 4312 1174 4372 de
1187 4330 1279 4371 causa
1289 4327 1344 4388 pro·

258 4391 420 4451 nunciasse.
462 4394 627 4473 Lysithides
648 4397 735 4472 enim,
758 4399 891 4476 ludices,
913 4402 985 4463 dum
1003 4413 1087 4483 pater
1099 4405 1227 4477 virebat,
1246 4415 1275 4465 et
1290 4402 1344 4462 sina
