2967 4950
439 336 925 410 EXORDIACONOIONUM‘.
1172 345 1232 406 tto

133 502 273 584 equidem
287 519 401 574 omum,
421 501 447 563 si
466 497 538 581 quid
552 517 616 564 ese
628 503 769 584 preclare
781 504 893 564 tectum
911 499 1072 572 confident,
1086 497 1118 560 id
1131 516 1232 570 uuum,

133 596 278 656 retionem
292 613 325 654 se
338 591 460 656 reddere
479 603 609 674 peretos,
619 601 732 672 jentere
744 605 886 676 perpetuo
898 593 1004 656 video:
1025 602 1057 653 at
1069 591 1116 652 isti
1129 600 1234 654 conus

133 688 165 748 id
178 685 406 768 reprehendunt,
418 685 498 766 quod
521 686 586 748 illes
608 707 655 748 res
677 690 708 748 in
730 687 837 770 quibus
854 685 971 748 errastis
983 704 1061 746 nunc
1074 703 1232 766 prerogare

133 779 235 852 vultis,
248 787 337 858 atque
356 777 551 858 imposturam.
564 779 755 842 valentiorem
776 789 908 860 oportere
921 797 986 840 esse
1005 776 1175 841 existiment
1194 796 1235 838 ee

133 891 203 954 ques
215 890 299 932 more
307 869 510 932 intercedente
527 871 568 932 fit.
573 872 756 951 probatione.
797 870 877 940 Quid
890 880 988 934 antem
1000 870 1041 931 illi
1052 869 1233 952 propositum

133 965 275 1036 habeant
288 972 421 1024 restrum
433 963 521 1024 etiam
533 964 663 1046 plerique
676 966 801 1031 sonasse
814 985 875 1026 non
893 964 1047 1044 ignorent:
1069 963 1122 1028 sed
1141 982 1235 1043 quou-

135 1054 199 1114 iem
221 1054 355 1116 dicendus
377 1055 531 1116 sententie
551 1067 681 1138 potestas
700 1058 773 1119 dete
796 1066 853 1128 est,
876 1075 912 1116 ea
931 1075 1076 1136 quemque
1104 1055 1235 1135 proferre

137 1144 235 1220 decet,
248 1165 298 1226 per
310 1165 379 1226 qum,
390 1146 509 1226 negotia
527 1147 592 1210 hnc
603 1168 692 1231 quem
702 1147 865 1213 rectissime
878 1147 1126 1210 administrentur.

585 1382 589 1390 .
613 1303 753 1366 xumu.

180 1419 268 1488 Quod
280 1419 463 1500 profuturum
477 1430 524 1482 est
536 1421 679 1484 universe
695 1424 817 1496 civitati,
831 1422 862 1486 id
882 1434 916 1486 nt
937 1434 970 1486 et
988 1422 1102 1486 dicetur
1119 1421 1157 1484 eb
1171 1441 1235 1482 om·

137 1514 227 1573 nibus
241 1532 351 1592 precor,
365 1511 574 1588 Athenienses,
589 1524 619 1578 et
631 1535 650 1575 a
661 1516 746 1577 vobis
760 1516 947 1580 decernatur.
988 1517 1054 1598 Ego
1067 1514 1185 1596 quidem
1199 1534 1236 1576 ee
1308 1515 1312 1520 ’

136 1604 249 1678 dicam,
263 1623 330 1685 quae
344 1603 500 1668 utilissime
516 1625 582 1666 esee
600 1605 682 1668 robis
695 1607 767 1668 mihi
787 1609 930 1690 persnesi,
943 1618 1056 1670 tautum
1067 1616 1204 1689 precatus
1218 1625 1238 1667 e

137 1697 236 1770 vobis,
249 1716 285 1757 ue
298 1697 344 1758 vel
364 1696 435 1758 belli
456 1697 634 1778 suscipiendi
656 1709 804 1776 unctores,
817 1711 973 1782 propteree
985 1699 1088 1780 fortes,
1105 1699 1152 1763 vel
1171 1697 1236 1761 illo-

137 1809 207 1850 rum
217 1789 408 1862 sdversarius,
421 1788 543 1870 ignavos
557 1791 660 1852 eedem
669 1793 708 1855 de
721 1813 813 1855 cause
825 1794 1007 1855 existimetis.
1039 1793 1145 1874 Neque
1158 1793 1237 1854 euim

139 1881 247 1942 eedem
269 1890 324 1950 est,
347 1881 555 1954 Athenienses,
574 1883 838 1962 probmdemmet
854 1886 1018 1946 orationum
1039 1893 1070 1944 et
1088 1883 1235 1946 notionum

139 1973 232 2034 ratio:
252 1991 330 2034 uunc
352 1973 431 2034 euim
449 1974 608 2054 prudenter
631 1975 791 2038 deliberare
820 1995 873 2038 voe
900 1977 997 2051 decet,
1019 1986 1082 2036 tum
1106 1995 1185 2050 sero,
1211 1977 1238 2036 si

137 2067 216 2128 torte
229 2063 324 2125 risum
337 2063 433 2136 luerit,
449 2064 535 2126 edere
558 2065 646 2126 tortia
667 2066 807 2130 facinore.
848 2069 894 2130 Ac
915 2078 1013 2129 vestre
1034 2066 1153 2147 quidem
1177 2067 1237 2128 ale·

113 2209 119 2220 .
138 2157 229 2218 critas
242 2155 386 2236 quantivis
400 2157 484 2238 pretii
498 2176 534 2218 ec
554 2156 621 2218 telis
642 2157 735 2232 edent,
750 2159 866 2240 quslem
880 2160 1026 2241 exopterit
1036 2161 1062 2220 is
1076 2160 1125 2240 qui
1142 2157 1239 2239 reipu-

139 2251 226 2312 blicae
247 2251 415 2311 consultum
436 2250 524 2312 uelit:
547 2271 613 2331 qure
636 2263 746 2332 quanto
768 2253 967 2315 vehementior
985 2262 1031 2314 eet
1052 2261 1140 2332 atque
1162 2271 1238 2331 proe·

140 2342 257 2416 clarior,
270 2353 351 2403 tauto
365 2343 459 2422 magis
475 2341 700 2423 providendum,
713 2356 749 2406 ut
761 2365 798 2406 ee
810 2354 973 2427 opportune
986 2344 1120 2407 utemini.
1162 2343 1238 2404 Nul-

139 2436 199 2497 lius
220 2435 298 2496 enim
311 2433 353 2495 rei
367 2436 516 2517 susceptio
529 2433 675 2511 laudetur,
689 2437 746 2499 uisi
767 2437 855 2514 finem
878 2437 967 2499 etiem
988 2437 1090 2499 utilem
1102 2436 1240 2498 sortietur

139 2539 171 2591 et
184 2530 360 2591 honestum·
393 2528 458 2609 Ego
475 2547 556 2599 vero,
570 2528 777 2605 Athenienses,
791 2530 871 2611 apud
883 2551 936 2593 vos
950 2552 966 2591 e
979 2532 1042 2593 viro
1055 2550 1103 2590 me
1121 2531 1240 2592 audisse

140 2621 270 2696 memini,
282 2622 401 2701 quiuec
414 2620 570 2703 prudentie
583 2642 682 2685 carere
701 2644 756 2685 nec
774 2624 925 2706 imperitus
938 2624 980 2685 rei
1003 2623 1135 2685 militetis
1146 2624 1240 2685 habe·

142 2724 233 2787 retur,
243 2714 418 2795 Iphicraten
432 2713 508 2785 dico,
518 2713 569 2795 qui
580 2714 623 2775 sie
637 2726 790 2791 assereret,
798 2717 967 2800 adeundum
979 2737 1047 2781 esse
1057 2715 1125 2777 duci
1139 2716 1241 2777 disesi-

142 2828 210 2869 meu
223 2807 303 2880 belli,
316 2827 375 2868 non
390 2818 424 2867 ut
435 2806 481 2891 vel
494 2808 559 2869 hese
573 2808 620 2869 vel
635 2808 686 2870 ille
698 2812 858 2884 evenirent,
877 2812 930 2872 sed
950 2822 983 2871 ut
1000 2810 1085 2871 hoee:
1105 2809 1150 2871 his
1163 2809 1240 2870 enim

141 2900 238 2962 verbis
260 2901 406 2962 utebatur.
448 2899 549 2961 Facile
568 2911 666 2963 eutem
685 2903 915 2982 intelligebatur,
936 2904 992 2964 hoc
1010 2924 1078 2964 eum
1098 2901 1184 2976 velle,
1207 2911 1242 2961 ut

131 2985 219 3057 ¹bene
237 3003 392 3074 pugnaret.
434 2993 579 3074 Suscepto
600 2984 688 3074 igitur
712 2994 909 3075 expeditione,
924 2996 960 3069 is,
973 2994 1004 3055 in
1024 3013 1112 3074 quem
1133 2992 1243 3053 collata
1320 2984 1327 3031 Γ

142 3098 191 3149 eet
203 3086 314 3167 imperii
328 3084 496 3157 auctoritas,
512 3104 566 3146 suo
581 3104 634 3146 ros
653 3088 791 3148 arbitratu
813 3083 913 3147 ducit:
934 3106 1013 3146 nuuc
1031 3105 1100 3146 vero
1117 3084 1241 3164 quisque

141 3188 271 3243 vestrum
283 3178 354 3238 belli
368 3178 459 3241 duces
474 3178 556 3239 estis.
597 3177 701 3257 Itaque
710 3178 881 3257 hujusmodi
889 3177 1012 3239 consiliu
1021 3177 1102 3236 vobis
1112 3175 1242 3235 ineunda

142 3282 222 3346 sunt,
234 3290 302 3350 que
314 3271 351 3333 ab
365 3271 443 3331 omui
457 3279 539 3350 parte
558 3270 728 3331 conducent
742 3270 934 3350 Reipublicae,
949 3289 1046 3349 neque
1058 3267 1241 3329 committeu-

142 3366 214 3427 dnm
238 3375 271 3424 ut
295 3374 413 3445 propter
432 3364 559 3425 incertas
574 3382 642 3443 spes
656 3364 813 3443 quicquam
831 3363 880 3423 isti
899 3361 1031 3424 felicitati
1045 3358 1241 3442 periculosum

142 3456 315 3519 admittetis.

639 3560 747 3623 XLIX.

184 3668 340 3731 Neminem
353 3669 416 3729 iore
436 3669 588 3749 putebsm,
603 3668 809 3740 Athenienses,
827 3666 878 3746 qui
899 3666 974 3727 actis
993 3664 1055 3725 suis
1075 3665 1167 3727 fretus
1181 3665 1243 3726 eui-

141 3771 233 3843 quem
246 3761 421 3829 irasceretur
434 3760 465 3820 iu
480 3779 516 3820 ee
536 3759 703 3840 inquirenti.
747 3760 814 3827 Quo
836 3758 914 3819 enim
937 3757 990 3817 ille
1011 3757 1119 3838 sepius
1140 3758 1244 3837 explo-

141 3864 256 3929 rentur,
269 3874 304 3915 eo
317 3852 427 3933 majore
441 3871 564 3913 neeesse
578 3862 625 3913 est
638 3862 774 3915 suctores
793 3850 910 3911 illorum
926 3850 1030 3911 florere
1054 3849 1156 3930 glorie.
1184 3852 1245 3910 Ve-

141 3966 210 4011 rum
223 3946 279 4026 ipsi
292 3945 362 4007 mihi
383 3945 482 4026 pelam
505 3945 602 4006 iecere
619 3946 766 4016 videntur,
787 3964 820 4004 se
834 3940 1111 4004 res-administrasse
1130 3962 1189 4003 nou
1202 3962 1247 4003 ert

142 4039 277 4101 utilitate
293 4038 486 4118 Reipublicoe.
528 4037 586 4107 Qui
598 4036 697 4117 igitur,
709 4056 775 4098 eum
790 4036 828 4096 de
842 4036 956 4117 integro
969 4037 1042 4097 ratio
1056 4036 1244 4098 consiliorum

143 4142 336 4210 actorumque
349 4128 501 4191 reddenda
515 4140 571 4203 est,
587 4149 642 4191 sua
655 4132 787 4191 facinore
800 4128 1013 4209 deprehensum
1027 4129 1061 4187 iri
1073 4126 1250 4207 prevident,

143 4224 375 4304 tergiversantur
388 4233 419 4281 et
432 4241 487 4281 nos
510 4221 631 4301 indigue
648 4224 745 4283 lacere
768 4222 883 4285 dicunt.
922 4219 1025 4300 Atqui,
1038 4220 1064 4278 si
1076 4238 1127 4277 eos
1145 4218 1195 4298 qui
1213 4220 1244 4279 iu
1341 4297 1347 4303 ι

143 4328 214 4379 acte
225 4325 330 4377 vestre
339 4314 488 4393 inquirunt
499 4314 658 4394 iniquitatis
672 4316 828 4390 accusetis,
841 4315 912 4396 quid
922 4313 1039 4375 taudem
1050 4330 1106 4375 nos
1116 4312 1154 4373 de
1163 4313 1251 4386 vobis

110 4493 113 4497 Ι
143 4408 344 4488 dicemusqui
358 4426 413 4503 nos
426 4406 482 4487 ipsi
493 4406 670 4487 decepistis?
