2967 4950
325 395 342 419 ,y
410 325 597 412 comni
618 327 906 431 mulacrum(
1153 331 1189 390 n

93 485 337 549 hortatos'esset:
356 484 546 565 perlorato
571 485 726 548 calculo
747 502 849 546 snam
871 485 1105 546 'sententiam
1128 483 1192 548 de-

94 578 210 638 claret
233 576 264 636 is
286 577 342 636 cui
369 570 517 638 videtur
544 589 706 640 scortum
737 579 864 658 egisse
893 571 1115 650 Timarchus,
1141 578 1192 636 in·
1234 611 1237 614 ·

93 681 195 750 tegra
222 680 342 728 autem
365 670 426 729 cui
452 687 547 730 non:
571 671 711 748 quidnam
735 665 999 750 pronunciassetisi
1018 665 1101 748 *satis
1120 670 1193 742 scio,

93 779 146 820 ros
159 759 240 819 illum
260 760 352 821 luisse
365 761 623 822 condemnaturus.
661 761 788 828 Quodsi
806 779 854 820 me
869 762 933 841 qais
950 769 1078 821 vestrum
1097 769 1193 839 roget,

28 879 29 882 ¹
94 853 169 912 unde
183 871 240 931 ego
253 853 344 912 sciant
366 863 463 912 utrum
476 871 530 912 vos
551 853 639 912 istum
653 853 875 914 condemnaturi
896 848 1192 924 fueritisiDixerim,
1229 905 1234 921 Χ

94 945 217 1022 cnqrrod
229 945 316 1004 libere
327 961 442 1004 mecum
453 945 580 1022 egeritis,
591 965 625 1004 ac
640 939 852 1005 disserueritis:
872 946 992 1024 quando
1005 945 1098 1007 stubi
1111 946 1194 1024 quis·-
1291 996 1295 1002 .

94 1036 193 1114 quaid
207 1035 318 1106 iecerit,
331 1057 390 1114 ego
406 1051 458 1096 vos
471 1031 746 1102 commonefaciam.
771 1037 855 1096 -Curn
876 1039 933 1098 istc
953 1037 1032 1115 apud
1050 1038 1206 1123 populum¹

94 1121 267 1206 suggestum
278 1123 514 1188 conscendisset:
537 1129 617 1200 item,
629 1147 699 1188 cum
714 1139 835 1188 serimus
849 1124 1091 1207 annosuperiore
1104 1129 1195 1188 hehe·

94 1229 191 1279 retur:
213 1215 364 1297 proetarea,
383 1239 449 1280 cum
467 1215 645 1280 mentionem
663 1221 786 1281 fecisset
807 1222 945 1280 moenium
963 1221 1194 1294 reficiendorum,

95 1322 145 1371 sat
154 1312 242 1384 turris
252 1307 271 1371 τ’
281 1323 334 1372 aut
344 1322 377 1371 ut
387 1311 491 1391 aliquis
503 1312 639 1391 quopiam
650 1313 857 1386 abduceretur,
867 1331 934 1372 cum
944 1311 1079 1370 dixisset:
1094 1313 1193 1370 statim

94 1401 244 1474 ridebatis,
260 1413 291 1462 et
303 1403 484 1472 clamabatis,
499 1415 531 1464 et
540 1404 593 1484 ipsi
607 1403 748 1464 dicebatis
762 1405 938 1485 cognomina
951 1397 1194 1482 :erumpnarum

95 1495 121 1554 ei
134 1495 210 1554 estis
226 1493 348 1554 conscii.
379 1495 425 1555 Ac
444 1495 537 1556 multa
557 1487 675 1574 quidem
695 1505 795 1556 vetera
813 1497 965 1556 omittam:
986 1514 1054 1573 quae
1071 1514 1143 1554 vero
1162 1495 1194 1553 in

93 1587 160 1666 ipsa
174 1586 318 1646 concione
331 1597 399 1646 acta
412 1596 492 1659 sunt,
504 1603 580 1646 cum·
587 1605 644 1664 ego
662 1587 819 1647 Timarcho
838 1587 981 1667 judicium
1003 1585 1061 1646 hoc
1081 1587 1195 1646 denun-

93 1680 179 1751 ciari,
197 1680 233 1736 e's
246 1675 327 1738 vobis
341 1679 371 1736 in
389 1679 555 1738 memoriam
569 1679 725 1739 revocabo.
748 1678 826 1737 Nam
840 1697 907 1737 cum
929 1689 1048 1738 senatos
1062 1679 1208 1757 Areopa·x

94 1770 201 1848 giticus
213 1770 355 1848 populum
374 1789 412 1828 ex
432 1767 516 1830 istius
534 1769 654 1830 decreto
668 1771 832 1843 accederet,
853 1770 934 1848 quod
952 1771 1009 1830 iste
1028 1772 1138 1832 fecerat
1157 1769 1195 1830 de
1273 1778 1278 1788 “

94 1862 249 1922 domiciliis
268 1863 305 1920 in
326 1862 446 1942 Pnyce:
468 1863 629 1924 orationem
646 1862 764 1922 nomine
786 1863 906 1922 senatus
920 1861 1122 1940 Areopagitici
1142 1863 1196 1922 ha·

94 1955 184 2014 bebat
205 1955 390 2034 Autolycus:
413 1955 473 2034 qui,
487 1956 529 2015 ita
549 1974 597 2014 me
617 1954 660 2014 dii
675 1963 784 2026 ament,
797 1957 873 2014 bene
893 1955 1077 2032 honesteque
1095 1964 1126 2014 et
1144 1974 1199 2033 pro

95 2047 159 2127 ejas
182 2047 301 2107 concilii
319 2045 461 2126 dignitate
481 2047 608 2108 vixerat:
631 2048 685 2106 sed
706 2049 756 2106 ubi
777 2047 897 2107 tandem
915 2047 947 2104 in
970 2046 1113 2106 orationis
1129 2066 1198 2126 pro·

96 2158 202 2217 gressu
230 2138 313 2208 dixit,
335 2148 469 2198 senatum
490 2139 638 2199 Timarchi
657 2141 832 2199 sententiam
856 2139 893 2198 de
915 2131 1073 2198 solitudine
1091 2138 1148 2197 hac
1168 2149 1200 2198 et

95 2232 164 2290 loco
180 2231 211 2289 in
224 2229 327 2310 Pnyce
339 2231 524 2310 improbare:
545 2231 582 2292 ne
595 2231 750 2304 miremini,
767 2229 872 2310 inquit,
890 2231 1097 2302 Athenienses,
1109 2230 1137 2290 si
1146 2231 1199 2290 Ti·

64 2336 71 2350 ⁴
95 2319 237 2381 marchas
260 2319 365 2400 peritia
388 2331 521 2381 senatum
537 2331 674 2400 superet:
697 2323 736 2382 ibi
755 2322 964 2400 vos‘plausum
988 2320 1148 2400 excitastis,
1169 2331 1201 2382 et

96 2409 279 2494 Autolycum
290 2431 359 2474 vera
371 2415 451 2494 loqui
464 2414 595 2483 dixistis:
618 2433 683 2475 esse
696 2414 775 2472 enim
789 2414 1003 2475 eumlocorum
1017 2415 1132 2474 illorum
1145 2434 1199 2495 pe·

93 2509 195 2567 ritum.
217 2502 379 2586 Autolycus
393 2518 491 2567 autem
505 2507 611 2585 plausu
621 2508 721 2565 vestro
735 2524 795 2565 non
805 2506 967 2579 intellecto,
980 2527 1084 2568 severo
1097 2507 1200 2567 admo·

94 2600 170 2661 dum
179 2599 263 2659 vultu
272 2608 341 2677 post
352 2599 534 2658 intervallum
549 2598 640 2658 dixit:
654 2616 711 2657 nos
719 2598 917 2677 Areopagitae,
929 2596 1138 2673 Athenienses,
1150 2600 1202 2659 'l'i-

94 2690 249 2752 marchum
259 2708 315 2750 nec
327 2704 512 2763 accusemus,
522 2708 578 2750 nec
591 2689 925 2771 defendimus‚-ncque
936 2692 1014 2750 enim
1028 2692 1155 2770 patrium
1169 2693 1201 2752 id

93 2784 182 2843 nobis
193 2791 290 2855 est-‚
300 2782 354 2841 sed
366 2782 443 2841 hanc
456 2780 571 2843 veniam
584 2782 738 2841 Timarcho
753 2782 868 2842 damus.
889 2781 969 2842 'lum‘
980 2783 1046 2855 iste,
1057 2777 1213 2859 fortassis,
1234 2846 1239 2851 ,

94 2876 205 2954 inquit,
217 2874 333 2953 putavit
345 2874 376 2933 in
395 2872 582 2933 hoc‘silentio
602 2894 725 2952 parrum
742 2893 762 2933 a
783 2884 916 2934 nostrum
929 2894 1108 2953 unoquoque
1120 2895 1203 2935 sum·

93 2978 181 3049 ptum
199 2966 271 3026 fieri.
295 2967 411 3027 Rursus
426 2967 464 3027 ob
479 2966 625 3026 silentium
639 2978 670 3025 et
682 2986 805 3044 parvum
819 2976 983 3045 sumptum,
995 2967 1089 3046 major
1105 2977 1204 3030 vester

92 3079 166 3120 cum
188 3058 304 3138 excepit
316 3078 383 3119 cum
392 3058 605 3138 risuplausus.
648 3058 689 3117 Ut
705 3078 772 3116 vero
792 3058 970 3117 mentionem
983 3058 1203 3133 fecitareamm

93 3164 127 3215 et
140 3151 300 3223 canalium,
311 3148 372 3211 risu¹
385 3143 459 3231 peine
474 3151 598 3211 emortui
611 3150 691 3211 estis.
705 3151 757 3210 'lbi
773 3151 959 3229 Pymhandcr
972 3150 1070 3230 prodit
1083 3170 1135 3209 vos
1149 3149 1203 3209 nb·

88 3246 287 3327 jurgaturus:
309 3240 340 3303 et
352 3239 602 3322 rog‘atpopulum,
613 3262 651 3301 an
671 3243 730 3302 non
742 3243 871 3323 puderet
890 3242 982 3303 ridere
996 3252 1143 3321 praesente
1156 3260 1206 3306 se·

94 3348 174 3397 natu
186 3334 406 3414 Areopagitica
436 3335 498 3396 Vos
512 3344 611 3395 autem
624 3334 779 3413 repudiato
791 3354 828 3395 eo
842 3334 1057 3413 respondistis:
1083 3334 1205 3405 scimus,

94 3427 298 3509 Byrrhander,
313 3445 412 3487 coram
425 3426 472 3486 his
486 3446 547 3487 non
568 3446 633 3489 esse
648 3416 803 3485 ridendum
812 3447 820 3486 :
829 3425 895 3487 sed
909 3446 954 3485 res
967 3427 1044 3485 adeo
1062 3426 1147 3486 fortis
1159 3436 1206 3487 est

93 3521 220 3592 veritas,
239 3530 273 3579 ut
290 3538 394 3579 omnes
406 3520 549 3579 humanas
572 3520 766 3599 cogitationes
784 3520 893 3581 vincat.
921 3520 990 3580 Hoc
1003 3538 1061 3597 ego
1072 3521 1207 3579 testimo·

93 3612 181 3673 nium
192 3610 276 3671 vobis
285 3612 353 3671 'esse
362 3611 538 3691 perhibitum
546 3611 680 3687 existimo
692 3631 710 3671 a
721 3612 832 3691 populo
842 3612 1027 3683 Atheniensi,
1034 3612 1114 3688 qnod
1125 3632 1207 3671 men·
1280 3643 1283 3649 ·

91 3702 178 3763 decii
192 3703 310 3781 coargui
325 3704 408 3763 nefas
425 3706 485 3763 est(
508 3703 679 3763 Absurdum
691 3703 779 3781 igitur
793 3704 892 3777 fuerit,
904 3703 1111 3776 Athenienses,
1124 3704 1150 3763 si
1160 3725 1209 3765 rna

91 3796 322 3869 nihil‘dieenta
342 3795 398 3874 ipsi
419 3794 607 3875 proclamatis
631 3806 865 3873 cognomentum
890 3796 1062 3867 facinorum,
1082 3817 1209 3875 quorum

89 3890 146 3953 isti
162 3888 370 3960 estis'eonscii‚
384 3908 431 3947 me
444 3908 513 3948 vero
527 3889 644 3949 dicente
659 3887 743 3947 obliti
759 3888 850 3947 estis:
870 3888 954 3965 sique
969 3885 1050 3946 nullo
1063 3888 1102 3947 de
1115 3910 1147 3949 re
1160 3890 1209 3968 ju·

89 3982 180 4046 dicio
192 3980 273 4041 facto
286 3981 497 4041 condemnatus
510 3990 596 4053 esset,
607 4000 637 4039 re
653 3998 722 4039 vero
734 3978 869 4038 convicta
881 3980 1057 4040 absolvetur.

140 4074 195 4134 17.
213 4071 373 4150 Postquam
384 4083 480 4132 autem
493 4069 839 4150 suffragiorum'memini,
848 4079 1019 4132 etactorum
1030 4068 1212 4149 Damophili,

91 4165 184 4229 aliud
203 4163 293 4225 mam
307 4164 353 4223 his
368 4165 405 4224 de
426 4166 515 4225 rebus
529 4163 698 4243 'exemplum
711 4162 869 4222 adducam.
901 4164 983 4226 ldem
997 4164 1075 4223 enim
1085 4163 1145 4228 ,hic
1167 4162 1212 4223 vir

87 4258 182 4339 prius
194 4256 283 4317 ctiam
294 4241 466 4336 hujusmodi
480 4254 749 4336 quippiam'gessit.
769 4253 1030 4335 Conquestusflest,
1045 4275 1110 4317 esse
1122 4275 1213 4334 quos·

87 4346 1213 4428 darnquiinstituerentcmrumperecondonemceteraquejudicia,quem·

88 4440 267 4521 admodum
279 4442 368 4503 etiam
383 4460 463 4501 nnnc
477 4439 686 4523 Nicostratus:
707 4447 739 4499 et
751 4437 851 4500 hisde
860 4438 1215 4530 sebnsjudiciaqnosdnm

626 4530 682 4589 'u
