2967 4950
502 312 545 373 ru
570 313 828 412 srnrunrtuu
850 316 874 375 1.
1176 313 1232 374 en
1270 268 1272 270 ’

135 471 191 538 sed
206 482 281 533 etex
292 472 370 533 illius
381 473 467 534 factis
480 473 531 552 qui
541 492 608 533 enm
620 472 798 546 sabomavit,
811 490 878 551 qnae
896 469 947 531 ille
959 468 1061 530 feeerit
1073 468 1141 531 volo
1153 468 1237 531 vobis

23 626 25 637 ,
139 564 304 647 explicare:
326 564 407 644 quod
429 584 498 627 vero
519 565 601 627 initio
617 564 677 627 dixi
694 562 843 635 emtionis,
854 562 1021 638 ostendam,
1034 581 1085 623 eos
1099 582 1118 623 a
1130 572 1238 625 semet·

138 658 208 743 ipsis
223 658 368 721 accusari.
795 728 799 733 .
1230 682 1234 688 ·

179 754 227 810 ll.
241 750 363 811 Actioni
376 754 460 823 mear,
474 752 577 831 inqua
596 752 653 811 ista
666 750 833 811 testimonia
845 750 926 809 dicta
940 757 1018 818 snut,
1032 748 1237 829 exceptionem

136 842 276 923 opposuit
288 832 437 914 Phormio,
452 843 490 902 dc
514 863 574 903 non
598 842 698 903 danda
721 842 793 901 milri
815 842 944 913 actione,
959 833 1040 921 ¹quod
1060 860 1117 921 ego
1136 859 1238 900 secum

23 998 24 1023 ἒ
136 934 368 997 controversiam
383 927 602 1015 trnhsegissem.
645 932 861 1013 ldantemegn
874 934 1059 994 mendacium
1077 952 1143 993 esse
1161 932 1241 1003 scio,¹

138 1031 171 1087 et
184 1042 351 1107 coarguam,
366 1043 433 1087 cum
447 1026 544 1089 ineos
557 1037 653 1089 testes·-
669 1044 758 1107 egero
779 1026 829 1107 qni
852 1023 903 1087 illa
923 1021 1076 1087 dixerunt:
1097 1026 1153 1087 iste
1165 1043 1237 1087 vero
1252 1060 1255 1064 ›

138 1120 199 1183 hoc
211 1120 304 1179 didere
314 1133 377 1182 non
391 1129 497 1200 potest.
531 1120 619 1189 Quod
635 1122 660 1187 si
673 1138 773 1181 veram
786 1138 853 1180 csse
866 1115 983 1180 creditis
995 1120 1237 1200 transactionem,

139 1216 181 1275 sie
193 1214 248 1275 iste
256 1215 321 1275 falsi
331 1214 489 1275 testimonii
499 1214 546 1274 vel
556 1214 683 1276 manime
693 1213 894 1287 convincatur,
904 1222 935 1273 et
944 1207 1135 1275 commentitii
1140 1206 1238 1273 testa*

136 1307 228 1369 menti
250 1298 453 1367 fuisset'estis,
508 1304 581 1373 Quis
600 1307 679 1367 enirn
700 1307 742 1367 itu
762 1316 809 1366 est
827 1318 930 1367 umens
944 1314 1091 1366 uteorum
1111 1305 1237 1366 testibus

136 1399 280 1479 transigat
292 1410 426 1479 quarata
440 1399 495 1459 sibi
510 1398 548 1459 sit
561 1400 733 1461 transactio:
755 1398 914 1479 pactiones·
922 1407 1020 1459 numm
1031 1408 1063 1458 et
1075 1390 1237 1458 testamcnss
1280 1467 1282 1470 ¹

135 1501 166 1551 ta
177 1501 209 1551 et
223 1492 351 1571 relique,
363 1486 401 1553 de
415 1492 521 1571 quibus
535 1492 689 1572 transegit,
702 1484 859 1572 obsignata
871 1486 1023 1553 contrane
1031 1492 1132 1571 jacere
1142 1490 1238 1555 sinoti

136 1584 263 1645 Proinde
281 1584 428 1645 contraria
448 1594 495 1645 est
509 1585 643 1649 omnibus
667 1584 754 1647 dictis
775 1586 898 1646 testium
913 1585 1064 1665 exceptio:
1090 1584 1238 1645 contraria

135 1676 317 1757 item,=quam
329 1676 413 1738 robis
436 1677 525 1743 uodo
542 1678 663 1742 recitati
682 1677 872 1748 locationem,
885 1686 1064 1738 testamento
1077 1676 1140 1737 illi:
1165 1676 1238 1737 nihil

136 1770 260 1851 denique
269 1780 368 1835 uotum
381 1781 428 1831 est
437 1770 517 1849 quod
526 1770 571 1831 vel
580 1770 786 1853 probabile-vel
798 1762 922 1849 simplex
930 1770 980 1831 vel
992 1762 1089 1851 ipsum
1097 1769 1154 1830 sibi
1164 1788 1238 1830 con·

136 1874 307 1925 senteneurn
320 1863 371 1933 sits
386 1863 441 1928 sed
449 1862 507 1927 hoe
520 1873 607 1943 pacto
620 1863 819 1925 commentitia
828 1871 862 1923 et
872 1853 1000 1924 conficta
1012 1877 1049 1923 ea
1062 1878 1127 1923 esse
1140 1863 1239 1922 omnia·

136 1950 327 2039 reperiuntur.
853 1949 879 1971 ³

177 2051 225 2109 12.
242 2048 352 2115 Verum
372 2046 462 2127 igitur
481 2064 545 2107 esse
569 2046 781 2117 testimonium,
795 2064 893 2125 neque
913 2046 1001 2105 istum
1020 2046 1126 2124 ipsum,
1139 2064 1238 2125 neque

136 2142 220 2203 ulium
235 2142 302 2221 ejus
313 2150 468 2222 patronum
483 2140 637 2201 ostendere
650 2153 742 2219 posse
752 2138 887 2200 existimo
893 2158 908 2201 :-
916 2139 972 2199 sad
985 2139 1076 2199 telem
1086 2137 1237 2218 quondm

136 2234 413 2297 defensionem-osse
426 2232 597 2293 meditatum
610 2233 708 2306 audio,
720 2251 753 2294 se
766 2233 979 2314 provocationis
992 2249 1057 2295 esse
1070 2252 1163 2305 reum,
1177 2248 1240 2293 norr

136 2326 305 2400 testimonii,
318 2337 358 2401 et,
372 2326 480 2389 adduc
491 2326 546 2387 sibl
559 2344 625 2387 esse
639 2319 889 2407 respondendum,
902 2320 1015 2387 non‘ad
1027 2326 1126 2387 omnia
1137 2326 1238 2405 capita

137 2420 342 2494 accusationis,
361 2420 486 2500 primurn
509 2437 548 2480 an
569 2413 767 2482 conditionem
790 2438 858 2481 earn
876 2419 1013 2482 Phormio
1044 2420 1114 2481 mihi
1137 2420 1239 2497 tulerit

136 2529 237 2587 necne,
251 2513 370 2585 deinde,
385 2500 484 2573 utinm
498 2529 564 2574 cem
578 2529 636 2592 ego
649 2525 708 2574 non
722 2513 892 2594 acceperim.
934 2515 982 2575 En
993 2515 1071 2575 enim
1084 2516 1110 2575 si
1126 2514 1238 2595 simpli·

136 2605 207 2666 citer
219 2623 276 2687 pro
290 2607 458 2690 testimonio
473 2603 635 2667 affirmasse
646 2607 742 2668 dicet:
765 2616 877 2668 caetera
884 2608 1017 2670 illumin
1029 2607 1238 2688 provocatione

136 2699 281 2780 posuisse,
294 2707 360 2779 quse
371 2696 480 2760 verane
493 2691 532 2760 an'
546 2699 622 2760 falsa
636 2699 703 2774 sint,
717 2719 773 2760 sus
782 2699 855 2762 nihil
868 2700 1020 2763 interesse.
1064 2696 1066 2699 ’

178 2795 227 2854 13.
251 2792 402 2854 Aduersus
422 2792 512 2873 igitur
531 2810 597 2854 sem
616 2792 779 2854 orationem
801 2791 1073 2874 etimpudentiam,
1094 2794 1237 2874 optimum

138 2895 184 2946 cst
203 2884 309 2966 puueis
330 2903 385 2945 uos
400 2885 585 2965 proemoneri,
604 2903 644 2944 ne
661 2883 858 2965 decipiamini.
899 2880 1030 2949 Primum
1048 2885 1148 2965 igitur,
1167 2900 1237 2946 cum

137 2975 236 3037 dicere
256 2975 424 3050 instiuserit,
446 2985 479 3036 se¹
499 2994 559 3037 non
574 2971 704 3036 omnium
727 2991 794 3038 esse
814 2973 908 3050 reum,
924 2975 1071 3057 cogitate,
1086 2977 1152 3058 lege
1168 2991 1237 3058 pro·

139 3079 243 3148 pterea
265 3078 383 3129 centurn
396 3081 469 3136 esse·
479 3067 728 3136 utustimonium
746 3069 854 3131 tabulis
871 3068 1088 3144 inscriberetur,
1101 3077 1143 3131 nc'
1154 3072 1237 3150 quic·

140 3179 229 3239 quam
242 3159 354 3242 seriptis
367 3160 414 3221 vel
428 3157 498 3221 addi
511 3161 557 3222 rel
570 3157 684 3224 detrahi
697 3171 809 3242 posset,
843 3161 923 3224 Tum
935 3161 1029 3243 igitur
1038 3183 1075 3224 ea
1086 3163 1178 3223 deleri
1185 3163 1240 3243 ju·¹

137 3251 208 3316 bere
222 3254 332 3328 debuit,
342 3251 410 3336 qum
420 3273 453 3316 se
465 3273 544 3316 nunc
558 3255 667 3318 dixisse
678 3267 851 3337 negatn'on
861 3267 1116 3338 nnnc,postquam
1124 3259 1237 3330 insunt,

137 3347 329 3428 impudenter·
342 3347 467 3412 mentiri.
507 3347 625 3409 Deinde
648 3348 721 3408 illud
734 3349 823 3410 etiarn
841 3350 1022 3430 perpendite,
1037 3350 1170 3430 nunquid
1190 3370 1238 3412 me
1323 3378 1327 3384 ·
1354 3364 1356 3367 ·

138 3451 259 3523 arrepta,
266 3437 378 3508 tsbslla
389 3439 549 3522 quidquam
560 3441 726 3504 adscribere
737 3443 919 3523 pateremini.
948 3443 1018 3504 Non
1032 3444 1141 3524 utique.
1163 3443 1238 3506 Pro·¹

138 3534 208 3594 inde
220 3549 282 3596 nee
291 3533 389 3595 istiut
400 3533 502 3596 deleat
514 3535 670 3614 quiequam
682 3557 699 3598 e
711 3536 1073 3618 scriptlspermittcndunr
1085 3546 1150 3597 est:
1171 3538 1238 3616 quis

139 3628 216 3687 enim
225 3623 356 3707 uuquam
365 3627 434 3690 falsi
441 3627 600 3690 testimonii
610 3629 812 3702 convincetur,
822 3629 850 3690 si
862 3639 894 3690 et
905 3630 1060 3691 testabitur
1068 3631 1238 3709 qusevolet,

139 3730 171 3780 et
182 3735 306 3802 quorum
324 3722 444 3782 libitum·
457 3718 513 3786 c'rit
525 3723 668 3786 rationem
682 3723 803 3786 reddent
841 3717 977 3784 'sednon
990 3725 1034 3784 its
1049 3723 1176 3784 buscvil
1193 3724 1239 3784 di-

138 3813 246 3876 stincta
264 3813 333 3894 lege
349 3825 428 3891 sunt,
441 3815 490 3876 vel
507 3815 656 3876 audienda
669 3817 771 3878 robis:
791 3817 846 3877 sed
859 3817 932 3877 illud
944 3817 1069 3897 simplex
1082 3827 1113 3878 et
1125 3809 1239 3878 rectum

138 3919 195 3979 eat,
230 3907 323 3988 quid
357 3909 549 3988 scripturn
581 3907 665 3970 esti
706 3902 1013 3989 quid-testatus
1048 3909 1113 3970 e'sl
1155 3910 1239 3970 hoee

92 4016 96 4024 ·
139 4017 230 4062 esse
255 3997 350 4062 vera
378 4001 560 4062 ostende.
604 3999 681 4062 Nam
701 4001 781 4061 litem
804 4001 847 4061 ita
869 4011 1052 4062 contestatus
1074 4021 1118 4076 es,
1145 4019 1239 4061 vera

49 4131 52 4137 -
140 4091 223 4154 suin
258 4091 459 4168 testatus,
485 4103 665 4155 testatus
701 4110 746 4155 ea
781 4108 868 4174 qum
904 4106 999 4156 sunt
1028 4096 1068 4155 in
1096 4093 1252 4159 tabula,
1298 4166 1303 4183 ,
1357 4158 1359 4163 ,
1428 4075 1433 4082 ’

140 4185 310 4266 scripta,
332 4185 406 4246 non
427 4185 551 4261 illud,
578 4186 639 4246 vel
671 4186 792 4261 illud,
818 4186 859 4246 in
890 4188 1041 4248 tabula.
1083 4187 1239 4274 Utaute'm

139 4277 204 4340 hese
215 4278 257 4340 ita*
269 4301 302 4342 se
314 4279 422 4340 hahere
432 4290 557 4354 constet,
571 4291 643 4361 cape
653 4279 748 4360 ipsam
761 4279 821 4340 litis
829 4275 1084 4341 contestationem.
1094 4276 1221 4366 limita.
1235 4311 1241 4320 ·
1351 4359 1353 4365 Ι

617 4491 761 4592 '411
