2967 4950
258 329 315 400 tta
568 331 1048 400 Exouurncouclortum

256 491 360 554 tientm
387 485 571 554 concordius
591 491 857 573 deliberetis—quo
873 492 930 552 'ad'
948 490 1119 571 presentie
1131 485 1253 567 negotia
1284 485 1354 547 nihil

255 585 361 646 cadere
380 594 470 666 queat
490 587 670 665 optatius-,
688 584 804 659 aut;·si-
816 603 920 646 suaaor
943 603 1026 644 suam
1045 579 1218 642 sententiam
1232 578 1356 660 probare

256 676 336 738 haud
359 678 478 758 poterit,
500 679 625 739 decretis
648 678 752 739 vestris
775 675 958 738 constantius
979 673 1153 735 innitemini.
1207 671 1357 731 Praeterea

257 791 316 832 non
329 774 409 832 bona
422 772 526 831 subest
549 771 688 851 suspicio,
702 771 801 832 venire
816 769 854 828 in'
862 769 1047 842 concionem,
1059 765 1146 846 quasi
1166 787 1205 828 ex
1220 766 1269 826 his
1290 785 1357 844 quae

257 863 518 943 ditentur'optima
543 865 603 923 sint
622 862 778 942 eligenda-z
799 872 910 922 tament
920 861 1085 933 ostendere,
1098 858 1270 941 priusquam
1293 869 1357 918 ora-

255 958 367 1015 tionum
381 956 512 1016 delectus
526 956 573 1014 sit·
581 955 709 1028 habitus,
720 955 914 1033 vosmetipsos
928 952 1038 1033 aliquid
1051 957 1223 1033 persuasum
1236 950 1356 1022 habere,

256 1049 344 1127 idque
352 1054 417 1109 'tam
431 1037 629 1129 pertinaciter,
644 1058 678 1108 ut
698 1059 805 1127 preter
827 1047 869 1107 id·
880 1067 923 1107 ne
939 1045 1042 1106 audire
1057 1045 1178 1124 quidem
1195 1043 1358 1122 quicquam

257 1143 362 1206 velitis.

751 1269 859 1330 XLVI.

229 1451 234 1466 ¹
298 1379 441 1440 Fortassis
476 1377 670 1458 importunus,
697 1375 902 1448 Athenienses,
934 1374 1111 1454 qudrusdam
1137 1385 1268 1435 vestrum
1295 1394 1358 1434 esse

255 1471 367 1544 videor,
381 1471 430 1550 qui
456 1489 535 1550 saepe
558 1479 588 1528 et
608 1469 728 1547 quidem
751 1467 856 1528 iisdem
878 1478 1019 1548 perpetuo
1039 1468 1183 1529 derebus
1202 1461 1294 1527 veiha
1314 1467 1356 1526 ia-

257 1563 349 1624 ciam:
371 1581 482 1642 rerum,
508 1561 533 1620 si
555 1579 616 1619 rern
642 1570 720 1620 recte
745 1559 947 1634 consideretis,
966 1579 1026 1618 non
1051 1579 1099 1619 me
1125 1560 1270 1640 inculpa
1294 1579 1358 1618 esse

256 1654 404 1726 videbitis,
419 1652 473 1714 sed
495 1671 545 1715 eos
568 1652 618 1731 qui
632 1651 735 1712 vestris
760 1653 886 1714 decretis
913 1673 973 1712 non
998 1653 1216 1732 obtemperant?
1254 1642 1321 1722 Qui'
1334 1653 1358 1712 si
1454 1708 1455 1725 ,

256 1745 382 1826 primum
395 1745 536 1806 fecissent
549 1763 617 1822 quae
630 1763 682 1804 ros
697 1743 838 1825 jussistis,
859 1745 931 1805 nihii
945 1746 1143 1807 secundo‘nos
1157 1747 1248 1808 verba
1260 1747 1358 1807 facere

257 1835 364 1898 fuisset
381 1857 466 1918 opus,
488 1857 584 1918 neque
607 1837 631 1898 si
659 1837 800 1911 secundo,
826 1838 944 1899 denuo:
975 1858 1065 1912 nunc,
1085 1859 1144 1920 quo
1172 1838 1281 1919 sapius
1305 1860 1357 1900 ros

257 1949 293 1990 ea
307 1950 373 2010 quta
392 1931 452 1992 fieri
466 1930 576 1990 debent
591 1931 811 2012 promulgastis,
824 1950 861 1990 eo
883 1930 954 1990 mihi
965 1931 1103 1992 ridentur
1124 1932 1167 1991 illi
1180 1933 1278 1991 minus
1293 1950 1358 1992 esse

255 2027 351 2104 parati
377 2025 415 2086 ad
439 2023 618 2086 iaciendum.
668 2025 714 2084 Ac
736 2024 817 2104 prius
851 2025 1024 2105 ignorabam
1050 2025 1186 2104 equidem
1216 2043 1357 2104 quorsum

257 2117 368 2178 dictum
395 2117 779 2196 illud,⁴magistratus
806 2116 935 2177 virum
961 2116 1161 2202 ostendit,
1180 2116 1356 2197 pertineret:

246 2231 337 2272 -nunc
350 2230 419 2271 vero
433 2209 464 2269 id
483 2208 553 2268 alios
566 2209 652 2269 etiam
672 2228 761 2290 posse
785 2208 891 2270 docere
907 2209 1017 2269 videor.
1060 2209 1255 2289 Magistratus
1269 2210 1356 2282 enim,

257 2315 309 2364 aut
331 2313 419 2370 certe,
444 2322 481 2361 ne
505 2322 606 2362 omnes
637 2301 744 2376 dicam,
769 2301 887 2381 quidam
909 2301 1035 2374 illorum,
1060 2312 1093 2362 ut
1118 2311 1218 2362 vestra
1242 2301 1358 2362 decreta

257 2417 313 2457 nec
326 2395 438 2457 minimi
462 2395 585 2466 faciunt,
600 2393 642 2454 sic
661 2393 693 2454 id
715 2413 806 2454 unum
826 2404 962 2477 spectant
979 2394 1059 2454 unde
1077 2394 1233 2475 accipiant.
1269 2392 1356 2462 Quod

257 2492 283 2551 si
305 2488 384 2549 mihi·
397 2490 476 2549 es'set
498 2488 578 2567 qnod
601 2488 711 2562 darem,
730 2489 797 2569 jure
821 2490 858 2549 ob
880 2488 1008 2569 idipsum
1026 2509 1073 2549 me
1095 2488 1238 2569 quispiam
1260 2509 1357 2570 repre·

256 2582 408 2655 henderet,
436 2580 515 2660 quod
541 2580 702 2641 obtundere
726 2600 778 2641 vos
800 2582 884 2662 parvi
907 2591 1042 2663 sumptus
1072 2581 1166 2661 gratia
1187 2600 1248 2640 non
1273 2581 1356 2641 dubi·

258 2684 370 2735 tarem:
392 2694 472 2733 nunc
495 2673 526 2733 id
552 2674 614 2733 fleri
631 2694 691 2733 non
709 2684 817 2753 potest,
832 2673 864 2732 id
883 2675 964 2752 quod
983 2695 1040 2735 nec
1060 2662 1113 2755 ipsi
1135 2670 1285 2737 nesciunt.
1325 2674 1355 2733 Si

258 2786 327 2827 vero
336 2785 394 2847 pro
405 2767 440 2825 iis
455 2785 521 2846 quae
535 2766 617 2826 vobis
636 2765 805 2846 prestanda
818 2775 897 2840 sunt,
911 2752 958 2828 me
980 2752 1035 2827 sibi
1056 2767 1219 2828 auctarium
1241 2766 1355 2827 additu-

258 2879 322 2920 rum
336 2868 450 2939 putant,
465 2878 559 2937 nugas
575 2869 677 2937 agunt,
691 2878 725 2919 ac
740 2879 777 2919 ea
796 2857 923 2921 fortasse
934 2860 1050 2932 volunt,
1064 2881 1131 2940 qnae
1150 2848 1240 2921 etiam
1252 2880 1354 2939 exspe-

259 2961 357 3013 ctant:
380 2970 435 3031 ego
449 2970 517 3011 vero
532 2970 566 3009 ea
581 2970 641 3011 non
654 2950 772 3024 faciam,
787 2951 839 3011 sed
855 2952 999 3032 siqnidem
1014 2952 1161 3031 dederint,
1174 2953 1272 3013 navim
1290 2971 1354 3033 pro-

258 3043 382 3115 traham,
398 3042 552 3123 officioque
565 3042 680 3123 fungar,
700 3044 747 3103 sin
764 3044 871 3117 minus,
892 3045 1009 3122 eosqui
1030 3054 1100 3105 sunt
1116 3044 1147 3103 in
1174 3045 1263 3125 culpa
1275 3044 1354 3103 robis

260 3136 418 3199 indicabo.v
1059 3141 1062 3147 '

740 3242 865 3304 XLVII.

302 3360 398 3420 Nemo
409 3380 498 3421 sanus
512 3360 755 3441 negabit-opinor,
770 3360 977 3435 Athenienses,
988 3360 1114 3424 maxime
1127 3380 1195 3442 asse
1208 3382 1227 3422 e
1240 3362 1355 3443 Repub.

260 3460 295 3509 ut
309 3451 431 3529 nequid
445 3451 527 3511 initio
542 3454 662 3513 noxium
679 3461 806 3533 agatur:
828 3452 874 3511 sin
888 3453 995 3527 minus,
1014 3463 1048 3513 ut
1065 3455 1164 3515 statim
1177 3465 1288 3535 praesto
1302 3455 1356 3515 sint

261 3542 313 3622 qni
324 3542 515 3602 intercedant.
557 3546 656 3623 Atque
668 3546 728 3605 huc
741 3544 814 3605 illud
830 3545 972 3606 accedere
992 3545 1091 3621 debet,
1101 3556 1135 3605 ut
1147 3566 1201 3607 vos
1216 3558 1248 3608 et
1261 3546 1357 3608 andire

261 3638 293 3694 e't
306 3634 405 3693 doceri
426 3632 536 3695 velitis:
573 3634 655 3694 Nihil
676 3638 754 3697 enim
776 3636 919 3718 profuerit
931 3643 998 3697 ess'e
1018 3638 1069 3715 qui
1092 3639 1207 3715 optima
1225 3641 1357 3711 suadeat,

260 3728 286 3785 si
299 3725 353 3805 qui
362 3726 542 3806 obtemperet
561 3728 669 3788 habeat
682 3728 839 3791 nemiuem.
882 3731 960 3799 Quin
984 3730 1056 3791 illud
1069 3732 1167 3809 'etiarn
1185 3752 1247 3793 non
1261 3734 1358 3795 inutile

260 3818 352 3878 videri
364 3820 471 3899 potest,
486 3838 552 3880 esse
567 3820 693 3899 aliquem
706 3822 768 3899 qui,
782 3822 886 3902 siquis
900 3822 983 3882 robis
995 3822 1044 3881 rel
1056 3842 1107 3901 per
1121 3827 1307 3887 occasionem
1315 3825 1359 3887 rel

260 3920 379 3990 propter
393 3910 451 3971 diei
464 3920 579 3991 ternpus
593 3915 640 3973 vel
654 3914 692 3973 ob
705 3915 837 3993 quamvis
850 3934 969 3975 causam
982 3915 1070 3975 aliam
1079 3916 1181 3977 fucum
1194 3918 1357 3994 ieceritea,

259 4008 435 4083 quocunque
459 4002 589 4085 tempore
607 4016 637 4066 et
649 4008 901 4088 restri'essejuris
924 4018 956 4069 et
973 4009 1079 4069 audire·
1089 4010 1250 4086 volueritis,
1263 4034 1359 4075 rursus

261 4098 416 4170 examinet.
449 4097 513 4172 Ut,
527 4097 552 4157 si
565 4098 635 4159 talia
647 4100 811 4175 videantur,
824 4102 925 4181 qualia
932 4101 983 4181 qui
996 4111 1060 4161 turn
1072 4118 1283 4183 persuaserant
1300 4126 1359 4167 esse

230 4178 239 4201 ⁰
261 4198 460 4260 asseruerunt,
478 4210 513 4250 ea
536 4192 699 4271 promptius
725 4194 838 4273 agatis,
852 4206 886 4254 ut
912 4196 1118 4273 comprobata:
1140 4196 1186 4256 sin
1209 4198 1287 4259 torte
1304 4218 1359 4258 non

261 4282 400 4353 ejusmodi
435 4283 624 4363 reperiantur,
659 4285 818 4367 antequam
850 4288 969 4367 longius
995 4290 1181 4367 procedatur,
1209 4291 1358 4353 desinatis.

262 4370 360 4433 Grave
373 4375 450 4434 eninr
465 4375 560 4449 fuerit,
575 4377 601 4437 si
621 4378 738 4459 optimis
759 4380 889 4442 frustrati
910 4380 1040 4461 pessima
1052 4401 1139 4461 agere
1161 4403 1284 4445 necesse
1306 4386 1355 4447 ha·

260 4463 363 4537 beatis,
378 4469 464 4528 antei
479 4468 584 4531 deinde
599 4492 655 4535 nec
669 4486 684 4533 e
699 4492 731 4533 re
746 4484 816 4536 nata
830 4475 917 4537 liceat
938 4485 1054 4537 mutare
1070 4477 1236 4539 consitium.
1280 4479 1357 4541 Alios
