2967 4950
508 299 680 366 courel
701 297 896 374 NEAERAM,
1188 300 1245 364 ⁷81

153 450 288 528 lienibus,
300 477 369 538 qum
382 475 468 520 reem
480 457 544 528 heac
557 460 718 535 intuentur,
727 459 809 522 effari
820 460 910 521 licere
922 458 1002 539 apud
1021 457 1105 532 ahos,
1115 455 1249 520 mumo-

154 551 238 611 nium
261 551 349 611 etium
370 549 453 612 robis
473 552 684 626 exhibebimus,
699 563 812 614 secreto
830 553 905 612 illud
918 551 1036 632 quidem
1051 551 1171 622 laetum,
1194 549 1248 612 sed

154 645 238 724 quod
251 645 339 704 rebus
352 643 421 724 ipsis
435 653 532 706 tamen
544 657 575 706 et
592 646 777 728 perspicuum
791 658 823 708 et
839 666 942 706 rerum
953 664 1019 707 esse
1033 645 1249 707 demonstrabo.

156 737 236 796 Cum
257 737 323 797 berc
345 757 428 798 sacra
448 739 560 813 fierent,
574 750 603 800 et
623 739 782 801 novemviri
801 741 832 799 in
844 740 942 800 vicum
956 739 1095 799 Martium
1113 738 1252 818 legitimis

156 828 599 903 diebusadscenderentstatinr
607 831 1252 914 senatusAreopagiticus,quiinaliisquoqne

155 920 346 1000 religionibus
360 922 476 984 tuendis
490 923 613 984 multum
626 924 793 1004 reipublice
806 923 983 996 commodat,
992 924 1110 1004 inquirit
1120 925 1150 983 in
1162 923 1250 985 istum

160 1013 331 1093 Theogenis
343 1033 472 1086 uxorem,
489 1035 623 1095 qurenam
644 1028 734 1091 esset,
752 1035 877 1095 eamque
891 1018 1034 1094 coarguit,
1049 1027 1080 1076 et
1102 1034 1251 1078 semorum

158 1124 261 1164 curum
281 1104 413 1186 suscipit,
434 1118 464 1166 et
483 1107 670 1188 Theogeuem
690 1129 744 1188 pro
762 1128 817 1168 sus
828 1118 973 1188 potestate
992 1108 1125 1181 mulctet,
1138 1121 1253 1170 secreto

160 1206 268 1268 tumen,
283 1206 396 1258 etcum
410 1199 570 1270 modestiar
591 1222 647 1262 nec
662 1201 739 1261 enim
758 1222 794 1262 ea
806 1210 876 1261 sunt
893 1197 1009 1279 prediti
1022 1199 1206 1274 auctoritate,
1219 1213 1254 1264 ut

158 1309 337 1370 quemquam
348 1289 567 1353 Atheniensium
585 1313 639 1374 pro
658 1314 713 1356 sua
731 1292 851 1354 libidine
866 1293 1001 1373 puniant.
1043 1292 1142 1354 Factis
1154 1304 1253 1355 autem

158 1382 265 1456 verbis,
288 1393 319 1444 et
341 1394 446 1445 senatu
469 1387 595 1466 graviter
620 1389 741 1459 ferente,
763 1387 1011 1466 Thwgenemque
1033 1385 1254 1466 puniensque

158 1477 252 1536 talem
265 1496 385 1556 uxorem
400 1476 541 1552 duxisset,
556 1499 679 1560 eamque
694 1499 802 1541 arcana
819 1498 873 1562 pro
894 1478 1043 1559 republica
1056 1497 1138 1540 sucre
1157 1479 1255 1542 iacere

159 1569 350 1659 permisisset,
365 1571 537 1650 precabatur
556 1571 740 1652 Theogenes,
764 1572 956 1652 supplicabat,
975 1572 1187 1644 obtestabatur,
1210 1572 1256 1632 di·

160 1681 243 1733 cens,
257 1662 386 1735 nescisse
397 1682 429 1723 se
444 1662 559 1724 Nereroe
575 1683 640 1725 esse
654 1665 757 1735 filiam,
771 1663 824 1725 sed
834 1663 992 1744 deceptum
1003 1663 1255 1746 aStepbuno,pro

160 1773 302 1833 germana
315 1755 378 1835 ejus
393 1754 513 1815 duxisse
536 1756 606 1828 filie,
622 1775 659 1818 ex
681 1754 759 1837 lege,
772 1767 803 1816 et
824 1766 942 1836 propter
961 1755 1132 1834 imperitiam
1149 1775 1255 1832 rerum,

161 1864 305 1927 suamque
315 1848 538 1928 simplicitatem,
546 1849 634 1909 itum
649 1867 825 1910 assmeorem
840 1848 895 1909 sibi
903 1847 1075 1920 adscivisse,
1086 1849 1151 1908 ntis
1161 1849 1256 1931 magi·

161 1948 258 1999 stratu
278 1941 459 2020 fungeretur,
482 1953 621 2020 tanquam
641 1942 825 2014 benevolum,
843 1951 1055 2021 proptereaque
1077 1941 1256 2003 contraxisse

160 2049 232 2091 cum
245 2053 281 2092 eo
294 2032 475 2094 affinitatem.
504 2034 556 2094 Me
565 2054 645 2106 vero,
660 2035 765 2114 inquit,
778 2054 838 2096 non
851 2033 975 2106 mentiri,
991 2051 1096 2113 magno
1109 2044 1140 2092 et
1150 2033 1257 2096 illustri

160 2122 246 2184 vobis
259 2137 432 2205 argumento
445 2127 585 2207 probubo.¹
626 2128 780 2189 Mulierem
792 2127 871 2188 enim
881 2126 995 2206 ejiciam
1008 2125 1107 2198 domo,
1118 2126 1256 2204 quonism

161 2237 225 2278 non
248 2219 399 2298 Stephani,
412 2220 465 2280 sed
482 2219 597 2280 Nereroe
616 2230 662 2280 est
675 2220 745 2281 filia.
785 2219 874 2288 Quod
888 2219 939 2280 ubi
956 2220 1063 2289 fecero,
1084 2227 1148 2277 turn
1160 2218 1257 2279 verbis

163 2312 237 2372 meis
257 2311 390 2376 adhibete
418 2313 517 2386 fidem,
535 2333 601 2373 cum
625 2313 692 2374 dico
706 2334 753 2374 me
774 2315 949 2393 deceptum:
972 2311 1016 2370 sin
1035 2310 1130 2370 minus
1148 2311 1257 2384 fecero,
1351 2339 1354 2344 ·

162 2411 228 2464 tum
241 2425 310 2466 vero
323 2426 369 2466 me
387 2406 529 2486 punitote,
543 2416 575 2466 ut
588 2407 761 2486 improbum,
775 2406 847 2487 etin
866 2404 938 2481 deos
950 2404 1080 2483 impium.
1121 2402 1257 2466 Pollicito

162 2500 253 2581 igitur
264 2498 329 2559 hoec
343 2498 509 2579 Theogene,
523 2510 553 2561 et
570 2500 764 2579 supplicante,
780 2497 885 2578 partim
899 2496 1044 2589 misertus·
1054 2496 1117 2577 ejus
1136 2505 1256 2557 mortus

66 2632 74 2649 .
164 2592 397 2672 Areopagiticus,
411 2602 527 2673 propter
549 2592 657 2671 ingenii
678 2591 902 2672 simplicitatem,
921 2588 1024 2668 partim
1044 2588 1225 2669 etiampquod
1240 2610 1260 2651 u

165 2684 316 2765 Stephano
340 2684 494 2765 deceptum
513 2704 578 2744 esee
601 2704 702 2745 revera
722 2693 848 2763 putaret,
862 2701 974 2743 morsm
992 2681 1175 2763 interposuit.
1217 2684 1261 2744 Ut·

162 2796 235 2837 vero
248 2798 264 2837 e
278 2777 342 2837 vico
357 2777 467 2838 Martio
487 2777 642 2839 descendit
659 2777 845 2856 Theogenes,
859 2778 958 2837 statim
976 2784 1008 2836 et
1030 2771 1181 2836 mulierem
1198 2776 1259 2837 Ne-

163 2890 235 2930 aerae
258 2870 347 2931 filiam
371 2871 459 2931 domo
479 2871 609 2953 expellit,
632 2883 662 2931 et
686 2871 985 2951 stephanumque
1006 2868 1147 2948 deceptus
1164 2870 1260 2930 iuerat

164 2963 292 3024 concilio
318 2974 425 3025 movet.
476 2964 524 3024 Sic
552 2964 738 3044 Areopagitae
761 2964 948 3041 Theogenem
974 2962 1096 3020 missum
1116 2960 1259 3035 fecemnt,

165 3056 253 3135 eique
275 3056 360 3118 irasci
375 3056 560 3129 destiterunt,
573 3058 744 3136 veniamque
766 3056 893 3135 decepto
910 3062 1130 3115 concesserunt.
1170 3052 1260 3113 Etlut

165 3149 233 3209 brec
245 3168 261 3207 a
274 3170 320 3209 me
333 3169 402 3210 rere
416 3150 475 3209 dici
487 3158 613 3222 constet,
626 3150 730 3209 horum
742 3148 825 3207 uobis
844 3155 950 3206 testem
961 3144 1057 3222 ipsum
1071 3143 1258 3223 Theogeuem

164 3257 253 3316 voco,
265 3252 296 3303 et
308 3242 408 3304 testari
421 3262 535 3322 cogam.
576 3242 659 3303 Voce
673 3241 744 3301 mihi
761 3239 947 3319 Theogenem
963 3235 1159 3297 Erchiensem.

540 3392 871 3463 ,resurrecturum
928 3380 931 3386 '
982 3356 985 3362 ’

210 3526 348 3593 Theogenes
365 3528 497 3579 Erebiensle
508 3534 606 3577 testetur
625 3544 660 3585 se,
672 3542 725 3575 oum
742 3540 821 3585 regem
838 3529 928 3587 egeret,
949 3520 1047 3569 duxisse
1064 3520 1199 3570 Phaonem
1217 3531 1260 3582 pru

166 3608 280 3669 Stephani
290 3608 352 3656 tilis:
370 3608 410 3653 nbi
430 3622 486 3655 vero
503 3622 527 3653 se
545 3606 670 3666 ‹leoeptnrn
687 3618 740 3651 erre
756 3600 967 3657 animaduertisset,
978 3607 1026 3647 turn
1037 3598 1156 3653 mulierem
1165 3596 1262 3658 eieciese

167 3701 197 3733 ee
208 3688 354 3748 repudiesse,
366 3694 413 3733 turn
424 3686 565 3748 Stephanum
576 3686 605 3731 ab
616 3700 708 3731 assessu
718 3682 833 3745 repulisse
844 3696 888 3729 nee
896 3694 992 3742 pessum
1003 3676 1049 3725 sibi
1059 3676 1147 3726 uuum
1154 3677 1263 3727 uuidere.

211 3801 260 3857 22.
281 3800 346 3879 Age
359 3816 432 3880 cape
446 3798 516 3859 mihi
530 3798 626 3877 legem
639 3796 684 3856 bis
698 3796 736 3856 de
747 3796 835 3855 rebus
846 3795 948 3865 latam,
958 3801 990 3851 et
1000 3791 1085 3870 lege:
1106 3801 1140 3851 ut
1153 3792 1261 3864 scitus,

168 3910 231 3951 non
242 3892 380 3953 decuisse
390 3891 505 3953 tantum
518 3910 583 3951 eam
594 3889 740 3949 abstinere
756 3886 846 3949 sacris
859 3886 917 3959 bie,
928 3904 994 3964 quae
1002 3883 1069 3945 telis
1080 3894 1169 3957 esset,
1179 3884 1262 3945 tulia-

167 4004 228 4063 que
250 3994 406 4065 patrasset,
420 4004 474 4045 nec
487 3982 535 4043 vel
548 3983 656 4053 videre,
675 3981 721 4040 vel
745 3980 905 4050 immolare,
923 3977 972 4039 rel
990 3978 1086 4040 lacere
1106 3978 1261 4058 quicquam
1329 4010 1333 4017 ·

166 4097 223 4158 pro
236 4078 331 4157 patrio
344 4077 506 4149 urbis-ritu,
519 4076 573 4137 sed
594 4073 699 4137 ceteris
721 4073 809 4133 etiam
827 4070 916 4131 sacris
929 4070 1111 4133 Athenarum
1131 4069 1261 4129 omnibus

166 4170 197 4229 ei
217 4190 282 4232 esee
301 4170 498 4231 interdictum.
540 4169 616 4227 Cum
640 4186 699 4246 qua
720 4166 797 4226 enim
820 4163 940 4225 muliere
960 4164 1160 4244 deprehensus
1179 4159 1264 4221 fuerit

169 4262 296 4337 adulter,
310 4258 337 4323 ei
352 4264 381 4321 in
396 4263 508 4325 nullum
522 4262 663 4341 templum
677 4259 819 4340 populare
832 4258 903 4334 licet
915 4258 1039 4338 ingredi,
1057 4274 1125 4317 cum
1138 4254 1169 4315 in
1182 4272 1216 4315 aa
1231 4248 1263 4315 et

168 4357 337 4437 peregrinis
344 4354 524 4427 mulieribus,
540 4366 570 4416 et
584 4353 697 4416 ancillis
714 4354 838 4413 liberum
856 4350 968 4414 editum
982 4348 1157 4431 prebuerint
1169 4347 1261 4427 leges,

160 4460 234 4510 tum
243 4450 413 4532 spectandi,
419 4459 481 4511 tum
495 4448 677 4530 supplicandi
690 4448 786 4528 gratia
797 4444 888 4523 (solas
898 4441 1117 4505 intermulieres
1130 4442 1263 4525 ingressu
