2967 4950
245 286 304 349 otc
533 283 755 345 ADVERSUS
777 282 1049 347 tuocflnnasn.

244 440 407 503 Arcbiadcs
424 441 575 503 Leostrato
591 440 759 511 Eleusinio:
780 402 858 520 post,
870 448 898 499 'e
920 439 981 499 filia
1004 439 1081 499 iliius
1095 436 1221 501 ‘elocare
1241 439 1347 501 sororis

242 533 358 603 illorum
379 534 507 595 nascitur
528 536 683 596 Leocrates
704 543 787 612 pater
810 532 964 593 Leostrati.
1006 531 1208 605 Considerate,
1222 539 1257 592 ut
1270 552 1347 593 uuus
1456 563 1457 606 3

245 626 283 686 de
297 628 395 695 multis
413 628 444 687 in
466 628 622 689 Archiadae
636 626 842 705 cognationem
861 626 916 687 iste
936 627 1090 706 pertineat,
1104 626 1142 685 de
1164 646 1223 705 quo
1247 635 1346 686 conte-

245 730 339 789 status
354 732 413 781 est.
428 756 431 763 ·
444 723 520 790 Quae
535 742 601 781 cum
614 720 655 781 ita
670 740 701 781 se
715 720 867 791 habereut,
880 721 1044 781 Arcbiades
1058 719 1273 780 matrimonium
1287 740 1346 779 non
1456 717 1457 792 J

244 816 401 886 contrahit,
416 814 576 893 Midylides
592 824 692 875 autem
710 812 800 873 frater
822 814 895 894 ejus,
911 835 984 875 asus
997 814 1093 885 istius,
1108 832 1229 873 uxorem
1244 812 1345 872 ducit:
1456 863 1457 870 ,

244 916 274 967 et
296 907 365 985 quia
387 906 520 971 nundum
543 906 749 989 patrimonium
772 906 868 986 partiti
887 917 980 978 eraut,
997 906 1052 967 sed
1074 917 1199 986 uterque
1220 900 1347 966 babebat
1456 891 1457 912 ¹

244 1010 386 1078 quantum
401 1001 471 1081 satis
491 1010 580 1071 esset,
596 1000 757 1081 Midylides
771 1000 802 1059 iu
821 1003 893 1061 urbe
906 1013 1068 1081 permanet,
1082 999 1347 1061 Archiades·Sala-
1456 1021 1457 1038 ι

244 1092 322 1153 mine
336 1093 458 1153 habitat.
501 1094 570 1153 Non
593 1094 687 1153 multo
707 1104 805 1153 autem
817 1105 897 1173 post,
911 1115 981 1156 cum
995 1094 1154 1175 Midylides
1169 1100 1241 1154 asus'
1256 1094 1347 1173 patris

244 1188 302 1245 mei
315 1199 398 1247 extra
411 1188 538 1248 Atticam
559 1207 682 1268 peregre
696 1188 772 1247 forte
792 1188 923 1260 abiisset,
936 1188 965 1248 iu
980 1192 1113 1249 morbum
1128 1187 1230 1264 incidit
1243 1186 1346 1247 Archi·
1456 1211 1457 1226 ι

245 1279 317 1344 stles
330 1291 361 1339 et
373 1291 495 1343 mortem
510 1280 719 1351 obit,‘abseute'
728 1280 882 1361 Midylide.
893 1281 982 1341 bomo
992 1280 1111 1342 coelebs.
1133 1280 1222 1349 Quod
1232 1280 1297 1359 ejus
1306 1278 1347 1339 rei

245 1373 362 1450 signum
374 1372 440 1433 esti
467 1374 545 1434 Puer
566 1373 684 1434 situlam
697 1374 796 1433 ferens
810 1384 857 1433 est
867 1374 1023 1435 Archiadoe
1036 1374 1171 1456 sepulcro
1182 1372 1344 1453 impositus.

245 1464 293 1528 Eu
307 1476 462 1545 Itempore,
485 1466 670 1545 cognationis
698 1486 716 1525 a
733 1466 903 1527 mulieribus
920 1475 1169 1547 ortae-praetextu,
1189 1466 1346 1527 leocrates

244 1558 393 1625 Leostrati
408 1570 537 1640 peterse
551 1560 777 1640 adoptatfilium
792 1559 960 1635 Archia'dae,
975 1570 1006 1622 et
1018 1561 1061 1621 sic
1077 1560 1111 1619 iu
1130 1562 1209 1620 bona
1223 1559 1345 1631 invadit,

1456 1071 1458 1208 ι

244 1661 387 1731 tanquam
409 1654 447 1715 ab
468 1673 504 1713 eo
524 1653 641 1715 visente
660 1652 759 1715 adhuc
773 1653 942 1731 adoptatus.
978 1654 1126 1714 Reversus
1140 1652 1303 1734 Midylides
1317 1662 1347 1713 et
1401 1701 1405 1708 .
1456 1651 1457 1658 '

245 1745 276 1807 id
300 1745 412 1807 iactum
432 1748 553 1827 indigne
574 1748 697 1819 ferebat,
722 1756 754 1807 et
769 1746 883 1826 judicio
907 1748 1077 1809 Leocratem
1096 1745 1234 1827 persequi
1252 1757 1345 1807 statu·
1456 1805 1457 1832 p

245 1850 318 1903 oret.
361 1840 422 1901 Sed
445 1841 638 1925 suadentibus
658 1839 794 1919 cognatis
812 1850 844 1899 et
857 1840 1044 1920 precantibus
1060 1850 1094 1899 ut
1106 1840 1137 1899 iu
1150 1839 1260 1900 familia
1273 1839 1345 1899 Le'o·
1456 1835 1457 1902 ζ

244 1942 355 1996 marem
373 1934 542 2015 adoptivum
557 1934 717 1995 Archiadee
731 1930 822 1991 filium
836 1952 901 1993 esse
914 1943 1071 2011 pateretur,
1085 1931 1231 1993 concessit
1244 1930 1344 2011 Midy·
1456 1949 1457 1974 t

244 2024 331 2099 lidesr
346 2046 406 2087 uon
414 2026 527 2106 judicio
542 2028 649 2097 victus,
665 2026 718 2085 sed
731 2026 849 2086 omnino
863 2027 900 2085 ab
914 2026 978 2085 istis
991 2026 1223 2094 circumventum
1237 2024 1344 2085 deinde

244 2138 317 2180 saue
327 2120 418 2181 etiam
432 2119 599 2181 domesticis
618 2120 789 2179 obsecutus.
831 2120 877 2179 Ac
894 2118 1056 2198 Midylides
1069 2118 1114 2178 bis
1126 2118 1208 2178 actis·
1220 2126 1343 2177 mortem

243 2212 321 2276 obit:
344 2212 500 2273 Leocrates
514 2226 611 2275 autem
625 2209 781 2271 Archiadae
797 2213 877 2273 bona
891 2220 984 2285 tenet,
1007 2222 1038 2271 et
1056 2210 1262 2271 haereditatem
1278 2230 1343 2291 per·
1449 2262 1454 2273 .

244 2303 316 2383 cipit
332 2305 439 2365 multos
454 2324 558 2378 annos,
572 2316 605 2365 ut
616 2305 678 2411 ejus
691 2303 847 2383 adoptivus
860 2304 948 2365 fitius.
976 2304 1040 2365 Nos
1050 2324 1119 2365 vero
1120 2304 1225 2385 ‚quod
1237 2324 1275 2365 ea
1286 2305 1343 2364 Mi·

245 2396 361 2477 dylides
375 2408 562 2459 concesserat
564 2398 754 2480 ,quievimus-

284 2497 314 2552 8.
336 2492 365 2550 N
367 2512 406 2553 on
412 2492 511 2552 multo
526 2503 624 2554 tutem
638 2502 815 2574 post-quas
828 2494 971 2573 deinceps
986 2494 1118 2554 dicentur
1132 2493 1289 2572 diligenter
1301 2502 1343 2554 at-

244 2583 366 2656 tendite,
380 2584 703 2646 Judioes-Leocrates
722 2589 879 2666 adoptatus
892 2585 1061 2655 Areniadoe,
1076 2586 1178 2646 relicto
1199 2586 1232 2644 in
1253 2607 1289 2647 ea
1302 2587 1342 2646 fa·
1394 2607 1409 2628 ·

243 2676 325 2739 milia
339 2677 491 2736 Leostrato
505 2676 565 2736 filio
579 2676 719 2755 legitim0,
734 2679 796 2757 ipse
809 2678 886 2736 redit
896 2677 927 2736 iu
938 2677 1117 2746 Eleusinios,
1129 2678 1207 2737 uude
1218 2679 1343 2739 cratori-

243 2769 359 2830 undus:
373 2790 409 2830 ac
422 2791 459 2830 ne
470 2779 533 2829 tum
545 2769 664 2848 quidem
680 2790 734 2830 nos
748 2771 907 2850 quicquam
922 2789 1023 2830 earum
1037 2789 1134 2830 rerum
1148 2790 1216 2849 quae
1231 2772 1271 2831 ad
1283 2772 1342 2831 hre-

242 2863 397 2924 reditatern
411 2861 536 2922 attinent
560 2855 714 2935 movimus,
736 2864 790 2924 sed
813 2883 880 2943 quae
904 2872 971 2922 acta
992 2873 1076 2922 erant
1096 2873 1161 2923 rata
1177 2863 1342 2925 habuimus.

244 2955 359 3017 Rursus
372 2967 472 3018 autem
487 2956 654 3016 Leostratus
668 2957 742 3036 ipse,
757 2957 807 3037 qui
822 2955 979 3035 adoptivus
998 2964 1078 3016 esset
1090 2954 1167 3016 filius
1181 2967 1213 3017 et
1225 2954 1342 3018 relictus

241 3049 273 3110 in
293 3050 450 3112 Archiadoe
469 3049 587 3122 familia,
601 3050 755 3110 revertitur
770 3049 809 3110 ad
824 3048 1002 3120 Eleusinios,
1015 3059 1050 3107 ut
1063 3059 1093 3108 et
1105 3058 1189 3128 pater
1202 3070 1286 3125 suus,
1300 3071 1348 3110 re·-

243 3143 313 3204 licto
333 3143 363 3202 in
383 3163 421 3204 ea
440 3140 549 3202 familia
567 3161 707 3221 germano
731 3143 803 3215 filio,
816 3159 880 3221 per·
888 3150 948 3200 tres
961 3158 1101 3220 personas
1113 3136 1262 3220 p'rimitira
1274 3145 1342 3203 ado-

242 3237 343 3314 ptioue
357 3243 460 3296 contra
473 3235 556 3314 leges
572 3236 753 3296 confirmata.
794 3235 854 3304 Qui
867 3234 1026 3294 enimcum
1040 3234 1154 3313 iegibus
1168 3237 1342 3308 consentiat,

244 3349 312 3392 oum
332 3330 396 3408 ipse
415 3329 491 3388 filius
513 3327 680 3409 adoptivus,
693 3329 760 3390 tiliis
771 3328 917 3409 adoptivis
929 3327 1051 3401 relictis,
1064 3329 1192 3388 insuam
1205 3331 1347 3390 familiam·

243 3421 445 3485 sitreversusi
467 3421 561 3499 quue
572 3422 610 3480 ad
623 3422 703 3482 bunc
720 3441 817 3502 usque
830 3422 911 3482 diem
923 3419 1019 3482 facere
1033 3441 1093 3482 uon
1111 3421 1238 3493 destitit3
1251 3440 1345 3504 eoque

244 3525 333 3594 pacto
348 3533 448 3575 senos
465 3512 638 3574 haereditate
658 3515 845 3576 fraudaturos
867 3525 981 3595 putant,
998 3523 1143 3593 quaestum
1162 3515 1297 3578 iaciendo
1311 3525 1342 3576 et

243 3601 407 3669 liberorum
422 3608 514 3684 instar
536 3609 647 3668 victum
669 3627 706 3668 ex
729 3608 884 3668 Arcbiadoe
904 3608 991 3668 bonis
1013 3607 1254 3688 petendaeque
1274 3609 1341 3670 inde

245 3722 360 3782 semper
373 3701 403 3761 in
417 3713 568 3782 paternam
587 3701 728 3762 familiam
744 3701 905 3774 redeundo,
918 3721 955 3762 ac
967 3701 1032 3762 eain
1046 3699 1166 3781 quidem
1180 3714 1287 3805 sartam
1299 3714 1339 3763 te·

245 3807 324 3855 ctam
336 3795 548 3866 conservando,
562 3795 642 3855 illam
654 3805 752 3856 eutem
765 3794 974 3856 consumendo.
1220 3817 1224 3826 ·
1338 3813 1344 3846 ι

285 3895 316 3950 9.
340 3890 400 3949 Sed
413 3883 522 3962 tmereu,
537 3890 671 3968 quamvis
686 3889 741 3950 ista
753 3889 796 3949 ita
805 3889 919 3962 fierent,
932 3907 986 3948 nos
997 3888 1077 3968 quod
1084 3887 1146 3949 dixi
1158 3891 1344 3952 toleravimus

244 3985 353 4056 omnia,
367 4004 427 4063 quo
441 3985 558 4062 usque?
581 3985 684 4046 Donec
704 3983 883 4043 Leocrates
876 4003 907 4042 ru
925 3981 1082 4042 Archiadoe‘
1097 3983 1208 4045 familia
1225 3985 1339 4046 relictus

243 4076 322 4138 filius
336 4077 424 4136 orbus
438 4075 575 4135 decessit.
616 4075 685 4144 Quo
700 4075 764 4134 sine
782 4075 882 4134 liberis
894 4075 1045 4148 defuncto,
1058 4076 1199 4154 pertimus
1212 4088 1248 4137 ut
1258 4076 1338 4140 nobis

242 4191 351 4250 genere
364 4168 502 4250 proximis
516 4169 672 4228 Archiadae
686 4167 789 4228 relicta
807 4168 871 4247 ejus
883 4163 963 4228 bona
971 4167 1133 4228 tribuantur
1141 4189 1150 4237 ;
1174 4178 1205 4228 et
1219 4191 1277 4231 non
1289 4170 1338 4230 de·

243 4263 357 4338 functo,
371 4263 422 4343 qui
436 4263 498 4342 ipse
513 4263 567 4330 fuit
578 4262 742 4342 adoptivus
756 4263 832 4321 filius
845 4262 1021 4322 infrendens
1033 4261 1163 4322 nostram
1176 4264 1337 4347 adoptetur.

245 4354 335 4423 Quod
349 4356 373 4416 si
387 4357 450 4437 ipse
463 4355 564 4416 vivens
578 4355 704 4426 fecisset,
715 4364 884 4437 quanquam
896 4354 927 4414 id
937 4356 1049 4418 sactum
1057 4363 1160 4416 contra
1169 4357 1336 4436 legesesset

243 4465 305 4507 uon
318 4467 579 4531 repugnassemus:
601 4449 656 4510 scd
676 4448 747 4527 quia
758 4469 852 4529 neque
865 4460 970 4512 natura
983 4448 1040 4509 fuit
1054 4449 1081 4511 ei
1099 4449 1178 4511 'iilius
1192 4451 1340 4532 ulloque·
