2967 4950
248 304 306 374 sos
359 313 365 316 ·
514 269 738 411 sousasirs
761 310 1072 378 perrenorum.

231 474 345 546 'neque
360 468 507 549 Evergum
520 481 556 531 ut
569 471 696 552 ‘injurios
711 472 838 533 detulit:
859 471 914 533 sed
934 473 965 533 in
978 472 1094 552 judicio
1106 470 1178 531 talia
1197 473 1265 530 cu'm
1279 490 1348 549 pro·

248 560 403 640 posuisset,
429 562 545 623 duobus
566 563 684 623 talentis
711 564 873 624 mulctarit
906 565 995 624 'Erat
1019 563 1156 624 nimirum
1181 563 1350 642 praescienti

249 653 368 725 crimen,
395 654 480 732 cujus
508 665 705 727 accusaretur,
724 657 847 716 veritate
874 665 907 716 et
926 656 1066 734 requitate
1092 667 1213 715 ostensa
1233 655 1350 733 legibus

249 745 334 807 facile
348 746 477 806 absolvi:
493 747 546 806 sed
559 746 589 804 in
603 747 718 807 actione
730 747 893 827 metallica,
901 758 933 808 et
947 747 978 806 in
990 747 1027 808 iis
1039 750 1126 808 rebus
1140 747 1299 826 dequibus
1312 767 1350 805 ue

248 847 437 900 accusaretur
449 836 521 897 nibil
534 840 693 912 metuebat,
705 839 825 899 difficile
840 849 904 899 erat
916 831 1094 900 colomam
1107 859 1124 899 e
1137 839 1264 918 vestigio
1279 858 1351 918 pro·

247 931 374 1010 pulsare.
414 929 571 989 Iracundia
584 940 683 990 autem
692 931 826 1007 Judicam
845 931 882 990 ab
895 931 953 990 isto
966 931 1171 1009 deceptorum,
1181 949 1241 1008 qua
1257 930 1297 989 de
1318 949 1351 990 re

248 1021 388 1100 suffragia
406 1021 464 1080 illis
484 1021 605 1083 serenda
626 1034 719 1095 eraut,
738 1024 802 1102 ejus
822 1021 906 1082 illum
919 1021 1137 1082 condemnavit.
1179 1021 1237 1090 Qui
1260 1021 1352 1100 igitur

204 1180 209 1194 ἱ
246 1113 312 1174 illos
327 1113 445 1192 decepit
454 1114 584 1194 judices,
598 1133 705 1175 eumne
714 1115 919 1176 dubitaturum
932 1134 986 1174 ros
1000 1114 1136 1193 decipere
1149 1112 1281 1192 putatis?
1298 1124 1352 1174 aut
1418 1194 1426 1200 ἢ

247 1209 337 1274 cause
359 1209 464 1266 fretum
486 1210 650 1286 ingressum
670 1227 747 1280 esse,
768 1207 811 1269 ac'
823 1227 884 1267 oon
907 1208 1074 1286 eloquentia
1087 1218 1119 1268 et
1137 1227 1199 1267 suoe
1212 1207 1352 1268 factionis

246 1299 381 1370 testibus,
406 1301 518 1379 impum
541 1311 571 1360 et
595 1299 777 1360 exsecrando
798 1299 903 1360 Procle
925 1319 1035 1378 magno
1059 1300 1122 1372 illo,
1144 1309 1175 1359 ct
1202 1300 1350 1360 Stratocle

246 1392 376 1452 omnium
397 1391 546 1463 hominum
570 1402 601 1452 et
619 1393 809 1453 disertissimo
828 1404 859 1453 et
880 1394 1103 1472 improbissimo,
1118 1405 1149 1452 et
1167 1393 1352 1472 impudentia

202 1471 218 1556 ἵ,
247 1505 305 1545 sua*
315 1486 365 1563 qui
379 1485 450 1543 nihil
464 1494 685 1545 cunctetur.aut
703 1486 856 1546 erubescat
871 1485 986 1564 plorare
1006 1504 1042 1546 ac
1056 1485 1225 1546 lamentari?
1253 1486 1350 1564 Atqui

246 1587 360 1638 tantum
375 1579 462 1637 abest
474 1591 508 1637 ut
520 1578 561 1637 sis
575 1579 674 1658 aliqua
689 1578 888 1638 misericordia
907 1579 1025 1656 dignus,
1037 1590 1072 1637 ut
1087 1588 1207 1658 propter
1225 1577 1350 1638 fraudes
1368 1563 1372 1575 ⁸

245 1677 277 1728 et
289 1669 475 1729 facinorosis
489 1670 617 1729 omnium
641 1669 792 1732 hominurn
808 1669 1022 1741 odiosissimus:
1044 1669 1095 1748 qui
1113 1670 1207 1729 minas
1227 1678 1349 1729 centum

244 1759 278 1822 et'
295 1763 433 1841 quinque*
447 1781 514 1821 cum
526 1756 666 1835 deberes,
680 1779 799 1843 'easque
820 1761 940 1823 reddere
962 1781 1022 1822 non
1044 1781 1159 1842 posses,
1173 1782 1224 1822 eos
1243 1762 1294 1842 qui
1317 1775 1349 1823 te

240 1853 382 1932 juverunt
395 1865 427 1914 et
446 1855 477 1914 iu
500 1855 592 1917 causa
613 1857 731 1917 luerunt
751 1865 786 1916 ut
803 1854 893 1916 fidem
911 1875 1044 1916 servares
1059 1856 1107 1927 2iis
1126 1857 1177 1934 qui
1196 1865 1295 1916 tecum
1309 1857 1348 1916 ab

245 1947 329 2008 initio
353 1957 568 2022 contraxerant,
591 1959 787 2029 praeterquam
809 1948 891 2027 quod
910 1948 941 2007 in
965 1949 1030 2028 ipso
1057 1956 1211 2010 contractu
1225 1949 1347 2021 riolas,

243 2041 332 2099 etiarn
344 2040 504 2120 ignominia
517 2052 619 2103 notare
634 2039 747 2101 studes,
780 2040 913 2100 Caeteros
927 2040 1046 2120 quidem
1057 2041 1201 2101 debitores
1213 2039 1346 2101 videmus

243 2131 368 2192 fortunis
381 2132 506 2193 cedere:
527 2133 555 2194 ei
568 2153 636 2193 vero
654 2134 705 2211 qui
726 2132 882 2212 pecuniam
894 2132 948 2193 tibi
961 2133 1096 2206 credidit,
1111 2133 1169 2193 luoc
1183 2133 1301 2204 accidit,
1316 2143 1348 2193 et

174 2272 177 2278 .
244 2223 295 2300 qui
307 2224 451 2284 talentum
465 2224 620 2296 mutuavit,
630 2225 748 2286 duobus
761 2245 813 2305 per
826 2225 1003 2285 calumniam
1016 2236 1062 2285 est
1075 2225 1242 2285 mulctatus.
1278 2226 1345 2304 Ego

243 2332 322 2387 vero,
336 2315 386 2394 qui
400 2316 596 2394 quodraginta
609 2315 737 2396 quinque
758 2319 852 2379 minas
870 2319 1010 2390 mutuavi,
1024 2317 1053 2376 in
1071 2317 1129 2377 hoc
1143 2317 1256 2396 jndicio
1271 2319 1346 2378 duo·

243 2423 306 2464 rum
318 2406 462 2466 talentum
477 2407 606 2488 periculo
621 2427 741 2468 oausam
754 2406 839 2471 dico:
855 2419 894 2482 et,
905 2409 945 2468 ad
955 2429 1023 2489 qum
1033 2427 1183 2489 nunquam
1196 2410 1264 2490 plus
1273 2429 1345 2472 cerr·

242 2510 307 2558 tum
320 2500 405 2559 minis
419 2500 545 2559 mutuari
565 2501 695 2580 potuisti,
709 2520 776 2580 quas
790 2502 883 2562 tribus
901 2503 1020 2563 talentis
1035 2502 1173 2563 universa
1185 2504 1346 2565 vendidisti

243 2600 274 2649 ct
287 2591 331 2650 bis
345 2591 426 2650 mille
440 2591 599 2671 drachmis,
610 2593 639 2651 in
653 2593 688 2651 iis
703 2603 829 2671 quatuor
841 2594 986 2654 talentum
1002 2595 1116 2670 scilicet
1129 2594 1234 2672 injuria
1254 2616 1287 2655 es
1300 2596 1344 2655 as·

241 2680 338 2741 fectus
352 2702 370 2741 a
383 2683 520 2762 quodam,
532 2702 636 2762 coque,
651 2684 676 2744 si
693 2684 750 2745 diis
763 2685 872 2765 placet,
885 2705 972 2746 servo
986 2705 1062 2745 meo.
1104 2686 1178 2754 Quis
1197 2706 1268 2747 vero
1283 2687 1344 2747 suis

241 2774 329 2833 rebus
353 2774 425 2836 civis
446 2795 529 2835 servo
548 2775 691 2836 cederet?
712 2778 816 2855 quisve
840 2778 953 2838 diceret
972 2797 1073 2837 earum
1092 2798 1197 2849 rerum,
1217 2798 1344 2857 quarum

242 2864 304 2944 ipse
329 2866 480 2927 damnavit
501 2868 660 2946 Evergum,
674 2869 763 2929 etiam
786 2868 928 2928 famulum
945 2888 1042 2928 meum
1061 2870 1205 2929 rationem
1219 2869 1344 2932 reddere

241 2957 400 3035 oporteret
431 2957 491 3019 Sed
509 2958 556 3019 his
570 2959 695 3031 omissis,
708 2959 763 3019 iste
784 2960 847 3037 ipse
867 2960 976 3041 talibus
996 2960 1165 3021 criminibus
1185 2980 1252 3020 eam
1269 2961 1345 3023 libe·

173 3068 176 3073 ·
240 3048 315 3109 ravit
328 3051 473 3109 omnibus.
516 3050 622 3131 Neque
637 3050 712 3109 enim
727 3050 759 3111 id
773 3070 852 3110 nunc
866 3052 1026 3111 dicendum
1038 3063 1111 3123 erat,
1125 3072 1220 3130 neque
1233 3052 1264 3111 in
1273 3073 1343 3133 pro-

239 3144 392 3205 vocatione
412 3142 597 3203 scribendum
620 3142 651 3201 in
674 3136 734 3221 qua
752 3144 945 3222 questionem
964 3144 1073 3202 hebere
1089 3144 1243 3204 studebat:
1278 3147 1343 3219 sed,

241 3236 282 3294 illi
304 3237 415 3297 dictato
435 3237 558 3317 judicio,
572 3256 618 3297 me
640 3236 790 3297 dominum
809 3236 946 3316 persequi
962 3233 1165 3296 couveniebrit.
1208 3237 1299 3297 Nunc
1312 3248 1344 3300 et

240 3329 311 3387 mihi
324 3329 404 3390 litem
418 3322 552 3402 intendit,
566 3341 597 3390 et
614 3329 696 3389 illum
718 3338 860 3397 accusat:
873 3339 949 3408 “quoe
961 3327 1079 3407 legibus
1092 3328 1247 3388 interdicta
1259 3340 1341 3389 sunt.

240 3420 314 3488 Quis
329 3420 407 3480 enirn
422 3440 549 3500 unquam
568 3422 682 3481 actione
696 3430 800 3480 contra
814 3420 964 3481 dominum
977 3420 1121 3496 instituta,
1136 3441 1262 3494 servum,
1276 3431 1342 3483 tan·

239 3532 328 3591 quam
339 3513 385 3571 sui
394 3514 467 3587 juris
481 3514 639 3586 hominem,
655 3526 738 3574 reum
753 3512 867 3591 egerit?

274 3607 330 3664 ¹l0.
352 3604 487 3674 Quodsi
511 3607 576 3684 quis
600 3626 667 3665 eum
693 3605 889 3685 interrogarit,
902 3626 970 3684 quae
989 3607 1042 3666 tibi
1064 3626 1154 3667 causa
1174 3617 1220 3665 est
1237 3615 1341 3665 contra

240 3696 436 3757 Nicobulum?
472 3695 616 3769 Oderunt,
644 3698 750 3778 inquit,
779 3698 986 3770 Athenienses,
1013 3682 1218 3759 foeneratores:
1249 3690 1340 3760 Nico·
1385 3766 1390 3775 ¹
1467 3671 1468 3730 3

238 3790 325 3850 bulue
337 3801 435 3850 eutem
455 3790 615 3851 invidiosus
629 3801 685 3862 est,
699 3802 730 3851 et
744 3791 880 3850 celeriter-
889 3791 1030 3861 ambulat,
1045 3800 1076 3849 et
1086 3791 1227 3869 maguum
1240 3801 1342 3866 sonat,

239 3893 270 3941 et
282 3882 421 3943 baculum
436 3884 525 3963 gerit:
548 3904 584 3944 ea
597 3902 677 3955 vero,
690 3884 797 3962 inquit,
818 3902 836 3942 a
858 3902 907 3943 me
920 3890 991 3943 suut
1002 3883 1111 3942 omnia.
1153 3882 1228 3941 Hoec
1242 3880 1343 3945 dicere

239 3980 298 4035 uon
316 3974 471 4047 erubescit,
485 3995 580 4054 neque
603 3996 655 4037 eos
673 3976 724 4055 qui
742 3969 868 4035 audiunt
885 3974 1050 4054 intelligere
1068 3984 1163 4053 putat,
1178 3974 1341 4035 calumnis·

237 4062 309 4128 toris
324 4086 391 4129 esse
405 4068 491 4127 istam
505 4068 725 4147 cogitationem,
739 4088 800 4127 non
813 4068 879 4147 ejus
892 4067 939 4127 cui
960 4068 1039 4126 lacta
1059 4067 1099 4126 sit
1117 4067 1230 4146 injuria.
1246 4101 1250 4108 ·
1274 4066 1340 4147 Ego

239 4180 308 4222 vcro
320 4161 456 4240 injurium
474 4159 525 4237 qui
541 4169 656 4219 mutuet
669 4170 743 4241 puto
756 4178 821 4220 esse
835 4159 998 4219 neminem:
1018 4169 1049 4218 et
1072 4168 1172 4218 tamen
1193 4151 1338 4236 quosdam

236 4256 341 4314 merito
352 4240 557 4315 vobis'invisos
571 4272 646 4323 esse,
662 4252 712 4331 qui
735 4262 883 4335 artemon
901 4272 939 4311 ea
953 4247 986 4311 re
1005 4252 1149 4322 lecerunt,
1163 4250 1243 4329 apud
1263 4270 1340 4329 quos

235 4366 291 4407 nec
302 4348 394 4408 venire
407 4365 465 4407 neo
478 4345 530 4405 ulli
546 4346 587 4405 rei
608 4344 694 4405 locus
713 4354 770 4423 est,
784 4344 833 4423 qui
848 4342 962 4403 animos
977 4343 1007 4401 in
1021 4342 1078 4401 boc
1092 4360 1182 4401 unum
1206 4341 1336 4401 intentos

235 4434 358 4515 habent,
372 4451 405 4501 ut
425 4440 493 4519 plur
514 4438 660 4518 accipiant
679 4454 769 4515 quam
787 4435 939 4496 dederont.
982 4434 1059 4495 Cum
1079 4432 1157 4493 enirn
1174 4452 1253 4515 sepe
1270 4452 1337 4494 rnu-
