<?xml version="1.0" encoding="UTF-8"?>
<!DOCTYPE html PUBLIC "-//W3C//DTD XHTML 1.0 Transitional//EN"
    "http://www.w3.org/TR/xhtml1/DTD/xhtml1-transitional.dtd">
<html xmlns="http://www.w3.org/1999/xhtml" xml:lang="en" lang="en">
 <head>
  <title>
</title>
<meta http-equiv="Content-Type" content="text/html;charset=utf-8" />
  <meta name='ocr-system' content='tesseract 3.04.00' />
  <meta name='ocr-capabilities' content='ocr_page ocr_carea ocr_par ocr_line ocrx_word'/>
</head>
<body>
  <div class='ocr_page' id='page_1' title='image "./demosthenisetsc06ulpigoog_0135.png"; bbox 0 0 2967 4950; ppageno 0'>
   <div class='ocr_carea' id='block_1_1' title="bbox 525 279 1258 349">
    <p class='ocr_par' dir='ltr' id='par_1_1' title="bbox 525 279 1258 349">
     <span class='ocr_line' id='line_1_1' title="bbox 525 279 1258 349; baseline 0 0"><span class='ocrx_word' id='word_1_1' title='bbox 525 282 570 349; x_wconf 83' lang='lat' dir='ltr'>IN</span> <span class='ocrx_word' id='word_1_2' title='bbox 592 283 846 349; x_wconf 79' lang='lat' dir='ltr'><strong>STEPHANUM</strong></span> <span class='ocrx_word' id='word_1_3' title='bbox 861 285 895 347; x_wconf 87' lang='lat'>.1.</span> <span class='ocrx_word' id='word_1_4' title='bbox 1198 279 1258 349; x_wconf 77' lang='lat' dir='ltr'>tut</span> 
     </span>
    </p>
   </div>
   <div class='ocr_carea' id='block_1_2' title="bbox 108 438 1296 2745">
    <p class='ocr_par' dir='ltr' id='par_1_2' title="bbox 108 438 1296 2745">
     <span class='ocr_line' id='line_1_2' title="bbox 153 438 1259 521; baseline 0 -16"><span class='ocrx_word' id='word_1_5' title='bbox 153 439 265 505; x_wconf 75' lang='lat' dir='ltr'>blicam</span> <span class='ocrx_word' id='word_1_6' title='bbox 279 438 358 521; x_wconf 89' lang='lat' dir='ltr'>apud</span> <span class='ocrx_word' id='word_1_7' title='bbox 374 440 511 503; x_wconf 78' lang='lat' dir='ltr'>Servitus</span> <span class='ocrx_word' id='word_1_8' title='bbox 530 443 558 502; x_wconf 89' lang='lat' dir='ltr'>ei</span> <span class='ocrx_word' id='word_1_9' title='bbox 574 442 707 505; x_wconf 86' lang='lat' dir='ltr'>intendo.</span> <span class='ocrx_word' id='word_1_10' title='bbox 748 440 952 504; x_wconf 82' lang='lat' dir='ltr'>Intercedente</span> <span class='ocrx_word' id='word_1_11' title='bbox 969 447 1070 503; x_wconf 76' lang='lat' dir='ltr'>auam</span> <span class='ocrx_word' id='word_1_12' title='bbox 1083 459 1259 515; x_wconf 84' lang='lat' dir='ltr'>mom,·cnm</span> 
     </span>
     <span class='ocr_line' id='line_1_3' title="bbox 150 532 1257 613; baseline 0.003 -18"><span class='ocrx_word' id='word_1_13' title='bbox 150 543 188 595; x_wconf 83' lang='lat' dir='ltr'>et</span> <span class='ocrx_word' id='word_1_14' title='bbox 201 532 478 605; x_wconf 82' lang='lat' dir='ltr'>ectio·cluderstur;</span> <span class='ocrx_word' id='word_1_15' title='bbox 483 545 516 595; x_wconf 88' lang='lat' dir='ltr'>et</span> <span class='ocrx_word' id='word_1_16' title='bbox 523 534 640 613; x_wconf 84' lang='lat' dir='ltr'>judicia</span> <span class='ocrx_word' id='word_1_17' title='bbox 645 556 705 597; x_wconf 92' lang='lat' dir='ltr'>non</span> <span class='ocrx_word' id='word_1_18' title='bbox 714 546 928 610; x_wconf 71' lang='lat' dir='ltr'>exercerentur,</span> <span class='ocrx_word' id='word_1_19' title='bbox 938 545 1031 596; x_wconf 85' lang='lat' dir='ltr'>mater</span> <span class='ocrx_word' id='word_1_20' title='bbox 1039 554 1078 595; x_wconf 87' lang='lat' dir='ltr'>ex</span> <span class='ocrx_word' id='word_1_21' title='bbox 1087 532 1139 594; x_wconf 86' lang='lat' dir='ltr'>illo</span> <span class='ocrx_word' id='word_1_22' title='bbox 1148 534 1257 598; x_wconf 82' lang='lat' dir='ltr'>liberos</span> 
     </span>
     <span class='ocr_line' id='line_1_4' title="bbox 156 626 1258 706; baseline 0.002 -19"><span class='ocrx_word' id='word_1_23' title='bbox 156 626 289 706; x_wconf 76' lang='lat' dir='ltr'><strong>suscipit.</strong></span> <span class='ocrx_word' id='word_1_24' title='bbox 333 626 373 687; x_wconf 88' lang='lat' dir='ltr'>Et</span> <span class='ocrx_word' id='word_1_25' title='bbox 381 628 638 706; x_wconf 79' lang='lat' dir='ltr'>postea-dicetur</span> <span class='ocrx_word' id='word_1_26' title='bbox 649 630 725 690; x_wconf 87' lang='lat' dir='ltr'>enim</span> <span class='ocrx_word' id='word_1_27' title='bbox 736 628 776 689; x_wconf 83' lang='lat' dir='ltr'>ed</span> <span class='ocrx_word' id='word_1_28' title='bbox 785 648 848 702; x_wconf 89' lang='lat' dir='ltr'>vos,</span> <span class='ocrx_word' id='word_1_29' title='bbox 860 630 879 689; x_wconf 88' lang='lat' dir='ltr'>J</span> <span class='ocrx_word' id='word_1_30' title='bbox 881 629 992 702; x_wconf 89' lang='lat' dir='ltr'>udices,</span> <span class='ocrx_word' id='word_1_31' title='bbox 1001 628 1096 689; x_wconf 90' lang='lat' dir='ltr'>omnis</span> <span class='ocrx_word' id='word_1_32' title='bbox 1109 628 1258 689; x_wconf 78' lang='lat' dir='ltr'>veritas-</span> 
     </span>
     <span class='ocr_line' id='line_1_5' title="bbox 156 717 1257 801; baseline -0.001 -21"><span class='ocrx_word' id='word_1_33' title='bbox 156 719 296 780; x_wconf 83' lang='lat' dir='ltr'>multa-et</span> <span class='ocrx_word' id='word_1_34' title='bbox 306 717 419 779; x_wconf 86' lang='lat' dir='ltr'>blanda</span> <span class='ocrx_word' id='word_1_35' title='bbox 432 722 521 781; x_wconf 86' lang='lat' dir='ltr'>verba</span> <span class='ocrx_word' id='word_1_36' title='bbox 540 722 650 783; x_wconf 86' lang='lat' dir='ltr'>flebant</span> <span class='ocrx_word' id='word_1_37' title='bbox 668 730 792 782; x_wconf 84' lang='lat' dir='ltr'>amatre</span> <span class='ocrx_word' id='word_1_38' title='bbox 809 721 1082 801; x_wconf 77' lang='lat' dir='ltr'>etdeprecatio&#39;ues</span> <span class='ocrx_word' id='word_1_39' title='bbox 1094 721 1257 801; x_wconf 80' lang='lat' dir='ltr'>pro&#39;Phor·</span> 
     </span>
     <span class='ocr_line' id='line_1_6' title="bbox 154 811 1257 893; baseline 0.001 -20"><span class='ocrx_word' id='word_1_40' title='bbox 154 814 275 873; x_wconf 63' lang='lat' dir='ltr'>minam</span> <span class='ocrx_word' id='word_1_41' title='bbox 296 811 391 871; x_wconf 87' lang='lat' dir='ltr'>multa</span> <span class='ocrx_word' id='word_1_42' title='bbox 404 812 492 873; x_wconf 88' lang='lat' dir='ltr'>etiam</span> <span class='ocrx_word' id='word_1_43' title='bbox 505 825 537 875; x_wconf 89' lang='lat' dir='ltr'>et</span> <span class='ocrx_word' id='word_1_44' title='bbox 549 814 684 877; x_wconf 81' lang='lat' dir='ltr'>modesta</span> <span class='ocrx_word' id='word_1_45' title='bbox 697 823 727 873; x_wconf 94' lang='lat' dir='ltr'>et</span> <span class='ocrx_word' id='word_1_46' title='bbox 735 812 857 873; x_wconf 87' lang='lat' dir='ltr'>humilia</span> <span class='ocrx_word' id='word_1_47' title='bbox 865 814 903 873; x_wconf 88' lang='lat' dir='ltr'>ab</span> <span class='ocrx_word' id='word_1_48' title='bbox 916 814 967 874; x_wconf 89' lang='lat' dir='ltr'>illo</span> <span class='ocrx_word' id='word_1_49' title='bbox 977 814 1051 893; x_wconf 93' lang='lat' dir='ltr'>ipso.</span> <span class='ocrx_word' id='word_1_50' title='bbox 1094 814 1136 873; x_wconf 91' lang='lat' dir='ltr'>Ut</span> <span class='ocrx_word' id='word_1_51' title='bbox 1148 823 1257 886; x_wconf 82' lang='lat' dir='ltr'>autem,</span> 
     </span>
     <span class='ocr_line' id='line_1_7' title="bbox 155 904 1258 986; baseline 0.002 -21"><span class='ocrx_word' id='word_1_52' title='bbox 155 904 438 983; x_wconf 62' lang='lat' dir='ltr'>Atheniensesque</span> <span class='ocrx_word' id='word_1_53' title='bbox 457 906 522 965; x_wconf 88' lang='lat' dir='ltr'>haec</span> <span class='ocrx_word' id='word_1_54' title='bbox 535 906 637 986; x_wconf 85' lang='lat' dir='ltr'>paucis</span> <span class='ocrx_word' id='word_1_55' title='bbox 659 906 820 978; x_wconf 78' lang='lat' dir='ltr'>absolvam,</span> <span class='ocrx_word' id='word_1_56' title='bbox 830 905 903 965; x_wconf 90' lang='lat' dir='ltr'>nihil</span> <span class='ocrx_word' id='word_1_57' title='bbox 920 925 1021 966; x_wconf 86' lang='lat' dir='ltr'>corum</span> <span class='ocrx_word' id='word_1_58' title='bbox 1040 925 1107 985; x_wconf 75' lang='lat' dir='ltr'>quaa</span> <span class='ocrx_word' id='word_1_59' title='bbox 1127 914 1190 965; x_wconf 89' lang='lat' dir='ltr'>tum</span> <span class='ocrx_word' id='word_1_60' title='bbox 1211 926 1258 967; x_wconf 81' lang='lat' dir='ltr'>rs·</span> 
     </span>
     <span class='ocr_line' id='line_1_8' title="bbox 155 996 1258 1080; baseline 0.002 -23"><span class='ocrx_word' id='word_1_61' title='bbox 155 1008 291 1079; x_wconf 87' lang='lat' dir='ltr'>ceperat·</span> <span class='ocrx_word' id='word_1_62' title='bbox 301 996 353 1059; x_wconf 81' lang='lat' dir='ltr'>silai</span> <span class='ocrx_word' id='word_1_63' title='bbox 362 1038 365 1047; x_wconf 83' lang='lat'>·</span> <span class='ocrx_word' id='word_1_64' title='bbox 374 997 543 1061; x_wconf 83' lang='lat' dir='ltr'>laciendum</span> <span class='ocrx_word' id='word_1_65' title='bbox 560 1000 694 1080; x_wconf 84' lang='lat' dir='ltr'>putabat,</span> <span class='ocrx_word' id='word_1_66' title='bbox 706 1010 813 1079; x_wconf 82' lang='lat' dir='ltr'>meque</span> <span class='ocrx_word' id='word_1_67' title='bbox 825 997 958 1078; x_wconf 90' lang='lat' dir='ltr'>pecuniis</span> <span class='ocrx_word' id='word_1_68' title='bbox 973 998 1111 1059; x_wconf 80' lang='lat' dir='ltr'>fraudare</span> <span class='ocrx_word' id='word_1_69' title='bbox 1123 997 1258 1059; x_wconf 86' lang='lat' dir='ltr'>institue·</span> 
     </span>
     <span class='ocr_line' id='line_1_9' title="bbox 156 1084 1257 1171; baseline 0 -18"><span class='ocrx_word' id='word_1_70' title='bbox 156 1092 217 1153; x_wconf 78' lang='lat' dir='ltr'>hat·</span> <span class='ocrx_word' id='word_1_71' title='bbox 227 1110 299 1170; x_wconf 86' lang='lat' dir='ltr'>quas</span> <span class='ocrx_word' id='word_1_72' title='bbox 311 1109 420 1151; x_wconf 74' lang='lat' dir='ltr'>mensas</span> <span class='ocrx_word' id='word_1_73' title='bbox 433 1090 562 1153; x_wconf 87' lang='lat' dir='ltr'>habebat</span> <span class='ocrx_word' id='word_1_74' title='bbox 574 1102 693 1165; x_wconf 79' lang='lat' dir='ltr'>sortem,</span> <span class='ocrx_word' id='word_1_75' title='bbox 705 1092 745 1152; x_wconf 51' lang='lat' dir='ltr'>‘in</span> <span class='ocrx_word' id='word_1_76' title='bbox 764 1092 815 1171; x_wconf 88' lang='lat' dir='ltr'>jus</span> <span class='ocrx_word' id='word_1_77' title='bbox 833 1084 902 1151; x_wconf 88' lang='lat' dir='ltr'>eum</span> <span class='ocrx_word' id='word_1_78' title='bbox 913 1109 1020 1151; x_wconf 85' lang='lat' dir='ltr'>vocare</span> <span class='ocrx_word' id='word_1_79' title='bbox 1034 1102 1162 1156; x_wconf 87' lang='lat' dir='ltr'>&#39;coactus</span> <span class='ocrx_word' id='word_1_80' title='bbox 1180 1110 1257 1165; x_wconf 89' lang='lat' dir='ltr'>sum,</span> 
     </span>
     <span class='ocr_line' id='line_1_10' title="bbox 156 1182 1258 1263; baseline 0.002 -21"><span class='ocrx_word' id='word_1_81' title='bbox 156 1182 366 1263; x_wconf 90' lang='lat' dir='ltr'>cumprimum</span> <span class='ocrx_word' id='word_1_82' title='bbox 383 1192 514 1263; x_wconf 86' lang='lat' dir='ltr'>potestas</span> <span class='ocrx_word' id='word_1_83' title='bbox 527 1184 597 1245; x_wconf 89' lang='lat' dir='ltr'>data</span> <span class='ocrx_word' id='word_1_84' title='bbox 616 1184 679 1245; x_wconf 85' lang='lat' dir='ltr'>luit.</span> <span class='ocrx_word' id='word_1_85' title='bbox 705 1212 707 1217; x_wconf 34' lang='lat' dir='ltr'>v</span> <span class='ocrx_word' id='word_1_86' title='bbox 721 1183 775 1243; x_wconf 90' lang='lat' dir='ltr'>Illa</span> <span class='ocrx_word' id='word_1_87' title='bbox 788 1202 859 1244; x_wconf 83' lang='lat' dir='ltr'>sero</span> <span class='ocrx_word' id='word_1_88' title='bbox 873 1202 942 1244; x_wconf 90' lang='lat' dir='ltr'>oum</span> <span class='ocrx_word' id='word_1_89' title='bbox 960 1182 1145 1263; x_wconf 78' lang='lat' dir='ltr'>intelligeret,</span> <span class='ocrx_word' id='word_1_90' title='bbox 1159 1184 1258 1248; x_wconf 85' lang='lat' dir='ltr'>omnis</span> 
     </span>
     <span class='ocr_line' id='line_1_11' title="bbox 154 1274 1258 1355; baseline -0.001 -17"><span class='ocrx_word' id='word_1_91' title='bbox 154 1274 255 1355; x_wconf 63' lang='lat' dir='ltr'>paam</span> <span class='ocrx_word' id='word_1_92' title='bbox 272 1275 337 1337; x_wconf 85' lang='lat' dir='ltr'>fore</span> <span class='ocrx_word' id='word_1_93' title='bbox 350 1296 385 1337; x_wconf 85' lang='lat' dir='ltr'>uc</span> <span class='ocrx_word' id='word_1_94' title='bbox 398 1276 630 1337; x_wconf 86' lang='lat' dir='ltr'>demonstratum</span> <span class='ocrx_word' id='word_1_95' title='bbox 644 1278 679 1337; x_wconf 87' lang='lat' dir='ltr'>iri</span> <span class='ocrx_word' id='word_1_96' title='bbox 693 1296 726 1338; x_wconf 85' lang='lat' dir='ltr'>se</span> <span class='ocrx_word' id='word_1_97' title='bbox 740 1277 870 1337; x_wconf 86' lang='lat' dir='ltr'>omnium</span> <span class='ocrx_word' id='word_1_98' title='bbox 880 1274 1032 1336; x_wconf 87' lang='lat' dir='ltr'>hominum</span> <span class='ocrx_word' id='word_1_99' title='bbox 1045 1275 1076 1335; x_wconf 92' lang='lat' dir='ltr'>in</span> <span class='ocrx_word' id='word_1_100' title='bbox 1094 1289 1150 1336; x_wconf 82' lang='lat' dir='ltr'>n&#39;os</span> <span class='ocrx_word' id='word_1_101' title='bbox 1163 1277 1258 1341; x_wconf 79' lang='lat' dir='ltr'>scele-</span> 
     </span>
     <span class='ocr_line' id='line_1_12' title="bbox 153 1367 1258 1448; baseline 0.002 -21"><span class='ocrx_word' id='word_1_102' title='bbox 153 1368 504 1443; x_wconf 83' lang='lat' dir='ltr'>ratissimum-exstitisse,</span> <span class='ocrx_word' id='word_1_103' title='bbox 519 1370 551 1430; x_wconf 93' lang='lat' dir='ltr'>id</span> <span class='ocrx_word' id='word_1_104' title='bbox 565 1368 750 1433; x_wconf 84' lang='lat' dir='ltr'>machinatur</span> <span class='ocrx_word' id='word_1_105' title='bbox 763 1379 794 1430; x_wconf 92' lang='lat' dir='ltr'>et</span> <span class='ocrx_word' id='word_1_106' title='bbox 810 1369 935 1443; x_wconf 88' lang='lat' dir='ltr'>instruit,</span> <span class='ocrx_word' id='word_1_107' title='bbox 948 1378 983 1428; x_wconf 90' lang='lat' dir='ltr'>ut</span> <span class='ocrx_word' id='word_1_108' title='bbox 999 1367 1167 1448; x_wconf 86' lang='lat' dir='ltr'>Stephanos</span> <span class='ocrx_word' id='word_1_109' title='bbox 1179 1368 1258 1429; x_wconf 82' lang='lat' dir='ltr'>falso</span> 
     </span>
     <span class='ocr_line' id='line_1_13' title="bbox 154 1461 1257 1545; baseline -0.002 -24"><span class='ocrx_word' id='word_1_110' title='bbox 154 1478 204 1521; x_wconf 86' lang='lat' dir='ltr'>me</span> <span class='ocrx_word' id='word_1_111' title='bbox 216 1461 384 1527; x_wconf 84' lang='lat' dir='ltr'>testimonio</span> <span class='ocrx_word' id='word_1_112' title='bbox 400 1462 585 1543; x_wconf 86' lang='lat' dir='ltr'>opprimeret.</span> <span class='ocrx_word' id='word_1_113' title='bbox 605 1522 606 1527; x_wconf 71' lang='grc'>,</span> <span class='ocrx_word' id='word_1_114' title='bbox 624 1463 670 1525; x_wconf 85' lang='lat' dir='ltr'>Ac</span> <span class='ocrx_word' id='word_1_115' title='bbox 683 1463 808 1545; x_wconf 90' lang='lat' dir='ltr'>primum</span> <span class='ocrx_word' id='word_1_116' title='bbox 822 1462 939 1536; x_wconf 86' lang='lat' dir='ltr'>actioni,</span> <span class='ocrx_word' id='word_1_117' title='bbox 953 1481 1013 1541; x_wconf 90' lang='lat' dir='ltr'>qua</span> <span class='ocrx_word' id='word_1_118' title='bbox 1021 1480 1089 1521; x_wconf 90' lang='lat' dir='ltr'>reus</span> <span class='ocrx_word' id='word_1_119' title='bbox 1102 1463 1257 1540; x_wconf 80' lang='lat' dir='ltr'>agebatur,</span> 
     </span>
     <span class='ocr_line' id='line_1_14' title="bbox 108 1553 1296 1637; baseline -0.002 -22"><span class='ocrx_word' id='word_1_120' title='bbox 108 1613 111 1621; x_wconf 88' lang='grc'><em>,</em></span> <span class='ocrx_word' id='word_1_121' title='bbox 155 1554 296 1615; x_wconf 77' lang='lat' dir='ltr'>Phosmio</span> <span class='ocrx_word' id='word_1_122' title='bbox 309 1555 514 1635; x_wconf 79' lang='lat' dir='ltr'>exceptionem</span> <span class='ocrx_word' id='word_1_123' title='bbox 527 1557 768 1637; x_wconf 85' lang='lat' dir='ltr'>opponebutnon</span> <span class='ocrx_word' id='word_1_124' title='bbox 780 1554 1025 1616; x_wconf 85' lang='lat' dir='ltr'>conveniremihi</span> <span class='ocrx_word' id='word_1_125' title='bbox 1042 1553 1188 1620; x_wconf 85' lang='lat' dir='ltr'>actionem</span> <span class='ocrx_word' id='word_1_126' title='bbox 1205 1565 1256 1613; x_wconf 84' lang='lat' dir='ltr'>as·</span> <span class='ocrx_word' id='word_1_127' title='bbox 1290 1574 1296 1585; x_wconf 91' lang='lat'><strong>·</strong></span> 
     </span>
     <span class='ocr_line' id='line_1_15' title="bbox 155 1644 1259 1727; baseline -0.002 -18"><span class='ocrx_word' id='word_1_128' title='bbox 155 1665 259 1709; x_wconf 83' lang='lat' dir='ltr'>serens</span> <span class='ocrx_word' id='word_1_129' title='bbox 270 1666 278 1705; x_wconf 75' lang='grc' dir='ltr'><strong>ε</strong></span> <span class='ocrx_word' id='word_1_130' title='bbox 301 1645 411 1707; x_wconf 87' lang='lat' dir='ltr'>deinde</span> <span class='ocrx_word' id='word_1_131' title='bbox 420 1656 523 1719; x_wconf 86' lang='lat' dir='ltr'>testes,</span> <span class='ocrx_word' id='word_1_132' title='bbox 536 1667 584 1709; x_wconf 88' lang='lat' dir='ltr'>me</span> <span class='ocrx_word' id='word_1_133' title='bbox 595 1667 697 1711; x_wconf 86' lang='lat' dir='ltr'>secum</span> <span class='ocrx_word' id='word_1_134' title='bbox 710 1646 898 1727; x_wconf 73' lang='lat' dir='ltr'>transegisse,</span> <span class='ocrx_word' id='word_1_135' title='bbox 915 1644 1013 1713; x_wconf 64' lang='lat' dir='ltr'>falsos,</span> <span class='ocrx_word' id='word_1_136' title='bbox 1020 1645 1214 1726; x_wconf 84' lang='lat' dir='ltr'>producebat,</span> <span class='ocrx_word' id='word_1_137' title='bbox 1227 1654 1259 1707; x_wconf 88' lang='lat' dir='ltr'>et</span> 
     </span>
     <span class='ocr_line' id='line_1_16' title="bbox 155 1737 1255 1817; baseline -0.003 -17"><span class='ocrx_word' id='word_1_138' title='bbox 155 1738 313 1812; x_wconf 85' lang='lat' dir='ltr'>locationis</span> <span class='ocrx_word' id='word_1_139' title='bbox 334 1739 489 1817; x_wconf 83' lang='lat' dir='ltr'>cujusdam</span> <span class='ocrx_word' id='word_1_140' title='bbox 511 1741 730 1811; x_wconf 74' lang='lat' dir='ltr'>commentitia,</span> <span class='ocrx_word' id='word_1_141' title='bbox 753 1749 785 1799; x_wconf 89' lang='lat' dir='ltr'>et</span> <span class='ocrx_word' id='word_1_142' title='bbox 805 1738 975 1801; x_wconf 85' lang='lat' dir='ltr'>testamenti</span> <span class='ocrx_word' id='word_1_143' title='bbox 994 1752 1148 1817; x_wconf 81' lang='lat' dir='ltr'>nunquam</span> <span class='ocrx_word' id='word_1_144' title='bbox 1170 1737 1255 1799; x_wconf 85' lang='lat' dir='ltr'>facti.</span> 
     </span>
     <span class='ocr_line' id='line_1_17' title="bbox 155 1829 1258 1913; baseline 0 -22"><span class='ocrx_word' id='word_1_145' title='bbox 155 1829 235 1891; x_wconf 82' lang='lat' dir='ltr'>Cum</span> <span class='ocrx_word' id='word_1_146' title='bbox 247 1830 399 1893; x_wconf 76' lang='lat' dir='ltr'>resonuihi</span> <span class='ocrx_word' id='word_1_147' title='bbox 411 1832 536 1913; x_wconf 85' lang='lat' dir='ltr'>priorem</span> <span class='ocrx_word' id='word_1_148' title='bbox 547 1833 664 1894; x_wconf 89' lang='lat' dir='ltr'>dicendi</span> <span class='ocrx_word' id='word_1_149' title='bbox 676 1833 775 1894; x_wconf 89' lang='lat' dir='ltr'>locum</span> <span class='ocrx_word' id='word_1_150' title='bbox 788 1831 997 1912; x_wconf 63' lang='lat' dir='ltr'>proripuisset,</span> <span class='ocrx_word' id='word_1_151' title='bbox 1010 1830 1258 1912; x_wconf 81' lang='lat' dir='ltr'>proptereaquod</span> 
     </span>
     <span class='ocr_line' id='line_1_18' title="bbox 154 1923 1257 2007; baseline -0.002 -22"><span class='ocrx_word' id='word_1_152' title='bbox 154 1924 425 2004; x_wconf 72' lang='lat' dir='ltr'>prascriptioerat,</span> <span class='ocrx_word' id='word_1_153' title='bbox 438 1944 534 2005; x_wconf 82' lang='lat' dir='ltr'>neque</span> <span class='ocrx_word' id='word_1_154' title='bbox 552 1936 632 1987; x_wconf 86' lang='lat' dir='ltr'>recto</span> <span class='ocrx_word' id='word_1_155' title='bbox 641 1923 757 2007; x_wconf 89' lang='lat' dir='ltr'>judicio</span> <span class='ocrx_word' id='word_1_156' title='bbox 770 1923 1035 2003; x_wconf 75' lang='lat' dir='ltr'>congrediebatur:</span> <span class='ocrx_word' id='word_1_157' title='bbox 1056 1943 1151 2003; x_wconf 87' lang='lat' dir='ltr'>eaque</span> <span class='ocrx_word' id='word_1_158' title='bbox 1169 1924 1257 2003; x_wconf 80' lang='lat' dir='ltr'>legis·</span> 
     </span>
     <span class='ocr_line' id='line_1_19' title="bbox 155 2016 1261 2099; baseline 0 -22"><span class='ocrx_word' id='word_1_159' title='bbox 155 2025 216 2087; x_wconf 80' lang='lat' dir='ltr'>set,</span> <span class='ocrx_word' id='word_1_160' title='bbox 226 2026 262 2077; x_wconf 90' lang='lat' dir='ltr'>et</span> <span class='ocrx_word' id='word_1_161' title='bbox 271 2026 387 2091; x_wconf 73' lang='lat' dir='ltr'>caetera,</span> <span class='ocrx_word' id='word_1_162' title='bbox 399 2026 435 2077; x_wconf 89' lang='lat' dir='ltr'>ut</span> <span class='ocrx_word' id='word_1_163' title='bbox 447 2018 501 2078; x_wconf 84' lang='lat' dir='ltr'>sibi</span> <span class='ocrx_word' id='word_1_164' title='bbox 513 2018 651 2099; x_wconf 86' lang='lat' dir='ltr'>expedire</span> <span class='ocrx_word' id='word_1_165' title='bbox 664 2020 797 2099; x_wconf 85' lang='lat' dir='ltr'>putabat,</span> <span class='ocrx_word' id='word_1_166' title='bbox 811 2017 954 2078; x_wconf 86' lang='lat' dir='ltr'>mentitus</span> <span class='ocrx_word' id='word_1_167' title='bbox 969 2016 1114 2091; x_wconf 67' lang='lat' dir='ltr'>esset,‚ita</span> <span class='ocrx_word' id='word_1_168' title='bbox 1125 2032 1261 2077; x_wconf 84' lang='lat' dir='ltr'>commo·</span> 
     </span>
     <span class='ocr_line' id='line_1_20' title="bbox 154 2107 1258 2191; baseline 0.001 -22"><span class='ocrx_word' id='word_1_169' title='bbox 154 2107 201 2169; x_wconf 84' lang='lat' dir='ltr'>rit</span> <span class='ocrx_word' id='word_1_170' title='bbox 208 2108 336 2188; x_wconf 89' lang='lat' dir='ltr'>judices,</span> <span class='ocrx_word' id='word_1_171' title='bbox 350 2118 384 2172; x_wconf 88' lang='lat' dir='ltr'>ut</span> <span class='ocrx_word' id='word_1_172' title='bbox 396 2129 434 2169; x_wconf 90' lang='lat' dir='ltr'>ne</span> <span class='ocrx_word' id='word_1_173' title='bbox 445 2112 675 2191; x_wconf 86' lang='lat' dir='ltr'>vocemquidem</span> <span class='ocrx_word' id='word_1_174' title='bbox 689 2111 781 2173; x_wconf 89' lang='lat' dir='ltr'>ullam</span> <span class='ocrx_word' id='word_1_175' title='bbox 794 2121 925 2182; x_wconf 86' lang='lat' dir='ltr'>nostram</span> <span class='ocrx_word' id='word_1_176' title='bbox 937 2109 1038 2171; x_wconf 84' lang='lat' dir='ltr'>audire</span> <span class='ocrx_word' id='word_1_177' title='bbox 1052 2110 1172 2172; x_wconf 85' lang='lat' dir='ltr'>vellent.</span> <span class='ocrx_word' id='word_1_178' title='bbox 1193 2109 1258 2170; x_wconf 88' lang='lat' dir='ltr'>Da·</span> 
     </span>
     <span class='ocr_line' id='line_1_21' title="bbox 154 2201 1258 2284; baseline 0.002 -25"><span class='ocrx_word' id='word_1_179' title='bbox 154 2208 275 2272; x_wconf 58' lang='lat' dir='ltr'>manuus</span> <span class='ocrx_word' id='word_1_180' title='bbox 281 2201 373 2280; x_wconf 84' lang='lat' dir='ltr'>igitur</span> <span class='ocrx_word' id='word_1_181' title='bbox 385 2201 522 2263; x_wconf 86' lang='lat' dir='ltr'>etiamad</span> <span class='ocrx_word' id='word_1_182' title='bbox 535 2203 677 2263; x_wconf 85' lang='lat' dir='ltr'>mulctam</span> <span class='ocrx_word' id='word_1_183' title='bbox 691 2202 872 2277; x_wconf 84' lang='lat' dir='ltr'>solvendam,</span> <span class='ocrx_word' id='word_1_184' title='bbox 881 2222 918 2263; x_wconf 94' lang='lat' dir='ltr'>ac</span> <span class='ocrx_word' id='word_1_185' title='bbox 930 2222 970 2263; x_wconf 89' lang='lat' dir='ltr'>ne</span> <span class='ocrx_word' id='word_1_186' title='bbox 981 2202 1180 2284; x_wconf 87' lang='lat' dir='ltr'>respondendi</span> <span class='ocrx_word' id='word_1_187' title='bbox 1192 2202 1258 2281; x_wconf 86' lang='lat' dir='ltr'>qui·</span> 
     </span>
     <span class='ocr_line' id='line_1_22' title="bbox 154 2292 1259 2375; baseline 0.002 -22"><span class='ocrx_word' id='word_1_188' title='bbox 154 2292 231 2361; x_wconf 86' lang='lat' dir='ltr'>dem·</span> <span class='ocrx_word' id='word_1_189' title='bbox 246 2292 386 2355; x_wconf 83' lang='lat' dir='ltr'>facultate</span> <span class='ocrx_word' id='word_1_190' title='bbox 407 2294 572 2373; x_wconf 83' lang='lat' dir='ltr'>impetrata,</span> <span class='ocrx_word' id='word_1_191' title='bbox 585 2296 835 2375; x_wconf 77' lang='lat' dir='ltr'>quemadmodum</span> <span class='ocrx_word' id='word_1_192' title='bbox 855 2294 935 2355; x_wconf 87' lang='lat' dir='ltr'>haud</span> <span class='ocrx_word' id='word_1_193' title='bbox 961 2296 1022 2367; x_wconf 87' lang='lat' dir='ltr'>scio</span> <span class='ocrx_word' id='word_1_194' title='bbox 1044 2316 1084 2355; x_wconf 86' lang='lat' dir='ltr'>au</span> <span class='ocrx_word' id='word_1_195' title='bbox 1107 2314 1177 2355; x_wconf 90' lang='lat' dir='ltr'>cum</span> <span class='ocrx_word' id='word_1_196' title='bbox 1196 2294 1259 2355; x_wconf 91' lang='lat' dir='ltr'>ullo</span> 
     </span>
     <span class='ocr_line' id='line_1_23' title="bbox 155 2386 1258 2471; baseline -0.003 -22"><span class='ocrx_word' id='word_1_197' title='bbox 155 2386 324 2459; x_wconf 81' lang='lat' dir='ltr'>mortalium</span> <span class='ocrx_word' id='word_1_198' title='bbox 344 2406 473 2465; x_wconf 84' lang='lat' dir='ltr'>unquam</span> <span class='ocrx_word' id='word_1_199' title='bbox 493 2397 590 2447; x_wconf 87' lang='lat' dir='ltr'>actum</span> <span class='ocrx_word' id='word_1_200' title='bbox 615 2389 663 2459; x_wconf 93' lang='lat' dir='ltr'>sit,</span> <span class='ocrx_word' id='word_1_201' title='bbox 687 2386 746 2471; x_wconf 86' lang='lat' dir='ltr'>abii</span> <span class='ocrx_word' id='word_1_202' title='bbox 768 2386 904 2464; x_wconf 79' lang='lat' dir='ltr'>graviter,</span> <span class='ocrx_word' id='word_1_203' title='bbox 923 2407 942 2447; x_wconf 94' lang='lat' dir='ltr'>o</span> <span class='ocrx_word' id='word_1_204' title='bbox 958 2387 1094 2457; x_wconf 74' lang='lat' dir='ltr'>ludices,</span> <span class='ocrx_word' id='word_1_205' title='bbox 1109 2396 1140 2447; x_wconf 91' lang='lat' dir='ltr'>et</span> <span class='ocrx_word' id='word_1_206' title='bbox 1159 2386 1258 2465; x_wconf 86' lang='lat' dir='ltr'>iniquo</span> 
     </span>
     <span class='ocr_line' id='line_1_24' title="bbox 155 2478 1256 2567; baseline 0.004 -29"><span class='ocrx_word' id='word_1_207' title='bbox 155 2478 258 2559; x_wconf 66' lang='lat' dir='ltr'>ammo</span> <span class='ocrx_word' id='word_1_208' title='bbox 266 2480 380 2552; x_wconf 32' lang='lat' dir='ltr'>,loreum</span> <span class='ocrx_word' id='word_1_209' title='bbox 397 2547 399 2550; x_wconf 53' lang='grc'><strong>,</strong></span> <span class='ocrx_word' id='word_1_210' title='bbox 412 2479 484 2554; x_wconf 81' lang='lat' dir='ltr'>Sed,</span> <span class='ocrx_word' id='word_1_211' title='bbox 497 2501 528 2540; x_wconf 86' lang='lat' dir='ltr'>re</span> <span class='ocrx_word' id='word_1_212' title='bbox 544 2499 612 2540; x_wconf 89' lang='lat' dir='ltr'>cum</span> <span class='ocrx_word' id='word_1_213' title='bbox 622 2480 720 2540; x_wconf 86' lang='lat' dir='ltr'>animo</span> <span class='ocrx_word' id='word_1_214' title='bbox 733 2498 801 2539; x_wconf 86' lang='lat' dir='ltr'>meo</span> <span class='ocrx_word' id='word_1_215' title='bbox 812 2478 953 2567; x_wconf 81' lang='lat' dir='ltr'>cogitata,</span> <span class='ocrx_word' id='word_1_216' title='bbox 966 2481 1063 2540; x_wconf 80' lang='lat' dir='ltr'>inveni</span> <span class='ocrx_word' id='word_1_217' title='bbox 1075 2481 1112 2542; x_wconf 88' lang='lat' dir='ltr'>iis</span> <span class='ocrx_word' id='word_1_218' title='bbox 1126 2481 1177 2560; x_wconf 86' lang='lat' dir='ltr'>qni</span> <span class='ocrx_word' id='word_1_219' title='bbox 1193 2491 1256 2542; x_wconf 87' lang='lat' dir='ltr'>turn</span> 
     </span>
     <span class='ocr_line' id='line_1_25' title="bbox 148 2571 1258 2654; baseline 0.002 -21"><span class='ocrx_word' id='word_1_220' title='bbox 148 2571 325 2654; x_wconf 63' lang='lat' dir='ltr'>judicamur</span> <span class='ocrx_word' id='word_1_221' title='bbox 337 2572 456 2634; x_wconf 87' lang='lat' dir='ltr'>omnino</span> <span class='ocrx_word' id='word_1_222' title='bbox 470 2593 536 2634; x_wconf 87' lang='lat' dir='ltr'>esse</span> <span class='ocrx_word' id='word_1_223' title='bbox 549 2573 862 2651; x_wconf 77' lang='lat' dir='ltr'>ignoscendum-ego</span> <span class='ocrx_word' id='word_1_224' title='bbox 876 2573 953 2632; x_wconf 90' lang='lat' dir='ltr'>enim</span> <span class='ocrx_word' id='word_1_225' title='bbox 966 2573 1048 2634; x_wconf 86' lang='lat' dir='ltr'>haud</span> <span class='ocrx_word' id='word_1_226' title='bbox 1061 2575 1122 2634; x_wconf 90' lang='lat' dir='ltr'>scio</span> <span class='ocrx_word' id='word_1_227' title='bbox 1134 2594 1172 2634; x_wconf 87' lang='lat' dir='ltr'>an</span> <span class='ocrx_word' id='word_1_228' title='bbox 1186 2574 1258 2654; x_wconf 87' lang='lat' dir='ltr'>quid</span> 
     </span>
     <span class='ocr_line' id='line_1_26' title="bbox 153 2665 1257 2745; baseline 0.004 -18"><span class='ocrx_word' id='word_1_229' title='bbox 153 2665 240 2743; x_wconf 66' lang='lat' dir='ltr'>aliud</span> <span class='ocrx_word' id='word_1_230' title='bbox 262 2665 453 2744; x_wconf 79' lang='lat' dir='ltr'>pronunciare</span> <span class='ocrx_word' id='word_1_231' title='bbox 470 2665 644 2745; x_wconf 82' lang='lat' dir='ltr'>potuissem,</span> <span class='ocrx_word' id='word_1_232' title='bbox 658 2667 683 2725; x_wconf 91' lang='lat' dir='ltr'>si</span> <span class='ocrx_word' id='word_1_233' title='bbox 697 2675 728 2725; x_wconf 90' lang='lat' dir='ltr'>et</span> <span class='ocrx_word' id='word_1_234' title='bbox 740 2684 837 2725; x_wconf 88' lang='lat' dir='ltr'>rerum</span> <span class='ocrx_word' id='word_1_235' title='bbox 845 2675 978 2728; x_wconf 77' lang='lat' dir='ltr'>actarrm</span> <span class='ocrx_word' id='word_1_236' title='bbox 990 2667 1122 2732; x_wconf 89' lang='lat' dir='ltr'>omnium</span> <span class='ocrx_word' id='word_1_237' title='bbox 1136 2665 1257 2731; x_wconf 77' lang='lat' dir='ltr'>tuismu</span> 
     </span>
    </p>
   </div>
   <div class='ocr_carea' id='block_1_3' title="bbox 152 2746 1257 3304">
    <p class='ocr_par' dir='ltr' id='par_1_3' title="bbox 152 2746 1257 3304">
     <span class='ocr_line' id='line_1_27' title="bbox 152 2746 1257 2838; baseline -0.002 -16"><span class='ocrx_word' id='word_1_238' title='bbox 152 2760 285 2838; x_wconf 63' lang='grc' dir='ltr'>ἰςηᾶωε,</span> <span class='ocrx_word' id='word_1_239' title='bbox 299 2767 330 2820; x_wconf 89' lang='lat' dir='ltr'>et</span> <span class='ocrx_word' id='word_1_240' title='bbox 343 2757 423 2838; x_wconf 81' lang='lat' dir='ltr'>dicta</span> <span class='ocrx_word' id='word_1_241' title='bbox 436 2757 553 2818; x_wconf 83' lang='lat' dir='ltr'>testium</span> <span class='ocrx_word' id='word_1_242' title='bbox 567 2758 796 2832; x_wconf 62' lang='lat' dir='ltr'>audivissem-7</span> <span class='ocrx_word' id='word_1_243' title='bbox 810 2758 916 2827; x_wconf 80' lang='lat' dir='ltr'>aedeis</span> <span class='ocrx_word' id='word_1_244' title='bbox 930 2746 1257 2832; x_wconf 80' lang='lat' dir='ltr'>succensendumesse,</span> 
     </span>
     <span class='ocr_line' id='line_1_28' title="bbox 154 2851 1257 2931; baseline 0.004 -21"><span class='ocrx_word' id='word_1_245' title='bbox 154 2851 211 2931; x_wconf 88' lang='lat' dir='ltr'>qui</span> <span class='ocrx_word' id='word_1_246' title='bbox 230 2851 311 2912; x_wconf 86' lang='lat' dir='ltr'>falsis</span> <span class='ocrx_word' id='word_1_247' title='bbox 337 2851 510 2910; x_wconf 79' lang='lat' dir='ltr'>testimoniis</span> <span class='ocrx_word' id='word_1_248' title='bbox 539 2851 669 2920; x_wconf 84' lang='lat' dir='ltr'>dicendis</span> <span class='ocrx_word' id='word_1_249' title='bbox 690 2851 795 2912; x_wconf 85' lang='lat' dir='ltr'>harum</span> <span class='ocrx_word' id='word_1_250' title='bbox 813 2872 910 2912; x_wconf 88' lang='lat' dir='ltr'>rerum</span> <span class='ocrx_word' id='word_1_251' title='bbox 929 2872 1020 2914; x_wconf 86' lang='lat' dir='ltr'>causa</span> <span class='ocrx_word' id='word_1_252' title='bbox 1040 2853 1171 2913; x_wconf 82' lang='lat' dir='ltr'>luerunt.</span> <span class='ocrx_word' id='word_1_253' title='bbox 1211 2855 1257 2914; x_wconf 80' lang='lat' dir='ltr'>Ao</span> 
     </span>
     <span class='ocr_line' id='line_1_29' title="bbox 154 2933 1257 3022; baseline 0.001 -16"><span class='ocrx_word' id='word_1_254' title='bbox 154 2947 198 3006; x_wconf 89' lang='lat' dir='ltr'>dc</span> <span class='ocrx_word' id='word_1_255' title='bbox 211 2943 278 3006; x_wconf 88' lang='lat' dir='ltr'>aliis</span> <span class='ocrx_word' id='word_1_256' title='bbox 289 2944 408 3022; x_wconf 87' lang='lat' dir='ltr'>quidem</span> <span class='ocrx_word' id='word_1_257' title='bbox 426 2944 561 3018; x_wconf 86' lang='lat' dir='ltr'>testibus,</span> <span class='ocrx_word' id='word_1_258' title='bbox 575 2965 643 3005; x_wconf 90' lang='lat' dir='ltr'>cum</span> <span class='ocrx_word' id='word_1_259' title='bbox 653 2965 706 3006; x_wconf 84' lang='lat' dir='ltr'>eos</span> <span class='ocrx_word' id='word_1_260' title='bbox 720 2964 869 3018; x_wconf 80' lang='lat' dir='ltr'>accusato,</span> <span class='ocrx_word' id='word_1_261' title='bbox 882 2933 945 3005; x_wconf 84' lang='lat' dir='ltr'>tam</span> <span class='ocrx_word' id='word_1_262' title='bbox 956 2946 1070 3008; x_wconf 84' lang='lat' dir='ltr'>dicam:</span> <span class='ocrx_word' id='word_1_263' title='bbox 1092 2946 1130 3006; x_wconf 91' lang='lat' dir='ltr'>de</span> <span class='ocrx_word' id='word_1_264' title='bbox 1143 2946 1189 3006; x_wconf 89' lang='lat' dir='ltr'>his</span> <span class='ocrx_word' id='word_1_265' title='bbox 1202 2966 1257 3007; x_wconf 86' lang='lat' dir='ltr'>au·</span> 
     </span>
     <span class='ocr_line' id='line_1_30' title="bbox 153 3037 1256 3120; baseline -0.002 -20"><span class='ocrx_word' id='word_1_266' title='bbox 153 3049 225 3100; x_wconf 80' lang='lat' dir='ltr'>tem</span> <span class='ocrx_word' id='word_1_267' title='bbox 235 3057 301 3115; x_wconf 78' lang='lat' dir='ltr'>qum</span> <span class='ocrx_word' id='word_1_268' title='bbox 316 3037 484 3118; x_wconf 86' lang='lat' dir='ltr'>Stephanus</span> <span class='ocrx_word' id='word_1_269' title='bbox 497 3058 551 3120; x_wconf 83' lang='lat' dir='ltr'>pro</span> <span class='ocrx_word' id='word_1_270' title='bbox 564 3038 730 3098; x_wconf 89' lang='lat' dir='ltr'>testimonio</span> <span class='ocrx_word' id='word_1_271' title='bbox 745 3037 819 3098; x_wconf 84' lang='lat' dir='ltr'>dixit</span> <span class='ocrx_word' id='word_1_272' title='bbox 823 3039 886 3117; x_wconf 86' lang='lat' dir='ltr'>jam</span> <span class='ocrx_word' id='word_1_273' title='bbox 900 3038 1025 3099; x_wconf 87' lang='lat' dir='ltr'>edocere</span> <span class='ocrx_word' id='word_1_274' title='bbox 1045 3059 1098 3100; x_wconf 86' lang='lat' dir='ltr'>vos</span> <span class='ocrx_word' id='word_1_275' title='bbox 1118 3039 1256 3099; x_wconf 66' lang='lat' dir='ltr'>conabum</span> 
     </span>
     <span class='ocr_line' id='line_1_31' title="bbox 157 3130 1256 3213; baseline -0.005 -17"><span class='ocrx_word' id='word_1_276' title='bbox 157 3130 226 3196; x_wconf 85' lang='lat' dir='ltr'>Sed</span> <span class='ocrx_word' id='word_1_277' title='bbox 240 3148 310 3210; x_wconf 83' lang='lat' dir='ltr'>cape</span> <span class='ocrx_word' id='word_1_278' title='bbox 318 3131 414 3211; x_wconf 88' lang='lat' dir='ltr'>ipsum</span> <span class='ocrx_word' id='word_1_279' title='bbox 428 3131 636 3204; x_wconf 86' lang='lat' dir='ltr'>testimonium,</span> <span class='ocrx_word' id='word_1_280' title='bbox 647 3141 678 3190; x_wconf 89' lang='lat' dir='ltr'>et</span> <span class='ocrx_word' id='word_1_281' title='bbox 696 3131 763 3210; x_wconf 81' lang='lat' dir='ltr'>lege</span> <span class='ocrx_word' id='word_1_282' title='bbox 776 3130 857 3205; x_wconf 88' lang='lat' dir='ltr'>mihi,</span> <span class='ocrx_word' id='word_1_283' title='bbox 870 3141 904 3191; x_wconf 88' lang='lat' dir='ltr'>ut</span> <span class='ocrx_word' id='word_1_284' title='bbox 925 3151 963 3193; x_wconf 90' lang='lat' dir='ltr'>eo</span> <span class='ocrx_word' id='word_1_285' title='bbox 979 3133 1045 3213; x_wconf 87' lang='lat' dir='ltr'>ipso</span> <span class='ocrx_word' id='word_1_286' title='bbox 1058 3151 1119 3192; x_wconf 90' lang='lat' dir='ltr'>rem</span> <span class='ocrx_word' id='word_1_287' title='bbox 1132 3131 1256 3193; x_wconf 87' lang='lat' dir='ltr'>demon-</span> 
     </span>
     <span class='ocr_line' id='line_1_32' title="bbox 153 3222 834 3304; baseline -0.001 -18"><span class='ocrx_word' id='word_1_288' title='bbox 153 3233 265 3290; x_wconf 84' lang='lat' dir='ltr'>strem.</span> <span class='ocrx_word' id='word_1_289' title='bbox 303 3223 429 3286; x_wconf 75' lang='lat' dir='ltr'>Recitas</span> <span class='ocrx_word' id='word_1_290' title='bbox 444 3233 477 3284; x_wconf 85' lang='lat' dir='ltr'>tu</span> <span class='ocrx_word' id='word_1_291' title='bbox 491 3233 590 3286; x_wconf 87' lang='lat' dir='ltr'>autem</span> <span class='ocrx_word' id='word_1_292' title='bbox 604 3243 711 3304; x_wconf 87' lang='lat' dir='ltr'>aquam</span> <span class='ocrx_word' id='word_1_293' title='bbox 725 3222 834 3296; x_wconf 84' lang='lat' dir='ltr'>inhibe.</span> 
     </span>
    </p>
   </div>
   <div class='ocr_carea' id='block_1_4' title="bbox 560 3453 863 3516">
    <p class='ocr_par' dir='ltr' id='par_1_4' title="bbox 560 3453 863 3516">
     <span class='ocr_line' id='line_1_33' title="bbox 560 3453 863 3516; baseline -0.003 -1"><span class='ocrx_word' id='word_1_294' title='bbox 560 3453 863 3516; x_wconf 85' lang='lat' dir='ltr'><strong>TESTIMONIUM.</strong></span> 
     </span>
    </p>
   </div>
   <div class='ocr_carea' id='block_1_5' title="bbox 151 3613 1258 4072">
    <p class='ocr_par' dir='ltr' id='par_1_5' title="bbox 151 3613 1258 4072">
     <span class='ocr_line' id='line_1_34' title="bbox 186 3613 1258 3686; baseline 0.004 -16"><span class='ocrx_word' id='word_1_295' title='bbox 186 3621 320 3684; x_wconf 77' lang='lat' dir='ltr'>Stephanus</span> <span class='ocrx_word' id='word_1_296' title='bbox 327 3620 441 3670; x_wconf 83' lang='lat' dir='ltr'>Meneclis</span> <span class='ocrx_word' id='word_1_297' title='bbox 451 3623 478 3670; x_wconf 85' lang='lat' dir='ltr'>F.</span> <span class='ocrx_word' id='word_1_298' title='bbox 486 3621 651 3680; x_wconf 71' lang='lat' dir='ltr'>dulmensis,</span> <span class='ocrx_word' id='word_1_299' title='bbox 658 3623 878 3686; x_wconf 67' lang='lat' dir='ltr'>Sopatrum-rei</span> <span class='ocrx_word' id='word_1_300' title='bbox 888 3623 918 3672; x_wconf 68' lang='lat'>1².</span> <span class='ocrx_word' id='word_1_301' title='bbox 923 3622 1139 3684; x_wconf 75' lang='lat' dir='ltr'>Gydsthsnrssnsi&#39;s,</span> <span class='ocrx_word' id='word_1_302' title='bbox 1143 3613 1258 3674; x_wconf 65' lang='lat' dir='ltr'>metantur</span> 
     </span>
     <span class='ocr_line' id='line_1_35' title="bbox 154 3700 1258 3764; baseline 0.001 -16"><span class='ocrx_word' id='word_1_303' title='bbox 154 3719 189 3754; x_wconf 58' lang='lat' dir='ltr'>sm</span> <span class='ocrx_word' id='word_1_304' title='bbox 196 3701 291 3750; x_wconf 69' lang='lat' dir='ltr'>affuisse</span> <span class='ocrx_word' id='word_1_305' title='bbox 302 3702 486 3764; x_wconf 82' lang='lat' dir='ltr'>apud-arbitrum</span> <span class='ocrx_word' id='word_1_306' title='bbox 501 3701 587 3748; x_wconf 85' lang='lat' dir='ltr'>&#39;l&#39;isiam</span> <span class='ocrx_word' id='word_1_307' title='bbox 597 3700 778 3758; x_wconf 82' lang='lat' dir='ltr'>Acharnanssm,</span> <span class='ocrx_word' id='word_1_308' title='bbox 788 3717 841 3750; x_wconf 85' lang='lat' dir='ltr'>uum</span> <span class='ocrx_word' id='word_1_309' title='bbox 852 3702 964 3749; x_wconf 83' lang='lat' dir='ltr'>Phormio</span> <span class='ocrx_word' id='word_1_310' title='bbox 979 3705 1119 3762; x_wconf 78' lang='lat' dir='ltr'>provocarat</span> <span class='ocrx_word' id='word_1_311' title='bbox 1129 3701 1258 3762; x_wconf 80' lang='lat' dir='ltr'>Apollodo-</span> 
     </span>
     <span class='ocr_line' id='line_1_36' title="bbox 151 3778 1256 3844; baseline 0.001 -18"><span class='ocrx_word' id='word_1_312' title='bbox 151 3796 219 3836; x_wconf 80' lang='lat' dir='ltr'>rum,</span> <span class='ocrx_word' id='word_1_313' title='bbox 232 3779 325 3826; x_wconf 87' lang='lat' dir='ltr'>omnino</span> <span class='ocrx_word' id='word_1_314' title='bbox 337 3779 472 3842; x_wconf 78' lang='lat' dir='ltr'>exemplum</span> <span class='ocrx_word' id='word_1_315' title='bbox 484 3793 537 3825; x_wconf 90' lang='lat' dir='ltr'>esse</span> <span class='ocrx_word' id='word_1_316' title='bbox 552 3778 683 3825; x_wconf 81' lang='lat' dir='ltr'>testamenti</span> <span class='ocrx_word' id='word_1_317' title='bbox 693 3778 803 3826; x_wconf 89' lang='lat' dir='ltr'>Pasianis</span> <span class='ocrx_word' id='word_1_318' title='bbox 815 3779 917 3834; x_wconf 83' lang='lat' dir='ltr'>tabulas,</span> <span class='ocrx_word' id='word_1_319' title='bbox 927 3794 985 3844; x_wconf 71' lang='lat' dir='ltr'>quus</span> <span class='ocrx_word' id='word_1_320' title='bbox 997 3778 1098 3840; x_wconf 72' lang='lat' dir='ltr'>coniecit</span> <span class='ocrx_word' id='word_1_321' title='bbox 1111 3778 1221 3826; x_wconf 87' lang='lat' dir='ltr'>Phormio</span> <span class='ocrx_word' id='word_1_322' title='bbox 1231 3781 1256 3827; x_wconf 89' lang='lat' dir='ltr'>in</span> 
     </span>
     <span class='ocr_line' id='line_1_37' title="bbox 152 3854 1258 3916; baseline -0.005 -9"><span class='ocrx_word' id='word_1_323' title='bbox 152 3857 275 3912; x_wconf 89' lang='lat' dir='ltr'>echinum,</span> <span class='ocrx_word' id='word_1_324' title='bbox 290 3864 315 3902; x_wconf 91' lang='lat' dir='ltr'>at</span> <span class='ocrx_word' id='word_1_325' title='bbox 330 3854 431 3916; x_wconf 72' lang='lat' dir='ltr'>iussisse</span> <span class='ocrx_word' id='word_1_326' title='bbox 443 3859 602 3902; x_wconf 84' lang='lat' dir='ltr'>testamentum</span> <span class='ocrx_word' id='word_1_327' title='bbox 617 3855 725 3902; x_wconf 87' lang='lat' dir='ltr'>Pssionis</span> <span class='ocrx_word' id='word_1_328' title='bbox 741 3855 837 3916; x_wconf 81' lang='lat' dir='ltr'>aperiri,</span> <span class='ocrx_word' id='word_1_329' title='bbox 847 3855 911 3916; x_wconf 89' lang='lat' dir='ltr'>qnod</span> <span class='ocrx_word' id='word_1_330' title='bbox 930 3854 992 3916; x_wconf 81' lang='lat' dir='ltr'>apud</span> <span class='ocrx_word' id='word_1_331' title='bbox 1004 3855 1117 3903; x_wconf 81' lang='lat' dir='ltr'>arbitrum</span> <span class='ocrx_word' id='word_1_332' title='bbox 1129 3856 1258 3903; x_wconf 83' lang='lat' dir='ltr'>exhibebat</span> 
     </span>
     <span class='ocr_line' id='line_1_38' title="bbox 153 3929 1256 3994; baseline -0.003 -12"><span class='ocrx_word' id='word_1_333' title='bbox 153 3932 276 3994; x_wconf 66' lang='lat' dir='ltr'>Mphion</span> <span class='ocrx_word' id='word_1_334' title='bbox 292 3930 489 3993; x_wconf 73' lang='lat' dir='ltr'>Cephisophontis</span> <span class='ocrx_word' id='word_1_335' title='bbox 509 3930 594 3978; x_wconf 82' lang='lat' dir='ltr'>affinis:</span> <span class='ocrx_word' id='word_1_336' title='bbox 613 3929 782 3992; x_wconf 76' lang='lat' dir='ltr'>apollodorum</span> <span class='ocrx_word' id='word_1_337' title='bbox 799 3939 876 3978; x_wconf 87' lang='lat' dir='ltr'>sutem</span> <span class='ocrx_word' id='word_1_338' title='bbox 893 3929 921 3978; x_wconf 90' lang='lat' dir='ltr'>id</span> <span class='ocrx_word' id='word_1_339' title='bbox 936 3932 1026 3994; x_wconf 82' lang='lat' dir='ltr'>aperire</span> <span class='ocrx_word' id='word_1_340' title='bbox 1042 3932 1159 3980; x_wconf 84' lang='lat' dir='ltr'>noluisse:</span> <span class='ocrx_word' id='word_1_341' title='bbox 1180 3931 1256 3979; x_wconf 78' lang='lat' dir='ltr'>tuisse</span> 
     </span>
     <span class='ocr_line' id='line_1_39' title="bbox 152 4007 649 4072; baseline -0.002 -14"><span class='ocrx_word' id='word_1_342' title='bbox 152 4018 235 4062; x_wconf 61' lang='lat' dir='ltr'>num</span> <span class='ocrx_word' id='word_1_343' title='bbox 246 4009 382 4072; x_wconf 81' lang='lat' dir='ltr'>exemplum</span> <span class='ocrx_word' id='word_1_344' title='bbox 389 4007 522 4057; x_wconf 81' lang='lat' dir='ltr'>testamenti</span> <span class='ocrx_word' id='word_1_345' title='bbox 533 4007 649 4057; x_wconf 71' lang='lat' dir='ltr'>P&#39;ssion&#39;is·</span> 
     </span>
    </p>
   </div>
   <div class='ocr_carea' id='block_1_6' title="bbox 154 4153 1257 4520">
    <p class='ocr_par' dir='ltr' id='par_1_6' title="bbox 154 4153 1257 4520">
     <span class='ocr_line' id='line_1_40' title="bbox 199 4153 1256 4240; baseline -0.006 -16"><span class='ocrx_word' id='word_1_346' title='bbox 199 4165 229 4224; x_wconf 80' lang='lat'>3.</span> <span class='ocrx_word' id='word_1_347' title='bbox 251 4160 414 4222; x_wconf 83' lang='lat' dir='ltr'>Audivistis</span> <span class='ocrx_word' id='word_1_348' title='bbox 436 4153 643 4233; x_wconf 83' lang='lat' dir='ltr'>testimonium,</span> <span class='ocrx_word' id='word_1_349' title='bbox 670 4160 813 4222; x_wconf 81' lang='lat' dir='ltr'>ludices:</span> <span class='ocrx_word' id='word_1_350' title='bbox 842 4171 915 4240; x_wconf 88' lang='lat' dir='ltr'>puto</span> <span class='ocrx_word' id='word_1_351' title='bbox 937 4173 1036 4226; x_wconf 89' lang='lat' dir='ltr'>autem</span> <span class='ocrx_word' id='word_1_352' title='bbox 1060 4181 1124 4232; x_wconf 85' lang='lat' dir='ltr'>ros,</span> <span class='ocrx_word' id='word_1_353' title='bbox 1138 4160 1256 4221; x_wconf 90' lang='lat' dir='ltr'>tametsi</span> 
     </span>
     <span class='ocr_line' id='line_1_41' title="bbox 154 4250 1256 4334; baseline -0.002 -20"><span class='ocrx_word' id='word_1_354' title='bbox 154 4253 291 4315; x_wconf 88' lang='lat' dir='ltr'>nondum</span> <span class='ocrx_word' id='word_1_355' title='bbox 312 4252 468 4334; x_wconf 83' lang='lat' dir='ltr'>quicquam</span> <span class='ocrx_word' id='word_1_356' title='bbox 482 4253 562 4314; x_wconf 87' lang='lat' dir='ltr'>aliud</span> <span class='ocrx_word' id='word_1_357' title='bbox 581 4253 722 4326; x_wconf 85' lang='lat' dir='ltr'>sentiatis,</span> <span class='ocrx_word' id='word_1_358' title='bbox 742 4253 818 4313; x_wconf 93' lang='lat' dir='ltr'>illud</span> <span class='ocrx_word' id='word_1_359' title='bbox 837 4252 934 4333; x_wconf 87' lang='lat' dir='ltr'>ipsum</span> <span class='ocrx_word' id='word_1_360' title='bbox 955 4267 1034 4316; x_wconf 88' lang='lat' dir='ltr'>certe</span> <span class='ocrx_word' id='word_1_361' title='bbox 1054 4250 1198 4324; x_wconf 85' lang='lat' dir='ltr'>demirari,</span> <span class='ocrx_word' id='word_1_362' title='bbox 1211 4259 1256 4312; x_wconf 86' lang='lat' dir='ltr'>te-</span> 
     </span>
     <span class='ocr_line' id='line_1_42' title="bbox 155 4345 1256 4427; baseline -0.008 -17"><span class='ocrx_word' id='word_1_363' title='bbox 155 4345 287 4410; x_wconf 86' lang='lat' dir='ltr'>stimonii</span> <span class='ocrx_word' id='word_1_364' title='bbox 301 4346 476 4426; x_wconf 81' lang='lat' dir='ltr'>principium</span> <span class='ocrx_word' id='word_1_365' title='bbox 491 4366 557 4407; x_wconf 88' lang='lat' dir='ltr'>esse</span> <span class='ocrx_word' id='word_1_366' title='bbox 569 4346 818 4427; x_wconf 86' lang='lat' dir='ltr'>provocationem,</span> <span class='ocrx_word' id='word_1_367' title='bbox 826 4346 914 4408; x_wconf 85' lang='lat' dir='ltr'>finem</span> <span class='ocrx_word' id='word_1_368' title='bbox 927 4358 1026 4407; x_wconf 92' lang='lat' dir='ltr'>autem</span> <span class='ocrx_word' id='word_1_369' title='bbox 1038 4351 1256 4405; x_wconf 82' lang='lat' dir='ltr'>testamentum.</span> 
     </span>
     <span class='ocr_line' id='line_1_43' title="bbox 156 4435 1257 4520; baseline -0.004 -20"><span class='ocrx_word' id='word_1_370' title='bbox 156 4438 341 4519; x_wconf 81' lang='lat' dir='ltr'>‚Verumego</span> <span class='ocrx_word' id='word_1_371' title='bbox 355 4439 490 4518; x_wconf 80' lang='lat' dir='ltr'>oportere</span> <span class='ocrx_word' id='word_1_372' title='bbox 502 4439 648 4515; x_wconf 81' lang='lat' dir='ltr'>existimo,</span> <span class='ocrx_word' id='word_1_373' title='bbox 661 4449 829 4520; x_wconf 83' lang='lat' dir='ltr'>postquam,</span> <span class='ocrx_word' id='word_1_374' title='bbox 842 4440 874 4501; x_wconf 94' lang='lat' dir='ltr'>id</span> <span class='ocrx_word' id='word_1_375' title='bbox 894 4440 974 4519; x_wconf 89' lang='lat' dir='ltr'>quod</span> <span class='ocrx_word' id='word_1_376' title='bbox 993 4435 1150 4500; x_wconf 84' lang='lat' dir='ltr'>testimonii</span> <span class='ocrx_word' id='word_1_377' title='bbox 1162 4437 1257 4499; x_wconf 68' lang='lat' dir='ltr'>ueluti</span> 
     </span>
    </p>
   </div>
   <div class='ocr_carea' id='block_1_7' title="bbox 0 0 1488 4950">
    <p class='ocr_par' dir='ltr' id='par_1_7' title="bbox 0 0 1488 4950">
     <span class='ocr_line' id='line_1_44' title="bbox 0 0 1488 4950; baseline 0 0"><span class='ocrx_word' id='word_1_378' title='bbox 0 0 1488 4950; x_wconf 95' lang='lat' dir='ltr'> </span> 
     </span>
    </p>
   </div>
  </div>
 </body>
</html>
