2967 4950
240 307 300 366 756
543 307 719 370 CONTRA
740 305 1034 368 Taaocrttrvam.

642 514 951 639 marmonium.

168 769 169 776 ἵ
230 669 453 774 'Recitagetiarn
474 711 585 764 eorum,
598 691 648 772 qni
672 659 853 774 propositam
871 662 937 752 eam
960 688 1106 762 viderunt,
1126 689 1327 750 testimonium.

238 784 353 849 Recita·
442 855 444 860 ¹

343 911 345 915 ’
637 908 939 1010 rasrmromum.

232 1083 321 1146 voca
333 1083 419 1150 etiam
431 1093 576 1146 mercatus
590 1094 749 1157 curatores,
762 1066 916 1164 ipsumque
926 1080 1086 1151 Miconem,
1097 1081 1183 1161 cujus
1195 1079 1329 1144 indicarit

196 1251 202 1260 Ι
236 1176 395 1258 nauigium,
408 1179 632 1244 attestimonia,
671 1179 759 1270 bega.

647 1371 918 1433 TESTIMONIA.

276 1517 306 1574 ³.
328 1513 522 1576 Theocrinem
544 1514 632 1594 igitur
653 1513 802 1575 indicasse
822 1514 950 1574 Miconis
974 1513 1132 1593 navigium,
1152 1513 1289 1587 Judices,
1302 1523 1329 1574 et

234 1605 442 1667 indicationem
463 1605 512 1666 diu
535 1607 628 1667 fuisse
649 1607 839 1687 propositam,
854 1618 885 1667 et
902 1607 1071 1668 accersitum
1086 1607 1125 1666 ad
1138 1606 1329 1686 quaestionem

233 1719 294 1759 non
314 1699 457 1779 paruisse,
475 1720 571 1778 neque
593 1701 765 1774 accessisse,
779 1721 831 1761 eos
848 1701 949 1760 testari
972 1700 1134 1769 audivistis,
1152 1719 1229 1780 quos
1248 1701 1279 1761 id
1301 1700 1328 1759 in

233 1793 465 1871 primis'habere
489 1803 669 1875 compertum
693 1795 840 1854 convenit.
881 1795 957 1852 Eum
976 1812 1046 1853 vero
1066 1792 1229 1852 non'modo
1253 1793 1330 1854 mille

233 1883 389 1947 drachmas
403 1887 522 1959 debere,
535 1887 589 1947 sed
604 1898 634 1972 et
653 1887 845 1966 inc-arcerem
860 1886 1078 1956 abducendum,
1092 1896 1124 1944 et
1135 1886 1258 1966 reliquis
1269 1905 1329 1966 pee-

233 1979 280 2038 nis
293 1981 478 2040 afficiendum
499 2001 577 2053 esse,
591 2001 665 2060 quas
688 1981 752 2041 baec
771 1983 821 2041 lex
840 1981 874 2041 iis
896 1981 1031 2050 minatur,
1044 1979 1095 2058 qui
1108 1991 1289 2041 mercatores
1301 1991 1331 2039 et

233 2073 428 2134 navicularios
443 2074 668 2145 calumniantur,
685 2095 721 2135 ex
740 2076 806 2154 ipsa'
822 2074 887 2152 lege
906 2073 996 2134 facile
1014 2073 1210 2152 cognoscetis.
1255 2076 1328 2134 Cum

232 2167 309 2231 cuim
321 2169 409 2234 vellet
417 2170 579 2248 legislator,
588 2189 683 2249 neque
693 2169 898 2248 delinquentes
907 2178 1084 2229 mercatores
1092 2167 1246 2230 indemnes
1256 2188 1331 2240 csse,

232 2281 330 2342 neque
343 2261 476 2324 insontes
491 2263 599 2332 vexari,
612 2263 739 2334 ormino¹
750 2261 905 2340 vetuithoc
918 2262 1070 2322 bominum
1087 2281 1181 2340 genus
1193 2262 1330 2336 judicari,

226 2353 264 2419 vui
277 2355 342 2433 quis
363 2355 426 2434 ipse
442 2351 511 2428 'sibi
525 2355 666 2426 confidat,
681 2375 713 2415 sc
732 2366 918 2415 ostensurum
939 2353 1020 2432 apud
1033 2372 1095 2424 vor,
1108 2352 1188 2412 facta
1207 2373 1276 2414 esse
1296 2373 1331 2414 ea

232 2463 300 2525 qum
322 2447 443 2521 indicat,
455 2448 535 2528 quod
557 2446 663 2527 siquis
684 2447 927 2509 calumniatorum
947 2465 1033 2505 secus
1051 2444 1164 2516 lecerit,
1176 2445 1268 2507 licere
1280 2465 1328 2507 eos

232 2540 336 2601 deferri
350 2541 430 2611 etin
445 2543 594 2603 carcarem
609 2542 726 2603 abduci.
755 2541 814 2602 Sed
826 2540 920 2619 ipsam
934 2540 1032 2619 potius
1042 2536 1137 2617 legem
1152 2540 1256 2613 recita,
1265 2560 1330 2621 quaa

232 2630 263 2693 id
276 2633 370 2693 multo
383 2635 547 2697 evidentius
560 2656 647 2715 quam
662 2654 728 2715 ego,
740 2635 869 2698 docebit.

640 2788 643 2793 Δ
732 2833 824 2893 tax.

230 2974 357 3050 Auditis,
369 2978 501 3053 dudices‚
515 2980 597 3059 leges
620 2978 691 3058 quid
707 2976 948 3037 calumniatorem
968 2976 1049 3035 luere
1059 2974 1206 3056 jubeant?
1228 2977 1328 3046 Quare

229 3069 253 3127 si
268 3069 339 3149 quid
353 3092 454 3132 eorum
472 3092 538 3152 quae
560 3073 591 3135 in
609 3071 787 3131 indicatione
802 3068 952 3129 Miconem
970 3069 1076 3128 fecisse
1094 3066 1211 3148 scripsit
1233 3069 1328 3129 Theo,

229 3161 335 3235 annes,
349 3164 428 3237 lecit,
441 3166 648 3245 praevaricatus
662 3174 717 3235 est,
731 3182 851 3241 remque
865 3180 933 3220 cum
946 3181 982 3221 eo
999 3162 1152 3240 transegit,
1166 3162 1252 3222 vobis
1267 3182 1327 3222 om·

229 3252 315 3314 nibus
328 3256 400 3318 facit
412 3258 545 3339 injuriam
560 3258 720 3335 meritoque
738 3256 817 3314 mille
840 3254 988 3314 drachmis
1003 3255 1171 3314 mulctatur.
1213 3256 1269 3315 Sin
1283 3274 1328 3327 eo,

228 3362 288 3425 quo
301 3347 436 3421 decebat,
447 3351 745 3430 navigante—utrum
764 3346 842 3407 enim
855 3346 909 3405 iste
922 3347 1013 3419 volet,
1026 3346 1288 3425 largiar-indicat
1300 3358 1329 3406 et

228 3438 361 3509 arcessit,
381 3451 412 3499 et
430 3441 623 3501 calumniatur
640 3440 846 3510 navicularios,
860 3440 957 3518 legem
979 3459 1038 3498 non
1061 3458 1123 3498 earn
1146 3438 1243 3498 solum
1261 3460 1327 3521 quia

224 3531 320 3610 prius,
335 3535 388 3595 sad
401 3536 479 3595 hanc
493 3536 580 3596 etiarn
601 3556 668 3615 quaa
682 3536 770 3595 modo
788 3534 909 3595 recitata
928 3544 984 3606 est,
1005 3533 1134 3605 violavit,
1148 3546 1179 3592 et
1192 3554 1248 3595 suo
1266 3536 1327 3615 ipse

227 3624 395 3687 testimonio
417 3628 608 3699 confirmavit,
630 3648 661 3687 se
685 3628 746 3686 sani
769 3628 926 3706 quicquam
948 3647 1003 3686 nec
1026 3646 1124 3705 agere,
1139 3646 1197 3686 nec
1218 3628 1326 3688 dicere.

229 3716 394 3786 Quis·enim
408 3740 507 3781 causae
520 3721 651 3782 bonitate
671 3720 765 3779 fretus
785 3721 918 3799 pecuniae
931 3729 1045 3799 partem
1063 3719 1180 3797 exlege
1194 3720 1328 3801 accipere

207 3818 209 3823 ’
228 3810 310 3883 nolit,
330 3823 391 3885 aut,
410 3834 442 3874 re
465 3824 615 3875 transacta
636 3833 756 3893 parvum
776 3813 916 3873 lucellum
933 3811 1025 3883 malit,
1038 3814 1198 3891 prasertim
1210 3814 1326 3893 legibus

226 3912 291 3965 cam
305 3905 343 3965 ob
357 3925 418 3965 rem
432 3926 534 3985 poenas
551 3906 684 3975 daturus,
699 3926 766 3966 cum
780 3905 891 3974 liceret,
906 3904 985 3984 quod
1008 3904 1097 3964 modo
1118 3904 1267 3977 dicebam,
1282 3926 1327 3965 ae·

225 3998 554 4060 missem'indicatarum
576 4021 672 4060 rerum
695 3999 851 4077 accipere?
873 4000 978 4068 Nemo,
1002 4016 1099 4067 nemo,
1121 3997 1251 4076 inquam,
1270 3999 1325 4058 Jn·

225 4090 318 4163 dices,
333 4091 384 4173 qui
397 4110 430 4153 se
443 4092 683 4154 calumniatorem
697 4090 785 4172 agere
798 4112 858 4151 non
870 4100 1052 4171 compertum
1062 4091 1196 4153 haberet.
1265 4098 1272 4105 “

264 4188 295 4245 4.
316 4184 394 4247 Dure
407 4186 497 4266 igitur
509 4186 556 4245 baa
569 4186 650 4265 leges
669 4198 749 4257 sunt,
763 4206 837 4265 quas
861 4186 927 4256 iste,
948 4183 1121 4245 violatarum
1136 4184 1236 4265 legum
1249 4185 1327 4247 alios

226 4296 292 4336 reos
306 4298 392 4359 agere
406 4278 521 4350 solitus,
533 4278 662 4339 violavit.
703 4278 810 4338 Restat
831 4288 864 4338 et
885 4277 980 4347 tertia,
998 4297 1066 4357 quae
1082 4297 1167 4357 arque
1182 4278 1282 4359 jubet,
1296 4288 1329 4340 et

226 4368 344 4428 aerarios
368 4390 386 4431 a
407 4370 510 4451 quovis
526 4371 632 4433 civium
652 4370 771 4442 deferri,
785 4381 815 4430 et
832 4371 858 4429 si
881 4370 946 4449 quis
969 4369 1112 4431 Minervae
1134 4369 1253 4442 debeat,
1274 4381 1328 4430 aut

227 4469 386 4520 ceteromm
401 4464 521 4525 deorum
537 4474 587 4524 aut
606 4464 728 4523 heroum
747 4463 843 4522 alicui.
885 4464 1003 4537 Debere
1025 4473 1125 4523 autam
1138 4463 1194 4523 ista
1207 4482 1328 4543 compe·
