2967 4950
266 673 570 741 absumentum
594 672 991 827 PRlMssEgsslffilONlS
1012 674 1058 735 IN
1079 674 1345 739 STEPHANUM

287 952 349 999 Oura
366 948 523 1013 Apollodorus
539 945 702 997 Phormionem
715 954 844 1003 mensuret,
857 948 887 995 de
900 962 987 997 menore
1002 947 1110 1010 monnio,
1124 947 1193 1008 isque
1207 946 1292 996 notioni
1308 962 1351 997 ex·
1378 974 1382 977 ·

255 1028 532 1092 ceptionempopponeret,
544 1025 675 1088 Stephanus
692 1040 745 1072 enm
762 1025 814 1073 eliis
829 1040 872 1087 pro
889 1024 1024 1073 testimonio
1034 1024 1105 1081 dixit,
1114 1024 1279 1073 Phormionem
1295 1041 1351 1074 oon·

255 1106 366 1155 ditionem
384 1102 468 1160 tulisse
486 1103 639 1164 Apollodoro,
653 1101 674 1150 ei
691 1109 788 1165 negaret
806 1101 939 1163 exemplum
959 1118 1010 1149 esse
1029 1101 1160 1150 testamenti
1177 1088 1269 1164 paterni
1285 1105 1349 1164 quod

254 1182 351 1229 baberet
365 1178 483 1236 Phormio,
504 1195 529 1227 se
546 1180 705 1227 exhibiturum
722 1185 881 1228 testamentum
898 1178 974 1239 ipsius
989 1177 1097 1227 Pusionis
1112 1178 1271 1241 aperiendum,
1285 1180 1349 1241 quod

254 1259 349 1306 heberet
368 1262 391 1304 et
410 1244 532 1303 exhiberet
548 1255 677 1317 Amphion:
701 1255 870 1319 Apollodorum
887 1261 965 1302 eutem
982 1254 1072 1317 aperire
1092 1254 1204 1303 noluisse.
1242 1255 1272 1301 ld
1290 1271 1349 1303 vero

254 1334 328 1383 luisse
348 1332 632 1403 exemplunmumemi
652 1332 768 1381 Panionio.
810 1333 866 1381 Heu
884 1332 1125 1381 testimoniumdixit
1141 1331 1272 1393 Stephanus
1293 1347 1348 1381 unm

254 1412 316 1461 ruis:
336 1424 398 1463 enm,
410 1408 661 1473 autemhpollodoms
683 1417 764 1464 nonme
780 1409 944 1458 Phormionem
962 1409 1123 1465 diuersarum
1140 1408 1167 1455 id
1184 1413 1349 1455 tetimonium

254 1486 402 1555 oondnxisse,
413 1491 530 1549 totumque
547 1500 597 1533 rem
614 1500 667 1533 esse
681 1485 871 1543 summentitiem,
883 1485 975 1548 iudicio
987 1485 1064 1535 vietus
1072 1484 1238 1551 Apollodorus,
1248 1484 1348 1545 Stepha-

201 1551 204 1559 ⁴
254 1582 307 1615 nom
318 1566 348 1619 de
359 1580 387 1617 oo
397 1563 540 1631 matimonio,
550 1572 657 1626 unquam
667 1563 737 1622 falso,
747 1568 847 1612 aeonem.

606 1814 1002 1831 m*

525 2046 1073 2158 numosunsurs

428 2285 493 2359 ΙΝ
527 2284 891 2361 STEPHANUM
924 2284 1156 2360 TESTEM
1209 2306 1212 2312 ·

603 2509 787 2578 ORATIO
811 2509 975 2576 PRIOR.

291 2699 319 2758 l,
333 2696 438 2760 Fanso
452 2697 617 2758 testimonio
630 2697 855 2768 circumventus,
869 2694 890 2755 J
892 2693 1003 2767 udices,
1016 2692 1052 2753 ‘et
1065 2713 1085 2754 e
1102 2693 1278 2756 Phormione
1296 2697 1342 2756 in-

242 2785 327 2870 juriis
341 2810 376 2851 ae
389 2791 571 2852 contumeliis
588 2791 720 2864 affectus,
735 2789 841 2850 adsum
864 2807 919 2867 ope
938 2797 1037 2848 vestm
1048 2805 1151 2866 poenas
1171 2798 1342 2868 sumpturus
1372 2830 1386 2843 .

246 2883 285 2944 de
297 2883 332 2942 iis
346 2884 395 2964 qui
408 2904 508 2944 earum
522 2904 616 2944 rerum
628 2901 719 2944 causa
729 2882 800 2941 mihi
811 2882 939 2941 fuerunt.
963 2881 1049 2959 Rogo
1059 2889 1157 2940 autem
1167 2900 1218 2940 vos
1227 2901 1342 2956 omues,

243 2993 297 3035 oro
312 2984 343 3036 et
355 2978 496 3048 obtestor,
507 2976 630 3056 primum
645 2985 678 3036 ut
690 2995 737 3034 me
747 2993 816 3034 oum
827 2971 1030 3062 benevolentia
1040 2972 1165 3032 audiatis
1176 2992 1185 3041 ;
1199 2993 1339 3053 magnum

244 3067 320 3128 enim
330 3069 520 3143 calamitosis,
533 3069 626 3150 qualis
641 3089 697 3148 ego
712 3087 788 3141 sum,
801 3066 938 3127 solatium
952 3074 999 3126 est
1013 3065 1096 3144 queri
1109 3085 1195 3146 posse
1207 3067 1338 3148 injurias,

244 3170 275 3221 et
286 3181 304 3224 a
315 3163 398 3224 vobis
411 3164 566 3245 impetrare
579 3174 613 3224 ut
629 3162 758 3242 benigne
772 3160 937 3220 audiantur.
978 3158 1103 3232 Deinde,
1118 3159 1143 3219 si
1155 3158 1280 3222 affectus
1294 3163 1337 3222 in·

240 3253 319 3332 juria
337 3257 468 3330 videbor,
480 3267 515 3317 ut
527 3276 580 3336 pro
590 3257 657 3337 jure
671 3275 738 3314 meo
751 3274 797 3313 me
806 3252 925 3332 juvetis.
967 3250 1128 3331 Ostendam
1144 3261 1242 3314 autem
1256 3255 1336 3315 vobis

244 3345 427 3426 Stephanum
441 3360 472 3409 et
483 3350 560 3410 false
573 3367 636 3410 etse
649 3357 790 3408 testatum
805 3354 836 3406 et
848 3345 879 3404 id
897 3344 993 3423 turpis'
1003 3344 1101 3405 lucelli
1122 3345 1283 3424 cupiditate
1295 3349 1334 3408 in·

243 3437 363 3502 ductum
376 3439 493 3514 iecisse,
506 3453 537 3501 et
549 3441 645 3520 ipsum
658 3461 676 3500 a
690 3460 755 3501 sese
765 3434 898 3500 accusari
909 3461 918 3498 ε
938 3446 1021 3498 tanta
1031 3449 1077 3498 est
1087 3438 1127 3496 rei
1135 3440 1334 3521 perspicuitas.
1366 3497 1373 3500 .

245 3528 332 3590 Dabo
354 3539 453 3592 autem
475 3551 592 3611 operam
615 3542 648 3591 ut
667 3531 760 3604 vobis,
779 3549 868 3611 quam
890 3539 992 3610 potero
1010 3530 1205 3609 paucissimis,
1225 3553 1334 3595 narrem

241 3622 381 3702 quioquid
394 3624 441 3704 egi
453 3643 520 3684 eum
532 3624 724 3684 Phormione:
739 3623 845 3703 quibus
857 3623 974 3697 auditis,
984 3621 1101 3683 stillius
1112 3622 1332 3704 improbitatem,

242 3722 275 3773 et
285 3713 407 3775 istorum
422 3715 574 3778 mendacia
585 3714 779 3796 cognoscetis.

282 3809 312 3866 2.
335 3807 420 3879 Mihi,
436 3809 568 3883 ludices,
578 3827 690 3888 magna
708 3807 834 3887 pecunia
847 3807 948 3867 relicta
961 3806 1016 3866 tuit
1030 3818 1154 3887 apatre,
1168 3829 1258 3887 quam
1271 3830 1333 3870 oum

242 3895 380 3960 Phormio
399 3901 530 3978 baberet,
549 3901 637 3963 etiam
655 3919 774 3960 uxorem
791 3911 911 3960 matrem
925 3919 1020 3960 meam
1036 3900 1129 3975 duxit,
1143 3922 1191 3962 me
1204 3904 1332 3975 absente,

241 3990 356 4071 publiea
377 4003 474 4054 vestra
495 4013 586 4054 eausa
608 3993 715 4053 triremi
736 3992 985 4073 prefectu-quo
1002 4002 1101 4052 autem
1114 4002 1214 4072 pacto,
1234 4015 1331 4076 pamm

241 4087 365 4148 sortasse
384 4088 488 4148 deceat
505 4089 596 4149 filium
611 4087 648 4148 de
666 4097 760 4148 matre
779 4098 916 4148 accurate
930 4088 1079 4161 dicere-,
1088 4088 1119 4147 id
1132 4108 1189 4168 ego
1202 4109 1330 4151 reversus

240 4189 397 4259 postquam
420 4179 620 4258 animadverti,
643 4188 673 4239 et
690 4198 751 4239 rem
769 4189 802 4239 ut
817 4190 902 4259 gesta
920 4188 983 4238 erat
996 4179 1064 4251 vidi,
1079 4180 1135 4240 etsi
1156 4182 1280 4242 multum
1291 4183 1330 4241 in·

241 4271 382 4349 dignabar
395 4282 426 4332 et
439 4291 498 4331 rem
512 4271 639 4351 graviter
652 4272 792 4346 ferebam,
809 4273 924 4351 privato
941 4284 1042 4332 tamen
1054 4293 1121 4333 eum
1140 4293 1279 4337 accusare
1285 4277 1329 4356 ju·

241 4361 317 4423 dicio
331 4385 389 4426 non
402 4363 665 4445 potui-judicium
678 4365 756 4424 enim
775 4384 810 4425 eo
831 4375 962 4445 tempore
981 4362 1125 4426 indictum
1138 4378 1213 4441 erat,
1226 4389 1328 4448 vosque

236 4452 346 4530 judicia
358 4465 475 4538 propter
487 4455 598 4517 bellum
611 4455 839 4533 differebatis-,
849 4456 907 4520 sed
923 4455 1263 4523 actionemcontumelire
1279 4479 1326 4542 pu·
