2967 4950
557 324 884 385 IN'STEPHANUM
908 325 932 384 1.
1234 322 1293 380 639

188 481 277 563 quod
284 482 337 543 isti
351 476 418 542 ante
432 478 599 543 citationem
613 478 712 541 testati
726 477 815 541 sonti
836 496 889 539 ros
904 484 1003 537 autem
1018 472 1203 538 considerate
1222 471 1294 555 quid
1311 476 1316 482 ’

190 578 303 639 dicem

546 757 550 764 .
585 700 913 761 TESTAMENTUM.
1025 696 1033 707 ³

231 851 292 900 Haec
300 841 370 898 Pasio
378 846 536 897 lomenensis
547 852 645 895 testatas
657 850 701 893 est.
721 844 762 891 Dc
775 858 850 891 meam
864 856 963 889 osorem
974 840 1116 902 Archippum
1127 836 1260 887 Phormioni
1270 845 1296 887 et

184 930 281 977 -dotern
293 926 417 988 Archippus
433 925 495 972 addo
505 924 616 971 talentum
629 922 689 970 illud
705 937 719 969 e
731 921 870 984 Peparetho,
890 919 946 966 itam
963 919 1074 966 talentum
1088 934 1117 965 ax
1133 918 1215 965 eodem
1232 918 1295 975 laco,

195 1006 363 1055 aedessenum
379 1003 502 1058 minarum,
518 1000 621 1057 ancillas,
636 1006 661 1047 et
678 1013 767 1054 auram,
777 1004 802 1045 et
823 1003 908 1044 oeten
919 1010 971 1058 quaa
985 996 1049 1043 domi
1062 995 1140 1053 habet,
1149 994 1297 1044 esonirerss

196 1081 327 1143 Archippus
336 1078 431 1143 largior.

195 1195 344 1267 Audistis
367 1193 578 1266 Athenienses,
595 1191 672 1253 dotis
693 1192 936 1271 magnitudinem,
958 1189 1162 1251 talentum
1184 1208 1201 1248 e
1228 1185 1296 1249 Pe·

194 1286 383 1368 paretho,
403 1284 601 1346 talentum
628 1283 769 1344 eodem·
795 1304 842 1345 es
870 1284 972 1355 loco,
995 1281 1105 1341 aedes
1130 1290 1296 1341 centum

195 1378 405 1450 minarum,
422 1376 613 1450 ancillas,
632 1386 670 1436 et
688 1396 835 1451 aurum,
853 1385 892 1436 et
908 1372 1298 1453 catera‚inquit,quoe·

196 1490 360 1551 cunque
380 1468 415 1529 ei
439 1469 541 1529 domi
563 1479 656 1529 sunt
675 1469 710 1529 ei
732 1462 1298 1549 largicrzqtioseriptonobisetiam

195 1562 367 1643 inquirendi
381 1580 481 1621 eorum
495 1561 601 1642 aliquid
614 1581 679 1642 qum
692 1562 795 1624 relicta
806 1574 876 1623 suut
889 1561 1059 1623 facultatem
1070 1558 1165 1641 eripit.

244 1658 274 1716 9.
284 1656 366 1735 *Age
376 1674 445 1715 vero
460 1663 491 1715 et
514 1654 689 1715 locationem
702 1655 786 1716 vobis
799 1654 964 1726 ostendam,
978 1673 1016 1714 ex
1028 1672 1087 1731 qua
1099 1652 1154 1713 iste
1167 1671 1298 1715 mensam

199 1768 221 1809 a
235 1747 529 1828 patremonduxerat:
550 1766 618 1807 nam
639 1757 670 1808 et
692 1766 728 1807 ex
750 1766 796 1821 ea,
810 1766 978 1828 quanquam
994 1745 1204 1817 commentitia,
1219 1746 1299 1807 ride-

197 1840 283 1914 bitis,
298 1850 497 1900 commentum
510 1858 577 1900 esse
591 1849 684 1901 tatum
698 1849 917 1901 testamentum.
948 1839 1113 1900 Ostendam
1125 1849 1300 1902 autemeam

198 1933 391 2005 locationem,
403 1953 491 2014 quarn
501 1934 567 1995 iste
589 1934 728 2009 exhibuit,
743 1954 803 1994 non
816 1933 912 2007 diam,
931 1933 962 1993 in
981 1952 1040 2015 qna
1059 1943 1106 1993 est
1122 1932 1300 2013 adscriptum

199 2036 318 2109 patrem
331 2026 468 2087 undecim
482 2026 588 2088 debere
602 2027 715 2089 talenta
733 2026 784 2088 isti
804 2027 843 2088 ad
863 2026 1015 2107 deposita·
1048 2028 1124 2087 Sunt
1142 2036 1240 2086 autem
1254 2046 1300 2100 ea,

200 2118 510 2199 opinor,hujusmodi.
551 2120 753 2181 Domesticam
776 2121 943 2201 pecuniam,
962 2129 996 2179 ut
1017 2118 1104 2180 matri
1126 2127 1301 2179 testamento

201 2211 345 2291 legatam,
358 2210 389 2269 in
404 2229 486 2271 suam
502 2220 676 2291 potestatem
689 2212 812 2291 redegit,
824 2222 860 2273 ut
871 2212 960 2273 modo
974 2210 1139 2273 audivistis:
1154 2229 1219 2290 eam
1231 2230 1301 2287 vero

202 2323 273 2383 quae
287 2304 318 2363 in
333 2321 434 2364 mensa
447 2308 519 2377 erat,
532 2322 620 2382 quam
634 2324 735 2365 omnes
748 2315 854 2365 norant
866 2324 991 2385 quaeque
1001 2304 1168 2379 calarinon
1178 2313 1302 2383 poterat,

204 2395 392 2456 ostendendo
405 2404 517 2477 patrem
530 2407 663 2457 nostrum
678 2399 838 2459 obaeratum
851 2418 927 2469 esse,
941 2407 985 2471 ut,
999 2417 1182 2482 quaecunque
1195 2397 1302 2460 habere

204 2489 439 2563 convinceretur,
457 2511 493 2551 aa
510 2510 542 2550 se
562 2492 706 2572 recepisse
724 2502 882 2574 ‘assereret
922 2491 984 2552 Vos
1004 2499 1103 2552 autem
1124 2511 1203 2562 eum,
1221 2491 1301 2571 quod

205 2603 315 2664 genere
327 2584 467 2644 sermonis
481 2583 668 2644 insolentiore
684 2584 786 2658 utitur,
799 2586 954 2646 barbarum
971 2583 1101 2644 sumasne
1114 2594 1144 2644 et
1155 2583 1303 2647 hominem

204 2676 372 2756 simplicem
384 2677 512 2756 putatis:
533 2687 579 2739 est
592 2697 660 2738 vero
674 2679 814 2738 barbarus
828 2678 895 2739 odio
908 2677 938 2737 in
952 2696 1003 2739 eos
1017 2696 1091 2755 qnos
1105 2676 1200 2738 colere
1213 2677 1311 2740 debe·'

204 2771 271 2840 bat,
286 2769 339 2828 sed
361 2769 510 2830 maleficiis
531 2780 561 2830 et
582 2771 748 2852 corruptela
767 2771 950 2851 negotiorum
972 2769 1087 2830 nemine
1110 2778 1156 2829 est
1176 2769 1303 2831 inferior.

206 2861 291 2940 Cape
305 2859 482 2922 locationem
495 2872 525 2923 et
537 2862 613 2942 lege,
627 2883 714 2941 quam
728 2863 833 2924 eodem
846 2863 934 2922 modo
946 2881 999 2942 per
1011 2860 1247 2942 provocationem
1258 2861 1304 2922 in·

200 2953 350 3032 jecerunt.
379 2981 382 2988 ¹

548 3061 751 3173 ΝΙΑΟΟΑΤΙΟ
774 3113 938 3172 MENSAE.

236 3247 284 3297 His
293 3250 630 3300 conditionibuslooaritPasio
638 3268 738 3302 mensam
747 3253 890 3302 Phormioni:
900 3261 926 3302 ut
933 3241 1097 3317 prolocutione
1106 3255 1306 3305 moosael'lrormio

207 3328 267 3376 filiis
278 3329 386 3377 Pasicnis
396 3329 450 3376 bina
461 3329 547 3378 talenta
555 3337 579 3378 et
589 3331 748 3393 quadragenas
760 3332 834 3380 miuus
842 3331 964 3394 quotannis
977 3332 1062 3388 solvat,
1069 3338 1154 3394 praeter
1160 3333 1306 3395 quotidianas

207 3405 337 3465 impensas,
347 3422 376 3454 ns
387 3421 445 3452 vero
456 3405 526 3452 liceat
538 3406 634 3455 seorsim
647 3407 798 3470 argentariam
809 3410 885 3456 lacere
897 3409 1041 3466 Phormioni,
1052 3409 1097 3457 nisi
1108 3409 1212 3458 alibcris
1222 3411 1306 3461 Pasic-

207 3482 249 3530 nis
260 3481 285 3529 id
295 3481 423 3545 impetrarit
432 3496 439 3541 ;
450 3481 521 3530 debet
531 3488 607 3530 autem
615 3484 688 3533 Pasio
699 3487 729 3534 ad
740 3501 841 3534 mensam
852 3484 961 3587 undecim
970 3486 1057 3534 talenta
1066 3487 1096 3534 sd
1106 3486 1220 3549 deposita.

210 3618 312 3686 Quum
326 3619 414 3699 igitur
426 3621 592 3700 pactionem
606 3625 745 3698 exhibuit,
760 3646 798 3686 ex
815 3647 875 3707 qua
895 3625 1069 3688 conduxerit
1089 3647 1230 3703 mensam,
1242 3629 1307 3690 heac

209 3721 269 3782 est,
284 3711 415 3775 ludices.
457 3713 573 3775 Auditis
596 3727 692 3778 autern
710 3719 740 3779 in
760 3739 797 3780 ea
816 3720 885 3799 legi,
906 3719 1167 3802 istumlocationis
1189 3724 1307 3784 nomine

209 3799 343 3882 pendere
355 3802 476 3878 debere,
492 3814 595 3884 preter
608 3808 792 3886 quotidianas
807 3811 963 3892 impensas,
972 3813 1042 3872 bina
1054 3813 1167 3875 talenta
1188 3825 1226 3876 et·
1234 3835 1306 3895 qua·

210 3894 360 3974 dragenas
368 3899 462 3958 minas
472 3901 630 3978 quotannis
641 3920 649 3960 ι
662 3919 721 3960 non
732 3901 820 3964 licere
831 3914 928 3965 autem
937 3903 964 3964 ei
973 3907 1165 3984 argentariam
1176 3916 1307 3970 seotsum

208 3989 321 4063 facere,
335 3991 391 4050 nisi
404 3990 487 4051 nobis
498 3991 529 4050 id
541 3995 732 4070 persuaserit:
753 4006 902 4076 postremo
914 4016 984 4057 vero
998 3985 1244 4078 adscriptum'est,
1257 3999 1308 4060 de·

209 4083 264 4142 bet
277 4091 375 4140 autem
386 4082 476 4142 Pesio
488 4081 623 4142 undecim
639 4084 752 4146 talentu
764 4086 793 4146 in
808 4086 959 4168 deposita.¹
992 4090 1047 4149 Est
1059 4110 1128 4150 vero
1142 4090 1307 4170 quisquam,

209 4172 264 4250 qui
278 4171 349 4252 ligni
363 4182 393 4233 et
405 4174 473 4234 'loci
490 4185 520 4234 et
533 4175 649 4236 tabellae
663 4187 775 4240 tantam
788 4182 944 4241 sustineret
956 4181 1151 4242 locationem?
1172 4183 1227 4242 Est
1238 4201 1308 4243 vero

209 4262 377 4342 quisquam,
390 4265 440 4344 qui
456 4265 493 4339 ei,
512 4287 563 4346 per
578 4287 664 4346 quem
678 4289 780 4330 mensa
791 4279 905 4331 tantum
915 4272 985 4332 mris
1000 4272 1086 4333 alieni
1105 4273 1308 4348 contraxisset,

208 4354 327 4434 reliqua
340 4357 473 4418 crederet
482 4357 507 4416 l*
527 4358 558 4418 si
579 4359 656 4422 enim
671 4370 717 4422 tot
728 4361 860 4441 pecunia
874 4362 1041 4441 defuerunt,
1055 4364 1111 4423 isto
1123 4377 1309 4444 procuratore

208 4444 380 4514 defurunt:
422 4449 512 4513 Scitis
529 4451 752 4528 enimomnes,-
765 4454 853 4516 etiam
872 4473 938 4516 cum
956 4465 1041 4536 pater
1059 4458 1252 4536 argentariam
1265 4460 1310 4520 fa-
