2967 4950
482 291 702 354 ADVERSUS
724 293 978 356 nonsummum,
1200 295 1262 356 tat

548 493 550 496 ’
597 603 599 606 ¹
631 511 791 607 rastas.

169 645 253 724 Cape
266 653 297 708 et
310 643 487 726 municipum
499 649 672 724 testimonia,
687 661 717 713 et
729 660 920 733 cognatorum
933 653 985 718 illa
998 645 1216 726 decurialibus,
1229 660 1262 711 ut

119 798 121 804 ,
168 748 285 800 constet
297 757 348 800 eos
362 737 486 820 elegisse
501 742 651 802 mecuriae
659 741 834 824 principem.

579 919 852 983 TESTIMONIA.

216 1063 243 1119 7.
264 1061 337 1130 Quas
359 1061 449 1140 igitur
470 1067 509 1122 et
521 1063 640 1141 cognati
657 1072 688 1122 et
708 1061 834 1123 curiales
850 1071 881 1122 et
897 1063 1068 1143 municipes,
1084 1073 1115 1125 et
1128 1063 1263 1144 gentiles,
1295 1093 1301 1101 ·

56 1203 59 1210 .
169 1148 293 1233 'quorum
308 1153 337 1213 iu
351 1154 480 1226 offi'eium
492 1166 546 1225 est,
562 1155 706 1230 testificati
730 1164 810 1228 sunt,
829 1153 973 1224 audistin
992 1155 1073 1215 unde
1084 1156 1167 1216 vobis
1188 1156 1264 1216 seire
1381 1201 1383 1206 .

170 1245 250 1316 licet,
265 1246 373 1306 civisne
388 1265 424 1306 an
444 1246 614 1327 peregrinus
634 1246 723 1306 luerit
739 1245 776 1319 is,
788 1247 871 1326 cujus
890 1266 926 1306 en
944 1247 1190 1331 conditiofuerit.
1231 1247 1264 1306 Si

117 1384 119 1389 .
169 1339 248 1400 euim
260 1339 298 1400 ad
311 1359 402 1398 unum
414 1339 561 1398 hominem
575 1349 663 1420 atque
673 1338 798 1398 alterum
811 1339 1046 1418 confugeremus,
1061 1340 1189 1419 suspicio
1199 1358 1264 1399 esse

169 1444 281 1512 posset,
304 1451 356 1492 eos
374 1452 392 1492 a
413 1431 496 1492 nobis
519 1449 586 1492 esse
610 1432 803 1491 subornatos:
825 1429 879 1490 sed
892 1451 965 1492 cum
983 1431 1063 1512 apud
1084 1451 1185 1492 omnes
1200 1450 1264 1504 eos,

169 1521 346 1605 apud'quos
368 1533 399 1584 et
417 1533 552 1590 ιιιιιιιιι,
567 1523 766 1602 unusquisque
791 1525 932 1602 probatus
954 1524 1022 1597 fuit,
1033 1535 1065 1586 et
1086 1533 1170 1605 pater
1191 1524 1264 1594 dnm
1291 1577 1293 1580 ,

170 1617 251 1690 vixit,
262 1627 294 1678 ct
303 1636 361 1696 ego
370 1617 420 1696 qui
433 1637 513 1678 nunc
522 1618 610 1682 verbo
618 1616 704 1685 facio,
717 1616 830 1696 probati
840 1634 953 1688 sumus,
962 1616 1265 1696 apuucuriuesnog-

70 1718 73 1724 '
170 1720 270 1784 natos,
285 1711 457 1790 municipes,
477 1709 614 1790 gentiles,
633 1709 734 1770 fierine
754 1706 818 1770 ullo
837 1709 925 1768 modo
945 1719 1053 1789 potest,
1072 1721 1108 1770 ιιι
1127 1711 1264 1772 iiomnes

131 1834 134 1841 ·
170 1803 332 1866 mendaces
340 1814 375 1866 ,et
389 1803 538 1864 subornati
554 1802 633 1864 sinti
655 1801 743 1871 Quod
767 1801 793 1868 si
812 1801 944 1881 locuples
956 1802 1060 1864 luisset
1072 1813 1265 1883 pateantque

119 1886 121 1890 ¹
170 1897 216 1959 his
236 1896 363 1977 pecunia
386 1895 457 1956 data
479 1896 684 1976 persuasisset,
697 1904 732 1954 ut
748 1914 781 1954 se
801 1904 944 1974 cognatos
961 1895 1026 1976 ejus
1036 1901 1104 1956 esse
1124 1896 1265 1970 dicerent,

169 2009 230 2066 non
243 1989 371 2051 absurda
380 1988 507 2068 suspicio
518 1987 632 2060 fuisset,
641 2007 707 2050 eum
720 2005 781 2048 uon
794 2007 861 2047 esse
874 1988 980 2049 civem:
994 1989 1040 2048 sin
1052 1988 1181 2050 simulet
1191 2008 1266 2068 pon·

170 2101 223 2162 per
236 2080 302 2152 tuit,
315 2090 347 2142 et
359 2100 410 2142 eos
424 2079 553 2142 exhibuit
570 2080 656 2144 simul
674 2089 705 2140 et
721 2089 877 2159 cognatos,
888 2089 919 2140 et
932 2080 971 2144 tle
985 2099 1039 2141 suo
1056 2079 1265 2160 impertientes,

169 2199 210 2240 aa
221 2197 284 2238 non
296 2177 419 2240 evidens
432 2186 487 2249 est,
500 2196 568 2242 eum
582 2195 682 2238 revera
695 2184 854 2254 cognatum
868 2176 911 2238 eis
926 2176 1041 2238 fuisset
1062 2177 1167 2256 Neque
1186 2175 1266 2237 enim

170 2271 315 2350 profecto,
330 2269 355 2330 si
368 2267 477 2330 nemini
491 2273 666 2344 conjunctus
683 2268 798 2341 fuisset,
811 2267 861 2330 isti
877 2267 995 2348 adjecta
1006 2268 1133 2348 pecnnia
1148 2287 1219 2329 enm
1234 2267 1266 2328 in

170 2363 310 2424 familiam
323 2360 517 2441 recepissent;
538 2360 590 2422 sed
604 2360 668 2432 fuit,
684 2370 718 2420 nt
730 2371 761 2422 et
773 2361 838 2440 ipsa
851 2381 898 2422 res
910 2362 1055 2440 probavit,
1067 2370 1099 2422 et
1110 2369 1265 2422 testesve·

170 2457 217 2535 bis
232 2455 423 2519 affirmarunt.
465 2512 467 2515 ,
509 2526 510 2529 ¹
654 2467 657 2475 ·

213 2552 243 2611 8.
264 2548 411 2611 Praeterea
430 2547 618 2625 magistratus
639 2545 727 2609 etiem
749 2546 869 2609 sortitus
884 2556 938 2621 eut,
954 2557 989 2608 et
1008 2548 1196 2627 approbatus,
1215 2565 1267 2607 eoo

169 2643 273 2723 gessit.
315 2642 397 2721 Cape
409 2640 617 2705 testimonium.

496 2781 519 2889 s
565 2818 869 2883 rssrrmoururu.

173 2944 335 3019 Quietem
346 2958 477 3009 restrum
489 2948 635 3009 existimet
654 2950 845 3029 permissuros
866 2950 957 3011 fuisse
977 2950 1149 3029 municipes,
1163 2959 1197 3010 ot
1217 2948 1267 3011 ille

173 3042 344 3120 peregrinus
358 3049 389 3100 et
409 3060 467 3101 nou
489 3041 568 3111 civis,
581 3041 682 3123 apud
674 3062 754 3121 rpsus
766 3041 940 3147 meginratus
960 3041 1141 3121 fungeretur,
1155 3058 1191 3101 ac
1207 3058 1269 3100 non

81 3160 86 3168 ·
174 3132 266 3193 fuisse
279 3133 488 3195 accusaturosl
517 3133 621 3212 Neque
639 3154 708 3194 vero
729 3135 884 3227 quisquam
904 3154 972 3194 eum
984 3133 1031 3194 vel
1048 3132 1206 3205 accusavit,
1219 3132 1268 3192 vel

172 3224 343 3286 criminatus
357 3235 411 3285 est.
446 3225 525 3291 Quin
539 3225 702 3285 necessario
712 3208 801 3287 ctiam
815 3224 954 3331 suffragia
966 3223 1096 3284 tulerunt
1106 3212 1268 3304 municipes

172 3317 264 3407 saeris
284 3318 481 3393 juratis,cu1n
502 3317 545 3385 eis
569 3318 666 3376 album
690 3317 839 3396 municipii
859 3317 1003 3397 periisset,
1017 3315 1169 3403 Antiphilo
1185 3326 1269 3399 patre

173 3392 331 3471 Eubulidas
343 3410 458 3469 tribuno
471 3409 583 3490 plebis;
606 3418 636 3469 et
649 3410 794 3489 quosdam
807 3429 823 3469 e
835 3409 993 3490 municipio
1006 3396 1188 3491 repulerunt.
1221 3408 1269 3469 De

172 3504 225 3565 illo
239 3514 338 3563 autem
359 3522 453 3582 neque
473 3502 555 3577 dixit,
569 3522 664 3582 neque
673 3506 857 3581 conquestus
870 3503 949 3562 ullus
969 3510 1014 3563 est
1027 3502 1087 3562 tale
1100 3503 1269 3583 quicquam
1306 3512 1309 3520 ’

174 3597 267 3675 Atqui
281 3596 416 3655 omnibus
428 3595 593 3657 hominibus
607 3596 674 3655 vitae
685 3594 753 3654 linis
766 3614 845 3655 mors
858 3605 913 3656 est.
955 3594 996 3655 Et
1018 3594 1069 3673 qui
1089 3595 1221 3654 viventes
1232 3593 1270 3653 de

174 3707 283 3767 genere
296 3697 480 3760 accusantur,
494 3708 593 3749 eorum
611 3688 686 3749 filios
697 3708 815 3769 nquam
828 3698 874 3748 est
887 3688 925 3747 ad
936 3688 1114 3748 reddendum
1128 3688 1270 3748 rationem

174 3791 319 3862 perpetuo
349 3800 414 3841 esse
437 3792 574 3861 paratos:
605 3782 710 3863 quibus
730 3792 829 3842 autem
847 3782 878 3840 in
904 3782 991 3841 rebus
1014 3802 1102 3843 nemo
1124 3781 1270 3842 viventem

174 3876 273 3955 ipsum
285 3868 454 3934 criminatus
469 3874 534 3948 luit,
549 3873 633 3943 deiis
654 3894 691 3933 an
712 3894 772 3934 non
785 3874 914 3953 iniquum
933 3883 980 3934 est
1000 3873 1107 3935 liberos
1129 3873 1272 3955 exagitari

175 3988 195 4029 s
208 3964 335 4048 quovis?
349 3966 437 4034 Quod
451 3966 476 4027 si
491 3967 528 4027 de
542 3966 586 4027 his
601 3966 746 4046 inquisitio
758 3966 841 4026 nulls
853 3968 934 4027 facta
946 3967 1061 4042 luisset,
1074 3966 1195 4029 latuisse
1209 3984 1271 4027 rem

173 4060 299 4123 concedi
312 4068 429 4139 posset:
450 4060 504 4119 sed
518 4078 586 4119 cum
600 4069 630 4119 et
642 4060 722 4119 lacta
735 4058 783 4133 sit,
796 4068 826 4119 ct
840 4060 901 4119 lata
914 4060 1064 4141 suffragia,
1077 4069 1108 4120 et
1119 4076 1206 4119 nemo
1216 4076 1272 4117 nn·

174 4163 264 4234 quum
279 4151 435 4231 quicquam
446 4152 484 4211 sit
496 4160 684 4231 conquestus,
698 4170 795 4211 nonne
808 4170 922 4231 aequum
936 4163 982 4213 est
993 4171 1042 4214 me
1059 4160 1176 4231 propter
1187 4150 1271 4211 illum

174 4244 385 4307 Atheniensem
395 4262 468 4317 esse
482 4264 531 4323 qm
523 4244 624 4304 drcm
629 4244 806 4317 suumobiit,
820 4242 975 4329 antequem
988 4266 1015 4305 er
1006 4245 1064 4305 tle
1077 4262 1183 4323 genere
1192 4242 1273 4306 lacto

174 4338 233 4399 furt
244 4336 465 4401 controversusl
486 4336 560 4397 Hsec
574 4354 641 4398 vere
663 4356 682 4397 a
702 4335 827 4405 medici
850 4348 885 4397 ut
909 4346 1035 4412 constet,
1055 4336 1159 4397 horum
1182 4339 1272 4400 etiam

176 4448 252 4501 mn
264 4438 365 4489 testea
738 4488 740 4494 ,
1131 4463 1134 4467 ·

713 4523 760 4581 50
