2967 4950
269 303 309 362 se
508 289 567 354 ns
587 252 705 354 mnis
728 293 859 366 essm
874 252 1151 395 nnonrrousf

264 457 433 520 necessario
444 474 540 534 pauca
553 453 693 534 prefatus
708 433 775 514 sum
789 454 826 514 de
840 452 989 525 calumnia
1003 455 1125 535 collegis
1137 456 1367 520 securissimos

231 550 232 555 ’
265 571 332 612 esse
346 570 400 610 nos
420 551 457 609 ab
477 547 706 607 Atheniensibus
727 546 853 625 legatos,
875 567 935 607 non
948 559 982 607 ut
1002 549 1033 610 iu
1049 549 1232 610 Macedonis
1247 569 1368 612 causam

133 660 136 667 ’
190 695 195 706 .
263 646 322 725 ipsi
335 643 510 711 diceremus,
526 641 580 701 sed
593 640 673 714 domi
678 640 791 719 judicio
804 641 841 700 de
851 641 935 700 nobis
945 643 1034 714 sacto,
1050 644 1130 721 quod
1141 644 1222 752 digni
1236 664 1368 710 essemus

263 737 390 796 civitate
411 733 532 793 Pauca
524 743 594 792 rtem
616 732 652 792 de
669 733 861 812 jurejurando
876 753 941 793 sum
957 735 1108 813 praefatus,
1130 737 1215 813 cujus
1231 737 1369 839 exigendi

263 831 358 910 gratia
365 847 555 900 venissemus,
565 836 738 904 ceterasque
751 847 809 900 res,
820 845 893 904 quas
906 827 991 886 nobis
1002 827 1216 888 mandaveratis
1220 829 1368 934 ,exppsui,

264 941 374 982 -nam
387 921 525 1000 copiosus
539 930 570 979 et
579 919 748 997 eloquentia
756 929 900 1001 proesmns
916 919 1131 978 Demosthenes
1145 909 1268 982 nullius
1265 922 1308 981 rei
1318 941 1368 981 ne·

263 1014 400 1076 cessariae
414 1014 634 1080 meminerat-7
648 1010 748 1086 itaque
763 1020 793 1066 et
807 1009 843 1067 de
855 1009 1041 1088 expeditione
1057 1011 1095 1070 ad
1106 1011 1199 1090 Pylas
1210 1013 1271 1073 feci
1287 1035 1368 1074 men·

263 1109 382 1176 donem,
397 1116 428 1164 et
450 1105 488 1164 de
502 1103 602 1181 sacris,
617 1111 649 1160 et
669 1101 707 1158 de
726 1100 853 1180 Delphis
867 1111 898 1160 e
917 1102 1228 1182 Amphictyombus
1189 1125 1197 1174 ;
1221 1108 1367 1186 inprimis

263 1210 396 1270 autema
414 1197 550 1276 Philippo
564 1195 645 1274 petii,
664 1205 699 1252 ut
711 1214 757 1254 res
778 1213 827 1254 eas
842 1215 900 1253 non
915 1195 942 1254 vi
956 1205 985 1255 et
999 1196 1097 1268 ermis,
1112 1198 1164 1256 sed
1178 1198 1321 1279 suffragio
1340 1212 1368 1260 et

258 1293 382 1372 J'udicio,
406 1290 609 1350 constitueret.
642 1287 730 1362 Quod
754 1285 779 1345 si
798 1286 859 1346 fieri
878 1306 937 1346 non
961 1299 1147 1365 posset—ut
1160 1290 1285 1350 dubium
1309 1313 1367 1352 non

263 1392 416 1459 erat'cum
430 1382 577 1442 exercitus
591 1379 788 1449 convenisset,
810 1389 898 1456 atque
915 1379 945 1437 in
963 1380 1114 1458 procinctu
1129 1390 1273 1456 staret—,
1287 1385 1365 1444 dice-

261 1480 343 1549 bam,
364 1476 402 1548 ei,
416 1474 466 1553 qui
479 1473 517 1533 de
531 1472 621 1532 sacris
636 1471 817 1532 Graecanicis
832 1472 1046 1532 deliberaturus
1058 1483 1147 1546 esset,
1165 1494 1308 1554 magnam
1321 1498 1365 1537 re·

261 1570 499 1649 ligioniscurem
513 1585 579 1626 esse
593 1566 821 1644 suscipiendam,
835 1577 865 1626 et
878 1565 925 1636 iis,
941 1565 992 1644 qui
1012 1567 1049 1626 de
1069 1553 1171 1646 patriis
1188 1568 1294 1629 ritibus
1314 1571 1365 1630 do-

262 1661 462 1730 cere‘vellent
478 1658 713 1720 auscultandum.
734 1659 907 1737 Eademque
921 1677 1041 1738 operae
1060 1660 1218 1739 primordio
1236 1682 1366 1722 comme-

261 1756 422 1826 morabam,
436 1763 471 1813 ut
484 1753 624 1832 templum
639 1751 816 1811 oedilicetum
830 1763 916 1825 esset,
931 1762 965 1812 ut
979 1752 1207 1833 Amphictyones
1220 1755 1365 1835 principio

260 1849 476 1919 convenissent,
486 1845 855 1925 eorumqueJusJurandum
863 1837 1022 1906 recitabam
1025 1866 1102 1924 quo
1113 1857 1224 1908 veteres
1233 1850 1366 1909 obstricti

84 1998 88 2007 .
187 2021 192 2026 ⁷
235 1953 369 2013 essent,
391 1963 423 2002 se
436 1941 548 2003 nullam
569 1942 672 2000 urbem
694 1940 837 2019 Amphict
837 1941 972 2019 Jonicam
992 1959 1153 2014 eversuros,
1177 1961 1274 2021 neque
1289 1963 1365 2024 aqua

260 2036 423 2116 profluente
436 2034 644 2114 prohibituros,
653 2033 719 2092 sive
738 2051 811 2116 pace
833 2033 893 2092 sive
914 2033 1010 2100 bello;
1032 2033 1152 2111 quod
1129 2053 1154 2094 ει
1172 2035 1239 2113 quis
1263 2045 1366 2095 contre

259 2129 387 2207 fecisset,
410 2128 438 2186 ei
457 2146 490 2186 se
508 2126 619 2205 bellum
641 2125 785 2198 illaturos,
806 2133 837 2184 et
857 2116 944 2184 urbes
967 2125 1126 2186 excisuros.
1155 2125 1188 2184 Si
1208 2127 1275 2205 quis
1298 2148 1365 2188 vem

259 2221 428 2300 Apollinem
440 2219 488 2279 vel
503 2219 653 2298 spoliaret,
671 2217 718 2278 vel
732 2216 870 2304 conscius
888 2226 969 2276 esset
989 2217 1095 2276 illius
1087 2217 1210 2296 injuriae,
1232 2219 1280 2278 vel
1294 2240 1364 2280 con·

244 2312 355 2372 'silium
370 2311 454 2371 deret
474 2319 578 2370 contra
590 2308 742 2388 templum,
758 2328 824 2368 eum
841 2329 873 2366 se
887 2309 1000 2368 ulturos
1015 2319 1047 2367 et
1068 2309 1144 2387 pede
1163 2319 1194 2368 et
1213 2330 1317 2384 manu,
1336 2323 1365 2373 et

257 2424 331 2464 voce
344 2415 375 2463 et
388 2404 525 2463 omnibus
538 2401 658 2460 viribus.
679 2399 836 2458 Annexam
850 2399 939 2458 etiam
959 2419 1024 2460 esse
1030 2400 1217 2481 jurijurando
1232 2391 1363 2464 ιιιίοοειιι

259 2489 501 2559 exsecrationem
659 2554 663 2559 .

300 2593 349 2650 36
371 2590 426 2649 His
440 2589 580 2661 recitatis,
594 2587 958 2667 pronuncisbam‚J'ust'um
971 2588 1065 2649 videri
1086 2588 1165 2659 mihi,
1179 2608 1216 2648 ne
1233 2589 1362 2652 Boeotias
1459 2662 1462 2667 ¹

152 2671 154 2674 ¹
258 2684 344 2743 urbes
355 2701 473 2742 euersas
481 2683 580 2761 jacere
589 2690 765 2759 pateremur,
776 2691 809 2741 ιιι
821 2702 888 2760 quoe
902 2691 932 2741 et
945 2682 1199 2763 Amphictyonicae
1209 2695 1328 2757 essent,
1334 2696 1363 2745 et

254 2772 681 2856 jurejurandocomprehensoe.
691 2773 907 2834 Enumerabam
913 2794 1000 2854 porro
1007 2784 1111 2855 gentes
1120 2763 1362 2855 duodecimque

244 2868 361 2948 templi
384 2868 545 2949 participes
555 2877 666 2940 essent,
679 2867 849 2940 Thessalos,
863 2867 1005 2941 Boeotios,
1022 2887 1082 2928 non
1096 2868 1254 2928 Thebanos
1273 2870 1361 2942 solos,

258 2954 725 3036 Dorienses,10nes,Perrhaebos,
735 2962 1213 3042 Magnetes‚Locrenses,OEtoeos,
1225 2962 1361 3035 Phthius,

257 3056 439 3129 Meleenses,
445 3056 632 3117 Phocenses:
643 3055 785 3115 ethorum
793 3057 925 3135 gentium
931 3076 1168 3135 unamquamque
1177 3056 1361 3133 demonstra-

256 3138 326 3210 bam
340 3170 393 3230 par
406 3150 537 3229 suffragii
550 3150 601 3229 jus
614 3148 734 3219 habere,
747 3150 904 3230 maximam
923 3150 999 3209 idern
1018 3148 1099 3227 quod
1115 3148 1275 3223 minimam,
1295 3170 1361 3209 eum

235 3243 308 3320 ·qui
317 3244 447 3303 venisset
456 3243 550 3301 Dorio
563 3251 594 3302 et
606 3241 736 3320 Cytinio,
756 3250 870 3301 tantum
889 3242 995 3315 valere,
1009 3251 1150 3320 quantum
1171 3242 1361 3303 Lacedaemo-

256 3337 322 3395 nios
331 3356 340 3395 ι
349 3338 449 3397 binum
455 3337 532 3397 enim
538 3338 688 3416 quamque¹
696 3345 815 3415 gentem
824 3335 995 3415 suffragium
1004 3338 1090 3397 ferre:
1105 3339 1151 3395 Ex
1163 3338 1283 3401 Ionibus
1292 3339 1362 3400 item

258 3428 443 3508 Erythraeum
451 3430 690 3501 etPrieueusem,
702 3438 846 3509 quantum
860 3429 1070 3501 Athenienses,
1084 3448 1118 3489 ec
1129 3441 1245 3491 ceteros
1256 3432 1361 3493 eodem

255 3521 355 3581 modo.
377 3522 555 3602 Principium
568 3524 656 3603 igitur
669 3522 863 3603 expeditionis
878 3522 967 3595 illius,
981 3522 1212 3603 pronunciabam
1225 3535 1362 3604 oportere

251 3614 368 3693 justum
389 3635 464 3676 esse.
496 3616 557 3676 Ubi
571 3636 642 3695 ergo
662 3617 893 3696 Amphictyones
914 3617 943 3675 in
957 3615 1066 3695 templo
1092 3617 1313 3691 convenissent,
1327 3637 1361 3678 sc
1466 3626 1467 3693 l

255 3707 401 3785 equebile
414 3708 536 3771 dicendi
542 3713 593 3785 jus
611 3717 641 3769 et
654 3707 824 3787 suffragium
839 3709 937 3789 adepti
959 3718 1068 3783 essent,
1086 3727 1137 3769 eos
1155 3708 1206 3787 qui
1223 3719 1361 3769 auctores

254 3800 379 3861 luissent
391 3803 493 3883 templi
513 3803 654 3883 principio
677 3803 852 3883 occupandi,
866 3804 895 3863 in
912 3802 1059 3883 judicium
1077 3803 1271 3863 adducendos
1289 3824 1361 3865 ceu·

256 3894 369 3968 sebam,
381 3915 441 3955 non
455 3897 563 3976 patrias
581 3917 693 3970 eorum,
708 3896 770 3955 sed*
782 3915 833 3957 eos
847 3896 926 3975 ipsos
950 3898 1000 3977 qui
1014 3916 1133 3957 menum
1148 3886 1361 3969 admovissent,

255 3988 446 4051 etcomilium
460 3988 623 4064 dedissent,
636 3991 724 4073 urbes
739 4000 848 4067 eutem,
866 4010 934 4069 quoe
947 3988 1359 4072 facinoroms·eshibuissent,

254 4077 418 4143 indemnes
428 4101 493 4142 esse
512 4093 655 4161 oportere.
678 4082 730 4143 Sin
745 4082 832 4143 armis
847 4102 908 4141 rem
922 4093 1089 4157 exsecutus,
1107 4081 1226 4161 injurias
1241 4082 1361 4143 Theba·

255 4192 359 4235 norum
373 4176 588 4252 confirmasset,
602 4175 672 4237 sb'‘
653 4196 689 4237 us
703 4195 777 4256 quos
788 4176 917 4256 juvisset
930 4177 1091 4261 gretiam
1075 4196 1102 4237 er
1094 4176 1238 4237 relatum
1251 4195 1314 4236 non
1328 4178 1360 4235 iri

255 4287 394 4347 -neque
410 4270 489 4330 enim
508 4278 592 4329 tanta
608 4268 639 4327 in
654 4286 706 4328 eos
722 4288 812 4348 posse
833 4270 965 4330 conferre
983 4254 1136 4342 beneficia,
1156 4278 1269 4348 quanta
1287 4268 1360 4329 olim

254 4361 449 4423 contulissent
462 4361 670 4435 Athenienses,
683 4382 809 4441 quorum
818 4362 861 4422 illi
871 4382 930 4423 non
941 4350 1182 4425 meminissent—
1183 4375 1279 4440 ,tquos
1289 4380 1360 4421 vero

255 4448 474 4529 deseruisset,'
456 4477 490 4517 us
504 4457 638 4533 injuriam
651 4455 808 4530 lecturum,
827 4474 861 4518 ac
880 4456 983 4519 hostes
1001 4457 1098 4536 potius
1118 4474 1254 4554 maJores,
1269 4473 1360 4537 quem
