2967 4950
532 275 961 337 .CUNOERA*‘CONONEM..
1227 277 1286 336 719
1303 285 1306 288 ’

190 425 319 507 iniiam
330 426 758 512 »hemmentornplernmque
772 431 811 490 ‘i'n
829 427 1288 512 pueros2n'oatsos1pedissaquosr
1339 464 1341 471 v

192 521 312 582 tandem
325 522 416 584 etiam
434 523 689 604 insnosrnetipsos.¹
708 555 712 565 =
728 525 798 586 lllos
816 524 899 585 ’enim
911 523 992 584 »dnm
1006 523 1111 583 ‘cibum
1130 530 1290 602 coquerent

193 613 273 675 fumo
287 623 341 674 aut
354 614 505 686 conviciis,¹
519 616 658 695 quicquid
672 615 759 676 eisin
771 618 896 687 buccam
913 615 1060 688 veniebat,
1069 614 1290 698 molestossibi
1343 660 1346 667 .

192 716 269 766 esse=¹
280 726 350 766 oum
363 707 561 779 'dicerenteet
576 708 708 786 «motulis,
720 710 920 787 petebant,.et
939 708 1170 786 permingebant,
1192 725 1290 784 neque

192 796 287 858 ullum
305 799 474 877 petulentia
497 811 602 880 genus
615 810 681 862 aut.
694 800 879 860 contumeliae
896 801 1172 879 :praetermittebant
1213 799 1289 867 Quas

191 909 249 954 nos
262 901 330 950 cunr
342 891 555 956 rideremnsset
565 911 643 971 aegre
656 891 809 962 ferremus,
823 891 949 971 primum
964 891 1226 957 dissimulavimus:
1254 902 1290 952 ut

194 991 360 1062 antemnas
374 986 707 1063 subsannabantnequa
725 985 908 1058 desinebant,
919 984 995 1044 ,duci
1014 985 1289 1058 remindicarimus,

196 1093 323 1153 cumeum
342 1077 658 1142 communitemomnes
681 1077 906 1139 contubernales
929 1080 1128 1149 convenimus,
1150 1097 1290 1156 nonaego

196 1166 369 1236 seorsimab
391 1167 464 1230 aliis.
494 1167 564 1237 ·Qui
580 1188 656 1228 oum
678 1189 729 1229 eos
746 1169 984 1248 >objurgassetet
1000 1169 1290 1234 eornmraecordianr

194 1270 364 1333 accusasset
385 1279 451 1320 »aon
468 1261 513 1320 ob
530 1279 575 1320 eu
589 1261 686 1334 mum
704 1261 741 1322 de
763 1260 869 1340 quibus
890 1261 1064 1339 nost-questi
1083 1281 1209 1332 eramus,
1223 1259 1291 1324 sad

193 1363 312 1433 propter
334 1353 553 1424 omnia'eorum
573 1356 601 1414 in
622 1356 751 1418 exercitu
768 1356 849 1440 edita
859 1355 1006 1428 ,temnere
1019 1365 1140 1420 tantum·
1151 1355 1292 1420 abbritut

194 1446 426 1518 desinerent-aut
438 1446 655 1520 erubescerent,
667 1457 710 1520 ut,
728 1467 797 1508 cum
810 1449 1072 1528 primamtenebres
1085 1448 1292 1520 factas-essent,

194 1539 293 1598 statim
314 1539 345 1598 in
365 1558 419 1600 nos
438 1539 543 1601 eodem
566 1540 614 1600 die
635 1541 750 1621 vesperi
770 1541 909 1620 impetum
928 1542 1059 1602 iecerint.
1099 1542 1145 1601 Ac
1166 1540 1292 1621 primum

194 1630 419 1703 maledixerunt,
438 1633 558 1693 tandem
571 1633 738 1693 verberibus
754 1633 841 1692 etiam
860 1652 908 1694 me
928 1633 1107 1694 affecerunt:
1127 1643 1158 1694 et
1176 1644 1290 1694 tantum

195 1720 353 1784 clamorem
367 1735 397 1784 et
411 1725 568 1785 tumultum
581 1726 658 1786 circa
665 1725 825 1786 tentorium
840 1726 1094 1800 excitarunt,utet
1106 1727 1168 1786 dux
1180 1738 1212 1786 et
1223 1747 1293 1787 cen·

194 1816 323 1876 turinnes
347 1817 479 1878 venirent
501 1827 532 1878 et
553 1817 821 1879 aliorummilitum
838 1816 968 1899 qnidam,
983 1820 1034 1898 qui
1057 1819 1232 1881 obstiterunt
1254 1841 1292 1881 ne

195 1907 267 1988 quid
280 1907 308 1966 in
323 1913 381 1968 nos'
393 1911 509 1990 gravirm
523 1911 718 1983 consulerent,
733 1922 785 1971 aut
803 1912 917 1972 anobis
929 1922 1109 1992 paterentur,
1126 1931 1164 1973 ea
1183 1911 1293 1974 debac-

193 2001 328 2061 chatione
341 2001 470 2086 irritatis.
513 2003 557 2062 Re
578 2004 723 2065 hactenus
739 2025 905 2084 progressa,
918 2015 952 2064 ut
971 2003 1030 2063 huc
1050 2003 1217 2078 redivimus,
1230 2005 1292 2082 irae,

196 2103 229 2152 ut
241 2095 305 2154 fieri
318 2095 402 2180 solet,
413 2097 489 2155 inter
502 2115 556 2155 nos
571 2108 601 2156 et
614 2097 773 2158 inimicitiae
788 2119 858 2158 sane
872 2100 1002 2158 fuerunt.
1038 2096 1109 2156 Non
1123 2108 1222 2158 tamen
1235 2119 1293 2179 ego

195 2188 243 2247 sel
265 2188 294 2247 in
315 2187 365 2268 jus
384 2208 435 2248 eos
453 2200 606 2270 propterea
618 2191 779 2267 vocandos,
792 2193 838 2252 vei
859 2193 947 2252 ullam
968 2191 1111 2252 rationem
1125 2192 1293 2256 habendam

196 2301 296 2342 eornm
317 2302 383 2360 quae
407 2281 584 2356 acciderant,
605 2287 766 2363 putabam:
788 2284 841 2345 sed
860 2285 934 2344 illud
954 2288 1073 2346 omnino
1097 2286 1294 2362 decreveram,

196 2393 302 2433 cavere
316 2394 350 2433 ac
366 2372 435 2434 dare
449 2395 568 2454 operam
582 2397 620 2436 ne
634 2379 760 2456 posthac
773 2378 803 2436 in
817 2378 926 2437 similes
940 2378 1073 2438 homines
1087 2378 1253 2441 inciderem.

238 2469 266 2527 3.
290 2465 430 2527 Exhibito
443 2465 530 2547 igitur
542 2468 573 2527 in
586 2469 687 2549 primis
703 2470 739 2529 de
753 2469 811 2543 bis,
825 2492 892 2551 quae
902 2470 973 2542 dixi,
988 2472 1165 2547 testimonio,
1179 2484 1293 2553 postea,

196 2581 263 2641 qnae
285 2562 322 2621 ab
345 2561 401 2621 isto
420 2562 473 2621 sim
496 2582 661 2641 perpessus,
682 2564 845 2635 ostendam,
867 2576 899 2624 ut
913 2564 1021 2639 sciatis,
1035 2586 1112 2641 enm,
1131 2568 1179 2628 coi
1200 2569 1294 2649 prima

195 2655 305 2715 delicta
326 2654 500 2733 castiganda
523 2656 658 2729 fuissent,
681 2658 777 2737 ipsum
798 2659 923 2738 priorem
944 2660 1039 2720 multo
1058 2662 1201 2723 atrociora
1214 2681 1296 2723 com-

196 2766 321 2809 misisse.

609 2906 879 2967 TESTIMONIA.

199 3027 276 3095 Qnae
289 3026 376 3106 igitur
389 3046 508 3107 prorsus
529 3026 708 3107 negligenda
721 3046 789 3087 esse
808 3025 890 3096 duxi,
908 3023 975 3085 haec
989 3034 1069 3086 sunt.
1111 3024 1182 3085 Non
1200 3025 1294 3087 multe

196 3128 297 3180 autem
310 3130 377 3199 post
398 3119 606 3181 deambulante
628 3140 686 3194 me,
700 3138 754 3199 pro
766 3137 853 3179 ¹more
865 3135 948 3191 ¹rneo,
961 3118 1074 3197 vesperi
1095 3118 1125 3177 in
1146 3117 1209 3177 foro
1226 3138 1295 3179 cum

197 3212 394 3287 Phanostrata
411 3212 604 3293 Cephisiense
617 3212 748 3292 quodam
760 3210 927 3291 aequalium,
935 3209 1071 3290 praeterit
1083 3209 1200 3270 Ctesias
1218 3210 1296 3273 filins

195 3306 292 3378 istius,
305 3302 506 3378 ebrius,‘circa
515 3304 698 3378 Leocorium,
711 3324 804 3386 prope
813 3302 980 3383 ‘Pythodori
989 3301 1079 3363 aedes.
1097 3302 1296 3385 Conspicatus

195 3407 297 3458 autem
318 3416 384 3467 nos,
400 3396 528 3457 clamore
546 3398 671 3470 sublato,
691 3416 849 3477 secumque
869 3415 1054 3457 murmurans
1073 3416 1153 3457 more
1169 3396 1297 3458 bominis

196 3490 321 3575 ebrii,nt
333 3508 393 3549 non
403 3488 632 3569 intelligeremus
643 3489 898 3569 quidloqneretur,
906 3488 1045 3569 preteriit
1055 3489 1178 3549 Meliten
1194 3478 1296 3551 versn's'

195 3581 401 3643 adscendens:
431 3592 568 3661 potarent
589 3592 698 3643 autem·
712 3582 837 3644 ibi-sic
860 3581 937 3643 enim
959 3591 1064 3662 postea
1086 3581 1297 3663 accepimus-

196 3676 277 3757 apud
295 3674 481 3757 Pamphilum
507 3674 661 3750 fullonem,
675 3676 793 3750 Conon,
813 3674 987 3735 Theotimus
1008 3674 1140 3755 qnidam,
1154 3674 1296 3738 Archebi·

196 3770 280 3842 ades,
297 3768 593 3850 Spintharus'Eubnli
606 3769 693 3842 filius,
708 3769 884 3848 Theogenes
898 3764 1099 3828 Andromenis
1111 3766 1199 3842 iilius,
1213 3768 1298 3829 multi

195 3862 263 3931 alii;
286 3861 392 3943 quibus
407 3860 523 3923 Ctesias
539 3862 693 3923 concitatis
706 3862 738 3923 in
752 3864 847 3923 iorum
859 3861 951 3922 venit.
993 3860 1043 3921 Sic
1061 3870 1161 3922 autem
1179 3862 1298 3935 accidit,

195 3954 318 4015 nobisa
340 3954 525 4035 Proserpinae
538 3956 608 4015 iano
629 3955 839 4017 revertentibus
862 3963 891 4015 et
908 3954 1174 4027 deambulantibus,
1188 3964 1222 4013 nt
1234 3974 1298 4014 rur-

195 4068 263 4109 sum
274 4060 369 4128 prope
384 4048 480 4129 ipsum
502 4050 674 4110 Leocorinm
687 4065 830 4122 essemus,
845 4056 876 4108 et
887 4048 918 4107 in
930 4048 1005 4109 istos
1018 4047 1221 4109 incideremus.
1257 4046 1298 4105 Ut

195 4152 296 4203 autem
320 4142 696 4221 congressi'sumus,·unus
722 4161 833 4214 eorum,
858 4140 977 4222 quidem
996 4140 1085 4201 homo
1108 4140 1238 4218 ignotus,
1266 4138 1298 4199 in

196 4234 429 4295 Phanostraturn
445 4230 527 4294 irruit
545 4244 671 4313 eumque
688 4233 820 4294 detinet:
843 4234 948 4293 Conon
967 4240 1065 4292 autem
1089 4239 1120 4289 et
1137 4228 1213 4287 filius
1232 4230 1298 4311 ejus

196 4337 228 4387 et
248 4326 443 4386 Andromenis
472 4326 560 4399 filins,
577 4326 607 4385 in
632 4346 679 4386 me
696 4328 778 4387 facto
801 4329 923 4406 impetu,
944 4325 1069 4404 primum
1089 4338 1137 4379 me
1160 4319 1298 4398 exsuunt,

196 4418 306 4481 deinde
316 4420 535 4501 supplantatum
550 4430 580 4480 et
592 4430 771 4499 prostratum
789 4420 819 4480 in
832 4438 949 4480 caenum
968 4418 1012 4477 sic
1033 4425 1195 4476 tractarunt
1206 4407 1298 4502 insul-
