2967 4950
509 278 555 337 ru
577 241 920 339 crssrrnouruuss
973 286 984 308 s
1207 272 1279 336 119'

163 435 369 515 Areopagitico
388 443 480 494 morte
499 426 659 494 mulctatus
679 444 734 495 est.
778 434 861 492 Alter
884 433 954 492 item
974 429 1105 512 privatus
1123 430 1263 518 Rhodum

165 527 233 591 navi
244 528 405 605 profectus,
424 529 522 606 quod.
532 539 642 588 metum
652 528 799 604 «publicum
813 546 872 585 non
886 525 1005 585 viriliter
1027 523 1152 596 tulisset,
1171 541 1264 602 nuper

83 615 86 624 ’
164 614 254 678 laesec,
267 618 616 696 majestatisrpostulatus
636 628 690 689 est,
707 627 737 676 et
758 615 1123 698 pares-'calculoszhabuitr
1145 613 1266 693 quodsi

157 727 243 770 >tersus
256 708 404 780 duntaxat*
411 710 542 769 calculus
555 710 637 769 aliter
651 710 818 780 cecidisset,
833 717 884 767 aut
898 707 1110 768 exterminatus
1121 719 1201 767 esset
1214 715 1266 778 aut

82 816 86 824 '
164 799 251 863 morti
265 800 412 861 addictus.
444 802 520 860 Cum
534 802 580 860 his
594 802 683 879 igitur
697 801 728 858 id
741 801 821 879 quod
835 819 913 858 nuuc
927 803 960 859 fit
973 801 1169 861 conferamus.
1190 799 1269 858 Orak.

165 881 340 969 torquidarn
352 894 494 952 malorum
506 895 637 953 omnium
651 895 762 951 ciuitati
776 903 878 952 auctor
891 894 990 950 locum
1003 895 1033 952 in
1049 893 1110 953 acie
1124 891 1266 965 deseruit,

165 1002 203 1047 ex
217 985 288 1043 urbe
300 985 449 1064 profugit:
471 987 496 1045 is
519 981 552 1044 se
569 1005 681 1045 corona
700 985 804 1044 donari
827 985 958 1062 postulat
979 983 1172 1066 'et'pr‘aeconis
1194 1003 1267 1044 voce

166 1064 318 1152 praedicari
339 1087 597 1157 oporterecenset.
627 1079 696 1136 Non
709 1097 763 1137 ros
778 1077 925 1137 hominem
939 1085 973 1135 ut
985 1096 1169 1136 communem
1183 1077 1266 1137 Groe-

166 1187 267 1237 corum
291 1179 404 1246 pmtem
428 1171 632 1243 amandabitis,
658 1181 710 1230 aut
731 1171 986 1249 comprehensum,
1007 1171 1146 1248 nuquam
1172 1169 1266 1230 'rerum

131 1277 137 1284 ·
167 1261 335 1339 praedonem
349 1263 444 1322 verbis
458 1266 537 1340 quasi
550 1265 663 1341 nauigio
676 1283 730 1343 per
744 1261 953 1343 rempublicam
975 1262 1173 1341 navigantem,
1196 1283 1266 1342 sup<

165 1354 253 1432 plicio
267 1355 423 1413 afficietis?
444 1356 490 1415 Ac
502 1356 772 1440 temporisquoque
785 1375 930 1416 memores
946 1355 1017 1427 sitis,
1032 1356 1061 1413 in
1075 1377 1133 1435 quo
1149 1361 1268 1434 senteu-

109 1481 112 1487 ·
125 1450 139 1464 '
167 1445 239 1506 tiam
252 1448 469 1523 pronuntiatis·
481 1447 599 1506 Paucos
608 1447 767 1527 jamtintra
780 1449 842 1507 di'es
851 1448 964 1528 Pythia
976 1446 1076 1511 futura
1094 1459 1164 1508 sunt
1182 1449 1267 1508 Grae·

167 1557 327 1615 corumque
340 1549 464 1618 cogetur
476 1549 658 1608 conventum
679 1559 787 1618 magna
800 1539 857 1598 hoo
865 1539 935 1619 ipso
957 1549 1088 1618 tempore
1100 1541 1211 1600 invidia
1224 1539 1270 1600 lsi-r

167 1632 254 1718 horat
270 1631 380 1692 civitas·
388 1642 626 1713 nostrapropter
634 1631 843 1709 Demosthenis
862 1633 892 1690 in
909 1637 976 1709 rep,¹
987 1633 1115 1710 gerenda
1128 1634 1273 1694 consiliat
1336 1630 1339 1635 ’
1366 1648 1371 1652 ·

169 1725 300 1802 eiigitur
308 1724 388 1785 hunc
396 1726 508 1793 corona·
519 1727 760 1806 donabitis,:cum
773 1726 809 1784 iis
826 1726 1074 1803 quicommunem
1088 1745 1190 1804 pacem
1199 1726 1267 1802 ‚vioe

168 1819 232 1878 lant
244 1821 410 1880 consentire
421 1819 599 1894 videbimini,
614 1821 660 1881 sin
674 1816 758 1879 aliter
772 1818 909 1894 feceritis,
922 1817 1065 1899 populum
1077 1817 1124 1877 his
1143 1819 1273 1878 criminis
1336 1808 1337 1814 ἵ

169 1912 404 1972 busabsolvetis.
1152 1963 1155 1968 .
1186 1899 1195 1915 ’

210 2005 260 2064 94.
282 2005 431 2082 Nerigitur
451 2006 535 2084 quasi
558 2005 596 2064 de
610 2005 705 2064 aliena
722 2004 840 2064 'civitate
856 2003 907 2064 sed
931 2012 964 2063 ut
979 2004 1016 2063 de
1038 2015 1137 2064 vestra
1156 2007 1271 2084 propria

170 2097 327 2170 consulite,
345 2117 440 2176 neque
453 2099 579 2158 honores
601 2097 729 2176 spargite
751 2097 803 2156 sed
811 2097 926 2176 judicio
940 2093 1071 2156 adhibito
1085 2097 1218 2166 tribuite;
1241 2101 1281 2158 et'

171 2191 290 2269 proemia
306 2190 336 2247 in
357 2191 525 2250 melioribus
546 2191 677 2269 personis
699 2191 827 2268 virisque
848 2191 942 2270 magis
966 2192 1095 2268 probatis
1117 2191 1270 2265 collocate,
1305 2237 1309 2244 .

171 2302 266 2362 neque
280 2283 374 2341 solum
392 2284 510 2342 auribus
525 2284 707 2360 exquirentes,
730 2283 784 2342 sed
802 2284 890 2342 etiam
904 2282 999 2343 oculis
1014 2284 1043 2340 in
1059 2294 1173 2343 vosmet
1189 2285 1269 2362 ipsos

172 2376 329 2445 conversis,
344 2375 489 2454 dispicite,
503 2375 622 2454 quinam
634 2385 765 2435 vestrum
780 2375 1047 2434 Demosthenissint
1059 2394 1142 2454 opem
1163 2375 1271 2436 laturi?

174 2470 318 2529 Utrumne
332 2466 383 2546 qui
401 2467 456 2548 ipsi
469 2469 499 2528 in
513 2479 631 2542 venatu,
645 2489 683 2528 an
697 2468 748 2547 qui
766 2469 797 2527 in
811 2467 1017 2528 certaminibus
1032 2469 1185 2548 gymnicis,
1200 2469 1271 2528 dum

170 2571 253 2621 esset
272 2561 460 2631 adolescens,
487 2562 557 2622 socii
581 2561 723 2621 fuerunt?
746 2561 790 2619 At
809 2561 920 2621 medius
938 2561 1043 2621 fidius!
1066 2581 1124 2620 non
1143 2562 1173 2620 in
1192 2563 1269 2641 apris

171 2639 354 2713 silvestribus
370 2653 558 2725 insectandis,
579 2673 639 2713 non
661 2654 690 2727 iu
714 2655 843 2737 corporis
863 2653 1030 2713 valetudine
1054 2654 1185 2719 curanda
1198 2674 1271 2715 ‘ver-

172 2756 253 2808 satus
267 2756 323 2820 est,
336 2746 388 2805 sed
401 2747 431 2806 in
445 2748 588 2809 machinis
606 2747 746 2807 adversus
757 2744 956 2827 'locupletium
974 2747 1107 2807 fortunas
1124 2736 1271 2809 struendis

171 2841 259 2900 vitam
273 2839 419 2919 produxit.

207 2934 262 2990 95.
285 2932 344 2990 Sed
363 2952 416 2991 vos
431 2932 629 3009 arrogantiam
643 2930 771 2989 hominis
787 2940 967 3008 spectantes,
977 2925 1044 2989 curn
1065 2931 1144 2990 dicet
1164 2950 1196 2991 se
1211 2921 1272 3011 By'-

171 3025 297 3085 nantium
311 3024 458 3103 legatione
477 3044 493 3082 e
508 3024 637 3103 Philippi
651 3024 788 3083 manibus
800 3025 967 3095 extorsisse,
982 3024 1153 3085 Acarnanas
1168 3026 1206 3085 ad
1219 3028 1273 3087 de-

172 3111 330 3177 ficiendum
344 3116 518 3189 concitasse,
536 3115 683 3175 Thebanis
698 3108 890 3175 concionibus
905 3117 964 3175 suis
979 3117 1117 3177 attonitos
1131 3116 1273 3195 rapuisse,

172 3231 265 3270 -ros
286 3210 363 3267 enim
377 3228 413 3267 eo
422 3208 485 3287 jam
510 3208 640 3267 stultitiae
662 3208 844 3287 processisse
864 3209 1030 3278 arbitratur,
1050 3218 1083 3267 ut
1102 3209 1189 3269 etiarn
1208 3210 1273 3273 haec

173 3302 311 3363 credituri
335 3300 408 3373 sitis,
428 3300 553 3379 proinde
577 3302 662 3379 quasi
686 3301 816 3360 Suadam
842 3301 871 3358 in
900 3302 971 3359 urbe
992 3310 1089 3360 vestra
1109 3321 1169 3361 nou
1193 3303 1274 3362 calu-
1324 3316 1331 3329 ·

172 3398 343 3456 mniatorem
353 3394 450 3453 alatis.
473 3393 550 3452 Cum
563 3393 690 3472 denique
702 3393 733 3451 in
749 3402 878 3473 extrema
886 3394 950 3473 jam
964 3394 1196 3473 orationisparte
1210 3416 1273 3457 sor·

174 3491 254 3550 dium
269 3483 394 3550 suarum¹
410 3488 506 3547 socios
528 3487 583 3546 sibi
607 3496 752 3558 accerset,
771 3487 873 3564 fingite
890 3505 943 3546 vos
958 3486 1063 3546 intueri
1082 3488 1138 3548 hoc
1159 3490 1223 3568 ipso
1244 3492 1274 3549 in

174 3590 328 3662 suggestu,
341 3600 400 3659 quo
413 3598 469 3660 ego
481 3599 560 3639 nunc
569 3578 710 3639 insistens
720 3580 836 3658 loquor,
849 3589 951 3640 contra
961 3580 1141 3658 petulantem
1152 3578 1274 3641 istorum

174 3671 495 3755 improbitatem'veluti
509 3673 571 3731 acie
584 3672 742 3732 instructos
758 3670 834 3732 viros
849 3672 958 3751 optime
980 3672 1017 3731 de
1042 3672 1193 3751 republica
1213 3693 1274 3734 me-

175 3770 261 3836 ritos;
284 3766 422 3826 Solonem
436 3766 486 3843 qui
499 3764 700 3844 pulcherrimis
713 3764 828 3844 legibus
839 3764 987 3843 popularis
1002 3764 1207 3827 dominationis
1215 3777 1274 3827 sta·

176 3871 238 3920 tum
253 3860 414 3932 exornavit,
429 3858 524 3917 virum
540 3867 570 3918 et
592 3857 746 3938 sapienties
762 3856 860 3917 studio
879 3856 1012 3937 deditum
1029 3869 1059 3918 et
1079 3860 1178 3939 legum
1202 3861 1273 3919 scri-

175 3965 287 4035 ptorem
297 3960 496 4031 praestantem,
507 3950 661 4030 pudenter,
671 3962 705 4009 ut
713 3951 739 4010 ei
753 3950 957 4023 conveniebat,
967 3956 1019 4011 ro's
1031 3954 1230 4013 obtestantem
1237 3972 1276 4013 ne

82 4116 86 4119 ,
175 4047 237 4105 ullo
247 4046 336 4105 modo
352 4044 561 4104 Demosthenis
575 4044 734 4115 conciones
749 4042 839 4123 pluris
852 4062 939 4121 quam
954 4054 1137 4106 sacramenta
1150 4054 1181 4103 et
1194 4044 1276 4125 leges
1334 4042 1342 4045 ’

176 4138 309 4205 faciatis;
325 4136 483 4196 Aristidem
496 4136 546 4215 qui
558 4136 715 4215 vectigalia
730 4136 844 4195 Graecis
854 4140 1003 4197 communio
1016 4137 1178 4215 descripsit,
1193 4140 1275 4214 cujus

176 4231 309 4291 defuncti
321 4229 397 4288 filias
411 4229 538 4308 populus
557 4230 588 4286 in
609 4230 826 4293 matrimonium
839 4229 1005 4301 collocavit,
1029 4229 1276 4291 contumeliosum

171 4325 294 4405 justitiae
314 4322 472 4381 ludibrium
498 4322 741 4404 stomachantem,
768 4306 1009 4399 percunctantem
1034 4341 1131 4400 porro,
1154 4342 1192 4383 an
1214 4344 1273 4383 non

177 4436 230 4476 vos
247 4417 367 4496 pudeat,
381 4425 448 4475 cuin
462 4415 587 4493 majores
602 4414 690 4475 vestri
705 4414 870 4475 Arthmium
890 4413 1025 4487 Zelitaru,
1040 4415 1120 4493 quod
1140 4434 1240 4476 aurum
1255 4436 1273 4476 a
