2967 4950
227 295 286 362 rra
532 295 750 360 snvrasus
772 274 1024 356 abausrnmr.

229 453 332 526 emtis,
345 453 422 514 clam
446 462 477 514 et
496 454 535 526 ri,
550 454 639 514 sacris
663 462 695 514 ct
717 449 868 530 republica
884 458 982 510 vestra
1003 457 1073 510 sunt
1093 449 1149 520 usi,
1169 448 1223 510 sed
1244 448 1322 510 cala·

229 545 341 606 mitosis
354 545 627 624 hominibus,seque
640 545 717 606 cives
731 563 797 603 esse
809 541 1032 603 ostendentibus
1044 559 1130 620 opem
1140 540 1322 620 salutemque

228 638 399 711 ferendama
418 643 453 700 et'
465 637 663 718 cogitandum,
677 655 744 697 curn
767 635 929 696 insontibus
948 635 1031 696 nobis
1052 634 1211 695 miserrime
1223 644 1318 698 actum

229 730 274 804 iri,
289 732 324 804 ri,
337 751 404 792 cum
417 741 515 791 vestra
526 729 701 809 quibusdam
720 726 894 788 auctoritate
913 745 1008 805 poenre
1028 725 1130 784 merito
1144 724 1318 804 infligantur,

227 841 282 885 nos
297 843 356 884 una
368 823 442 883 inter
452 839 503 884 cos
514 838 694 892 censeamur,
703 830 734 880 et
746 827 864 899 propter
871 817 1008 878 invidiam
1023 817 1114 896 ipsius
1128 815 1318 895 rei,isjnricm

228 916 382 996 patiamur.
1111 915 1114 918 ’

270 1009 298 1066 3.
314 1006 458 1088 Equidem
473 1008 622 1085 putabam,
636 1003 770 1077 Judices,
784 1003 887 1064 decere
901 999 1087 1075 Eubulidam,
1101 1009 1131 1060 et
1143 1019 1244 1061 omnes
1257 1021 1319 1074 eos,

227 1100 278 1180 qui
291 1119 368 1160 nunc
381 1098 413 1160 in
426 1099 595 1180 abrogando
605 1099 671 1177 jure
688 1096 813 1157 civitatis
827 1093 1027 1156 accusationes
1044 1091 1188 1164 factitant,
1204 1111 1242 1152 ea
1253 1112 1320 1171 qua

228 1201 377 1273 comperta
389 1191 531 1253 haberent
547 1190 654 1262 dicere,
669 1209 769 1268 neque
787 1187 880 1247 ullum
898 1204 1042 1246 rumorem
1055 1185 1086 1245 in
1104 1184 1164 1245 tale
1176 1184 1321 1264 judicium

226 1283 337 1346 afferre.
366 1282 404 1344 ld
418 1285 495 1353 mim
506 1301 599 1362 usque
612 1281 687 1343 adeo
700 1281 843 1361 injustum
856 1297 922 1338 esse
932 1277 999 1338 olim
1013 1277 1100 1337 etiam
1113 1276 1196 1356 leges
1209 1285 1322 1337 statae·

226 1387 304 1448 runt,
323 1387 356 1436 ut
370 1375 470 1437 audita
480 1363 629 1434 ‘testificari
641 1373 722 1452 leges
737 1370 838 1432 sinant
850 1389 887 1430 ne
902 1370 932 1430 in
948 1369 1061 1431 levibus
1073 1368 1190 1446 quidem
1210 1369 1317 1428 causis

227 1467 344 1530 Merito.
396 1467 472 1526 Cum
496 1467 573 1528 enim
595 1463 683 1546 aliqui
700 1465 772 1544 jam,
785 1464 834 1542 qui
856 1482 889 1522 se
909 1482 969 1522 rem
996 1462 1106 1521 vidisse
1132 1461 1318 1532 affirmarent,

225 1561 382 1622 menduces
404 1559 465 1624 sint
476 1558 662 1638 deprehensi,
676 1577 746 1618 num
765 1556 806 1616 illi
825 1555 961 1616 habenda
978 1551 1049 1616 fides
1067 1563 1123 1624 est,
1137 1552 1237 1632 quiea
1250 1551 1322 1612 dicit

226 1671 293 1732 qum
303 1671 358 1711 nec
367 1651 431 1730 ipse
443 1649 541 1710 noviti
560 1648 724 1720 Enimvero,
736 1667 804 1708 cum
813 1646 922 1706 nemini
930 1644 1027 1717 liceat,
1036 1645 1149 1704 etiamsi
1158 1644 1322 1705 obnoxium

225 1763 288 1804 sese
302 1743 494 1815 constituerit,
507 1761 560 1822 per
572 1759 608 1802 ea
620 1759 725 1826 nocere
738 1741 883 1819 cuiquam,
897 1757 966 1818 qnae
980 1759 1016 1799 se
1035 1738 1151 1798 audisse
1171 1738 1252 1808 dicit,
1268 1739 1319 1818 qni

225 1835 372 1907 convenit,
384 1833 409 1893 ei
424 1853 474 1894 vos
487 1834 595 1893 habere
603 1831 702 1905 fidem,
710 1832 760 1911 qui
768 1831 850 1891 nullo
860 1850 915 1891 suo
924 1829 1055 1910 periculo
1066 1849 1120 1890 nos
1130 1829 1320 1889 criminatur?

266 1931 296 1986 4.
311 1927 472 2006 Postquam
485 1925 573 2006 igitur
583 1924 638 1984 iste
651 1924 751 2004 legum
765 1943 890 2004 gnarus,
898 1923 987 2005 idque
999 1921 1094 2000 magis
1108 1941 1196 2000 quam
1207 1941 1317 1982 conve·

225 2017 333 2091 aiebat,
345 2019 463 2099 injuste,
476 2017 635 2096 multisque
648 2018 734 2076 rebus
749 2017 878 2097 superior
890 2015 1048 2079 accusavit,
1057 2033 1178 2074 necesse
1192 2006 1262 2074 mihi
1272 2027 1318 2076 est

226 2111 264 2172 de
274 2111 312 2171 'iis
325 2111 447 2192 primum
462 2110 559 2171 dicere
572 2109 683 2190 injuriis
697 2120 729 2170 et
741 2109 933 2180 contumeliis,
945 2109 1051 2188 quibus
1065 2108 1145 2186 apud
1158 2109 1317 2188 municipes

225 2224 291 2266 sum
313 2203 447 2264 affectus.
489 2201 563 2262 Peto
582 2211 678 2262 autem
699 2223 719 2263 a
730 2202 823 2272 vohis,
839 2201 1044 2274 Athenienses,
1058 2220 1097 2262 ne
1114 2201 1229 2262 illorum
1249 2224 1317 2264 sen·

224 2295 346 2356 tentiam
369 2314 422 2374 pro
437 2301 608 2374 argumento
620 2295 740 2375 putetis,
753 2313 801 2353 me
814 2295 851 2353 ab
865 2294 922 2354 hac
936 2293 1086 2374 republica
1099 2313 1166 2354 esse
1180 2288 1316 2355 alienum.

225 2388 304 2460 Nam
318 2387 343 2448 si
362 2389 523 2468 municipes
536 2405 657 2464 ,omnem
674 2387 842 2465 aequitatem
860 2387 1021 2466 perspicere
1039 2405 1126 2466 posse
1146 2390 1317 2466 putassetis,

223 2480 448 2561 appellationem
461 2478 548 2540 vestri
561 2499 621 2539 non
634 2479 807 2540 dedissetis:
827 2499 908 2539 nunc
919 2480 1159 2555 extamulatione,
1169 2501 1208 2541 ex
1223 2483 1317 2543 iniim-

224 2574 309 2645 citiis,
322 2574 387 2633 aliis
398 2574 467 2634 item
479 2574 517 2635 de
527 2574 633 2646 carreis,
647 2573 705 2633 tale
718 2572 789 2654 quid
802 2582 975 2633 eventurum
988 2573 1187 2642 eristiurntes
1204 2575 1315 2651 affectis

223 2664 329 2743 injuria
346 2676 474 2725 uestrum
492 2664 573 2725 velut
591 2666 703 2746 asylum
723 2664 885 2747 aperuistis.
927 2665 994 2733 Quo
1014 2665 1153 2725 laudabili
1173 2666 1313 2738 instituto,

224 2749 427 2831 Athenienses,
440 2756 574 2817 homines
587 2756 758 2817 innocentes
773 2774 875 2817 omues
887 2756 1094 2818 conservastis.

265 2851 296 2909 5.
311 2846 441 2909 Primum
455 2848 543 2927 igitur
556 2848 639 2909 vobis
654 2868 807 2927 exponam,
820 2868 880 2927 quo
893 2858 981 2928 pacto
991 2849 1072 2929 apud
1081 2848 1241 2929 populares
1249 2870 1316 2916 aaa·

224 2939 316 3003 tentia
327 2939 388 3001 lata
401 2940 450 2999 sit.
492 2940 571 3001 Nam
585 2959 650 3019 qum
664 2942 703 3001 ad
713 2960 774 3001 rem
785 2941 893 3002 faciant
905 2940 1005 3002 omnia
1017 2940 1126 3014 dicere,
1138 2942 1171 3006 id
1183 2960 1243 3021 ega
1252 2962 1315 3005 maa

222 3040 305 3113 puto,
320 3032 421 3113 siquis
436 3032 582 3106 ostendat,
601 3053 668 3113 qua
681 3032 857 3096 sandonibus
871 3052 1040 3113 oppressus,
1051 3042 1155 3097 matra
1167 3034 1317 3101 decretum

221 3124 261 3185 sit
273 3142 441 3205 perpessus.
483 3122 654 3195 Eubulidas,
669 3134 702 3183 ut
713 3135 842 3184 vestrum
860 3124 944 3187 multi
962 3136 1080 3195 norunt,
1094 3125 1254 3204 impietatis
1267 3147 1314 3191 at·

219 3225 323 3275 casata
334 3233 434 3275 sorore
447 3213 671 3287 Lacedaemonii,
686 3214 819 3297 quintam
833 3214 1031 3294 suffragiorum
1043 3226 1155 3296 partem
1169 3236 1228 3277 non
1239 3218 1315 3278 tulit.

222 3307 311 3373 Quod
333 3307 421 3386 igitur
436 3306 466 3365 in
488 3326 524 3367 ca
543 3326 633 3367 causa
647 3317 677 3367 et
690 3327 802 3380 rerum,
814 3307 905 3370 atisti
925 3307 1081 3367 adversum
1101 3308 1161 3367 dixi
1183 3310 1314 3371 maumo-

221 3398 316 3469 nium,
327 3418 363 3457 eo
380 3416 497 3457 mecum
518 3408 634 3461 exercet
655 3398 829 3471 inimicitias,
843 3420 948 3480 meque
971 3410 1134 3480 oppugnat.
1176 3401 1314 3470 Quicum

221 3500 253 3550 et
276 3500 392 3551 senator
412 3500 500 3561 esset,
515 3500 545 3549 et
562 3490 778 3570 jusjurandum,
799 3493 886 3571 atque
900 3492 1010 3565 album,
1023 3513 1061 3552 ex
1078 3512 1139 3573 quo
1158 3496 1314 3573 populare

183 3588 186 3595 '
219 3583 298 3645 intro
316 3583 451 3655 vocabat,
469 3582 499 3641 in
514 3601 568 3645 sua
580 3593 728 3662 potestate
741 3584 872 3659 haberat,
892 3584 964 3667 quid
979 3586 1071 3649 iacitt
1104 3586 1235 3647 Primum
1248 3607 1313 3648 oum

220 3674 387 3755 municipes
406 3673 619 3749 convenissent,
632 3676 822 3738 concionssrus
832 3678 987 3750 habendis,
1002 3688 1033 3741 et
1046 3678 1172 3741 decretis
1186 3681 1312 3744 scriben-

221 3768 268 3833 dis
283 3768 361 3829 diem
374 3769 520 3831 contrivit.
563 3770 598 3830 ld
614 3788 682 3831 vcro
701 3790 761 3834 non
780 3772 856 3833 forte
868 3773 987 3835 fortuna
1000 3772 1108 3837 factum
1123 3783 1179 3845 est,
1194 3774 1250 3843 sed
1259 3774 1313 3836 ott-

180 3902 183 3909 ι
220 3862 436 3927 cumscribsodi
448 3864 505 3923 mei
518 3885 619 3939 causa,
628 3874 662 3927 ut
676 3886 766 3945 quam
775 3866 941 3930 tardissime
954 3867 993 3927 de
1006 3886 1053 3927 me
1067 3869 1312 3946 pronunciaretur.

219 3956 315 4039 quue
331 3956 462 4038 perfecit.
496 3957 536 4019 lit
544 3949 717 4039 municipes,
728 3960 779 4039 qui
786 3962 998 4034 insereremus,
1011 3968 1072 4021 tres
1084 3967 1116 4020 et
1128 3961 1313 4039 septuaginta

218 4050 337 4111 fuimus.
378 4048 529 4129 Coepimus
551 4061 649 4111 autem
668 4052 741 4115 ferre
760 4051 901 4131 suffragia
913 4050 1072 4117 mnodum
1085 4070 1171 4120 seror
1193 4052 1313 4131 probb

218 4142 336 4215 accidit,
352 4162 418 4203 cum
434 4161 540 4203 nomen
553 4162 650 4204 meum
664 4144 777 4215 citaret,
792 4153 825 4204 ut
839 4144 902 4225 jam
922 4143 1053 4207 tenebra
1063 4154 1186 4204 essent:
1207 4136 1311 4208 atenim

169 4276 177 4293 .
219 4244 390 4313 perventum
398 4234 460 4314 jam
481 4243 546 4296 erat
566 4235 679 4296 circiter
699 4234 738 4295 ad
757 4236 979 4315 sexagesimum,
992 4245 1026 4296 et
1038 4245 1165 4298 rocam
1178 4256 1246 4302 sum
1260 4254 1311 4316 po-

220 4334 344 4389 stremus
357 4328 485 4387 omnium
501 4324 575 4387 inter
589 4347 649 4400 eos,
663 4328 713 4405 qni
727 4326 777 4388 illo
797 4328 846 4390 dis
861 4340 931 4396 arnt
942 4330 1135 4402 vocamina:
1149 4328 1312 4408 madore

220 4416 277 4475 hus
290 4417 363 4479 inter
377 4419 540 4499 municipes
548 4420 610 4499 jam
624 4419 652 4479 in
666 4438 753 4497 apros
766 4419 917 4499 digressis,
949 4419 1113 4483 moestu
1123 4420 1310 4499 municipium
