2967 4950
263 287 321 345 618
537 282 753 347 invertens
775 275 1079 354 menantium.

156 488 167 499 .
266 426 374 521 genus
395 438 563 518 proximus:
596 438 804 521 Theopompus
829 448 928 503 autem
948 440 1108 503 Munati
1131 450 1215 521 puter
1233 460 1350 521 prom

263 552 324 593 uon
339 532 581 611 munitaeque
593 532 821 594 controversiam
829 533 935 608 morit,
946 532 1027 614 quod
1044 532 1115 593 nihii
1138 532 1177 593 ad
1198 533 1294 613 ipsum
1306 542 1357 595 αν

264 625 379 696 tineret,
392 624 482 703 idque
506 642 575 685 curn
592 634 671 685 essin
691 624 796 687 endem
812 633 909 686 atate.
958 626 1055 695 Quam
1075 626 1242 689 absurdum
1255 636 1350 685 autern

156 750 161 760 ·
262 736 328 779 essa
350 718 470 798 putatis,
482 716 614 791 Judioes,
628 736 696 779 oum
714 718 920 799 Theopompus
933 718 971 779 de
983 718 1125 799 pupilia.
1148 738 1196 778 uae
1217 718 1274 777 rut
1289 718 1350 779 fla-

210 820 212 825 ’
263 810 478 891 puin-patrueli
487 820 569 885 nata,
582 828 649 871 curn
664 810 781 872 nemina
799 812 928 890 uuquam
949 812 1079 891 litigarit,
1097 820 1132 871 ut
1169 811 1351 872 ostoletiia·

263 903 342 983 goia
355 904 410 965 sibi
421 902 621 965 hereditatem
635 904 721 967 tribui
735 912 838 965 oontra
848 922 949 967 omues
963 904 1063 983 legat
1096 904 1196 971 Qud
1187 905 1251 966 istis
1260 886 1351 964 homi-
1452 951 1453 954 ,

262 994 349 1061 sibu
363 994 423 1059 tisri
438 1006 525 1076 quest
538 995 732 1075 impudentius
747 994 801 1060 aut
812 996 1003 1102 sceleratius?
1023 998 1127 1061 Recita
1138 996 1351 1059 mamaeam
1452 1027 1454 1090 ᾖ

263 1086 406 1168 teor³

767 1196 859 1257 nux,

296 1310 920 1378 Homioidaintoropostuieturrhiisqniruntintrr
930 1308 1353 1366 consobrinitntornatrconsohriuir,
1452 1283 1453 1342 Ῐ

264 1386 1354 1451 suspsrrequuuturoundenetoonsotirinoruniibori,stgsuori,otsooeri,otsohrini,st
1452 1383 1453 1450 ζ

262 1464 371 1513 sunites.
392 1466 433 1513 Sin
444 1482 494 1513 oum
508 1482 536 1513 eo
547 1458 687 1519 redeundum
699 1466 723 1515 iu
733 1468 832 1527 ‘ration
841 1465 920 1523 (aaut,
930 1466 952 1515 o·
963 1471 1029 1527 pstor
1036 1472 1153 1527 superstes
1163 1462 1217 1524 erit,
1228 1470 1269 1511 rut
1278 1464 1355 1517 t‘nrtoe,
1452 1467 1453 1484 ¹

263 1548 304 1587 rut
315 1540 366 1597 iiiii,
376 1548 416 1587 rut
429 1540 539 1596 omnium,
548 1548 587 1589 uut
598 1544 648 1603 ejus
658 1542 698 1603 qui
706 1542 821 1603 prohibet,
833 1541 922 1601 ysichit
930 1539 1063 1588 auotoritas.
1079 1540 1120 1587 Sin
1132 1540 1213 1586 horum
1224 1554 1293 1585 nomo
1303 1538 1356 1594 orit,
1452 1581 1453 1590 ,

265 1626 289 1666 et
301 1617 388 1665 oudam
400 1617 487 1667 invitus
498 1620 588 1674 fecerit,
599 1618 671 1681 idque
679 1619 845 1681 quinquaginta
854 1626 879 1665 et
889 1634 949 1665 unus
961 1618 1058 1678 Ephotae
1072 1614 1245 1679 prounnoirriut
1258 1614 1355 1661 invitum
1452 1641 1453 1656 ι

262 1692 348 1741 secisse
357 1693 453 1748 oudam,
461 1693 642 1747 intromittantur
654 1695 752 1743 eurialus
764 1695 785 1741 si
793 1693 872 1742 volout
882 1693 962 1740 dooern
972 1693 1015 1739 :ab
1025 1691 1061 1739 his
1072 1698 1149 1738 autern
1160 1687 1324 1751 quinquaginta
1333 1694 1355 1735 et
1452 1685 1453 1694 ¹

264 1784 325 1816 unus
336 1785 367 1817 ex
376 1770 524 1830 optirnatibus
535 1770 674 1833 deligantur,
684 1772 757 1833 etqui
769 1770 832 1833 prins
844 1770 931 1816 cedern
942 1769 1045 1816 iecerunt
1053 1768 1095 1814 hoo
1107 1766 1354 1814 snuotioucteuorutur.
1452 1791 1453 1814 ;

266 1844 314 1903 Qui
324 1844 412 1892 veroin
422 1845 555 1909 municipiis
565 1847 733 1901 desiderantur,
745 1861 803 1907 quos
814 1861 882 1890 nemo
893 1844 1023 1901 sustulerit,
1032 1860 1073 1891 eos
1082 1842 1171 1890 indicat
1185 1842 1292 1890 tribunus
1303 1856 1355 1903 cog·
1452 1826 1454 1843 Ι

265 1920 325 1969 nutis
341 1928 368 1984 pt
380 1920 462 1969 tollant
482 1930 506 1969 et
523 1922 633 1983 sepeliant
647 1927 671 1970 at
683 1922 786 1983 populus
796 1935 825 1968 oo
836 1920 874 1967 dio
885 1919 1003 1977 tueatur,
1015 1936 1061 1981 quo
1076 1916 1115 1967 uie
1131 1918 1215 1979 singnii
1230 1916 1356 1967 desiderati

264 1992 358 2044 suerint.
397 1996 556 2045 Denunoietur
573 2004 649 2045 autam
665 1994 694 2043 do
709 1995 785 2042 servio
795 1994 896 2049 domiuo,
905 1995 937 2041 de
951 1992 1057 2055 ingenuis
1072 1993 1102 2041 iis
1116 1992 1156 2054 qui
1172 1992 1198 2040 iu
1209 1993 1280 2040 bonis
1297 2001 1355 2041 sunt.

266 2074 307 2123 Sin
317 2080 408 2121 mortuo
419 2074 480 2121 bona
495 2089 540 2121 non
553 2080 628 2129 erunt,
639 2070 724 2119 mortui
736 2070 840 2130 cognatis
858 2071 1017 2120 denuncietur.
1049 2068 1118 2129 Quod
1127 2068 1209 2133 sipost
1220 2068 1307 2117 tribuni
1316 2070 1355 2117 du·

1452 1991 1454 2038 t

266 2150 436 2198 nunciationem
447 2150 540 2210 oognuti
550 2164 595 2197 nou
607 2146 752 2205 sustulerint,
764 2146 1006 2201 tribunustoiiendnrn
1024 2146 1355 2210 osdrveriuootatsepoiieu·
1379 2163 1381 2168 ·
1452 2179 1454 2212 p

264 2226 320 2275 duni
336 2234 360 2274 et
374 2226 518 2274 lustrandum
529 2241 557 2271 oo
568 2225 607 2271 die
618 2224 737 2285 populun,
749 2238 817 2285 quom
827 2222 922 2271 minino
932 2224 1027 2285 poterit.
1058 2223 1100 2271 sin
1113 2239 1159 2270 nou
1169 2224 1263 2283 loourit,
1273 2226 1354 2273 deheto

264 2304 328 2351 milis
341 2302 461 2351 diodorus
472 2300 560 2349 emto.
594 2300 713 2361 Quicquid
724 2306 801 2348 autern
815 2299 965 2363 impenderit,
976 2299 1072 2362 dupiuru
1083 2299 1247 2350 adeberone·
1259 2302 1354 2364 exigito
1414 2306 1416 2314 ’

265 2380 370 2439 Quod'
348 2396 394 2428 nisi
385 2378 513 2435 'sensuit'
504 2394 556 2441 ipso
567 2378 651 2427 debrto
661 2374 819 2442 popularibus.
842 2378 891 2439 Qut
901 2386 976 2427 autern
986 2378 1223 2427 loottionesiuoorom
1232 2379 1356 2436 mm,

266 2465 291 2506 et
306 2462 442 2507 oahrorrio
453 2457 566 2513 Deorum,
577 2460 601 2503 et
612 2454 725 2516 neronio,
736 2470 782 2506 noo
792 2454 947 2514 reddiderint,
956 2455 1053 2504 nuno·
1064 2463 1089 2504 ot
1103 2452 1152 2519 ipsi
1161 2461 1230 2548 sunto
1239 2464 1267 2506 et
1276 2471 1352 2510 eoru

266 2534 380 2592 heredes,
390 2534 465 2582 donec
476 2533 594 2583 solverint.

263 2647 342 2710 Hanc
355 2647 454 2709 omnia
468 2667 535 2728 quoa
547 2647 628 2728 leges
636 2649 742 2724 jubent
756 2649 851 2710 fucere
864 2659 1015 2729 cognatos,
1028 2668 1083 2710 nos
1092 2649 1199 2730 jubent
1212 2659 1244 2710 et
1260 2652 1354 2714 huuc

263 2755 384 2820 cogunt,
404 2740 542 2802 Judioesz
572 2759 638 2818 oum
659 2739 828 2802 Macartato
850 2753 947 2804 autern
974 2741 1045 2802 nihil
1066 2742 1235 2822 loquuntur,
1260 2763 1352 2824 neque

265 2853 331 2892 cum
350 2833 537 2914 Theopompo
550 2841 632 2912 patre
652 2837 725 2909 ejus.
766 2833 871 2912 Neque
889 2836 966 2896 euim
980 2835 1131 2897 infantilia
1148 2836 1277 2916 Haguiea
1289 2836 1353 2898 crint

261 2925 294 2986 in
308 2926 492 2987 unirer-euru:
513 2945 571 3004 quo
585 2935 673 3005 pacto
683 2925 771 3005 igitur
783 2926 850 2987 istis
860 2927 1016 3006 qucquam
1030 2929 1224 2990 mandarant?

305 3024 354 3080 14,
376 3022 421 3080 Ao
433 3020 489 3080 iste
504 3019 633 3100 quidem,
648 3019 779 3094 Judices,
799 3021 838 3080 ad
852 3020 1022 3083 refutandas
1039 3021 1122 3102 leges
1134 3032 1164 3082 et
1187 3021 1351 3084 testimonis

262 3131 330 3192 quaa
343 3121 398 3175 nos
412 3113 609 3188 exhibuimus,
625 3113 698 3193 justi
717 3113 790 3172 nihil
802 3112 904 3174 afferre
916 3124 1032 3193 potest:
1055 3115 1112 3176 sed
1134 3115 1305 3194 indignatur
1323 3124 1351 3175 et
1381 3125 1389 3163 ’-

235 3263 238 3268 ,
261 3205 359 3284 inique
374 3223 472 3266 secum
486 3206 534 3285 agi
544 3203 671 3278 dictitat,
685 3205 733 3284 qui
746 3215 831 3286 patre
841 3216 956 3266 mortuo
969 3224 1036 3266 reus
1049 3207 1111 3267 flat.
1152 3206 1231 3267 iliud
1243 3220 1351 3280 auteur,

263 3299 396 3373 iudices,
410 3317 469 3359 uon
479 3299 654 3371 considerat,
668 3309 781 3379 patrem
791 3319 876 3358 suum
888 3299 1034 3360 hominem
1046 3299 1137 3360 tuisse
1148 3300 1313 3374 moralem,
1322 3309 1351 3360 et

263 3405 331 3448 oum
349 3389 414 3450 aliis
428 3389 526 3449 multis
544 3389 661 3462 obiisse,
676 3399 705 3450 et
727 3390 887 3450 senioribus
908 3399 939 3450 et
954 3388 1129 3469 junioribus.
1170 3389 1234 3450 Etsi
1256 3401 1350 3452 autem

264 3479 471 3561 Theopompus
493 3480 575 3552 obiit,
589 3482 668 3559 leges
687 3501 746 3541 non
758 3482 910 3557 obierunt,
924 3501 1018 3561 neque
1034 3482 1083 3562 jus
1105 3482 1185 3555 obiit,
1197 3501 1297 3562 neque
1304 3485 1349 3562 ju-

261 3572 345 3634 diees
357 3571 567 3653 pronunciandi
581 3573 751 3634 auctoritate
765 3573 894 3654 prediti,
927 3574 1032 3654 Agitur
1046 3584 1144 3635 autom
1162 3575 1193 3634 iu
1205 3575 1263 3638 hoo
1271 3576 1348 3656 judi·

259 3663 307 3723 oio
318 3673 351 3724 et
362 3665 393 3724 in
405 3662 460 3724 hac
472 3664 695 3744 disceptatione,
708 3683 769 3725 non
782 3675 848 3725 uter
861 3665 939 3745 prior
952 3677 1003 3725 aut
1016 3667 1160 3746 posterior
1168 3667 1284 3741 obierit,
1297 3668 1347 3728 sed

261 3766 360 3816 utrum
370 3758 525 3822 conveniat
533 3773 625 3820 necne
638 3757 746 3840 expelii
758 3778 796 3820 ex
806 3760 894 3820 domo
908 3759 1066 3839 Hagniana
1076 3761 1235 3840 patrueles,
1255 3773 1286 3822 et
1299 3781 1347 3842 pa-

262 3848 398 3915 truelium
412 3849 517 3914 liberos
536 3851 672 3932 Hagniae,
687 3852 755 3912 ab''
737 3873 772 3914 us
786 3852 836 3933 qui
850 3864 919 3914 sunt
931 3873 948 3914 e
963 3854 1060 3921 Stratir
1074 3853 1193 3936 familia,
1207 3865 1237 3916 et
1249 3856 1279 3916 ei
1291 3874 1347 3918 nou

260 3943 304 4004 ita
316 3943 475 4023 conjuncti,
488 3955 520 4004 ut
534 3945 658 4026 Hagniae
672 3946 871 4010 hanneton
882 3945 963 4008 adire
975 3948 1100 4027 possint,
1112 3949 1167 4011 sed
1183 3969 1291 4076 genera
1304 3968 1347 4009 re·

257 4035 410 4096 motiones.
451 4035 500 4098 De
513 4037 588 4098 hoo
581 4039 669 4118 igitur
682 4040 879 4100 controversie
888 4048 944 4100 est.

303 4130 353 4187 15.
375 4127 476 4189 Sedet
489 4147 525 4188 ex
539 4129 594 4190 hac
608 4131 673 4209 iege
687 4131 793 4192 certitu
805 4131 894 4191 adam
907 4132 1102 4213 cogitoscetis,
1112 4133 1245 4206 Judioea,
1258 4153 1347 4214 quan*

257 4231 324 4284 turn
339 4219 431 4281 Solon
443 4219 591 4300 legislator
603 4223 733 4286 studium
752 4223 862 4286 habeat
873 4223 1113 4296 ἆοιιιειιίοοιιιιιις
1134 4241 1229 4306 neque
1248 4227 1348 4293 reiicit

258 4311 407 4374 duntaxat
420 4313 462 4374 eis
474 4315 553 4376 bora
565 4315 627 4392 det,
639 4317 694 4378 sad
703 4316 793 4380 etiam
805 4317 933 4382 difficilia
943 4333 1073 4400 queque
1080 4320 1214 4400 coguatio
1221 4321 1347 4386 madet.

175 4491 180 4496 Ι
258 4401 368 4468 uara
380 4405 487 4487 legero.
