2967 4950
444 293 664 356 ADVERSUS
683 295 948 356 annuamus.
1181 296 1240 354 751

141 450 292 528 ciperent,
300 447 478 529 persuadere
491 469 551 510 uon
565 451 735 529 potuissem,
743 451 806 512 huc
813 471 860 511 me
872 447 1025 530 inscripsit
1039 446 1118 510 tuit
1128 447 1244 535 liumus

146 541 320 613 rationibus,
332 541 438 620 quibus
451 540 518 602 illos
536 543 586 621 qui
608 543 738 621 germani
756 543 837 604 cives
864 562 924 602 non
948 551 1019 602 suat
1038 540 1085 603 uti
1104 541 1245 602 coartati

150 634 317 712 Nusquam.
339 633 496 703 Quomodo
509 634 651 698 tandem?
671 634 706 693 ln
721 655 757 696 eo
771 635 938 715 municipio,
951 635 981 694 in
994 629 1054 713 quo
1064 654 1140 695 avus
1152 635 1244 715 patria
1327 712 1329 716 Ι

148 724 207 782 mei
221 735 316 803 pater,
328 726 358 785 in
372 745 432 805 quo
445 736 528 806 pater
540 745 624 788 meus
638 737 771 788 versatus
785 727 950 806 est,inquo
962 735 1169 788 macerantem
1178 746 1246 787 esse

149 826 281 876 constat.

193 909 242 966 15.
262 909 302 969 Et
322 928 381 988 quo
399 921 488 990 pacto
501 931 580 970 nunc
601 912 682 971 vobit
705 910 868 972 evidentius
890 912 1044 992 quisquam
1062 915 1179 992 probet,
1193 918 1244 990 jus

150 997 211 1058 sibi
224 1019 287 1060 erse
296 1001 441 1063 civitatist
457 1005 575 1083 Cogitet
588 1005 665 1062 enim
676 1006 875 1083 unusquisque
885 1014 1024 1078 vestrum,
1033 1006 1243 1078 Athenienses,

149 1109 279 1168 quonam
302 1094 358 1154 alio
377 1094 476 1165 modo,
501 1115 590 1174 quam
612 1115 668 1174 ego
699 1097 767 1167 feci,
787 1107 930 1174 cognatos
954 1115 1025 1155 suos
1043 1097 1246 1160 demonstrare

147 1195 263 1262 posset,
277 1206 344 1246 cum
357 1206 411 1265 pro
424 1188 588 1248 testimonio
602 1189 710 1258 dicant,
732 1208 800 1248 cum
813 1188 923 1268 jurent,
937 1207 1006 1247 cum
1021 1188 1090 1250 olim
1099 1189 1162 1267 jam
1174 1190 1245 1252 inde

142 1295 168 1336 a
180 1277 338 1356 primordio
353 1278 440 1338 iidem
454 1279 532 1340 sinti
554 1282 636 1349 Quas
648 1281 691 1341 ¹ob
705 1300 753 1340 res
766 1299 822 1360 ego
836 1280 964 1340 bonitate
977 1299 1076 1340 cauam
1089 1280 1193 1354 fretus,
1204 1282 1245 1342 ad

148 1387 200 1432 voe
214 1370 353 1448 coniugi3
373 1372 454 1449 quod
469 1372 594 1444 videam,
608 1371 821 1446 Athenienses„
825 1371 1003 1447 judiciorum
1018 1371 1159 1450 majorem
1179 1391 1244 1434 esse

142 1461 363 1533 auctoritatem,
384 1482 444 1523 non
468 1465 556 1524 modo
578 1483 666 1543 quam
688 1464 926 1536 Halimusiorurn,
946 1464 996 1543 qui
1018 1483 1066 1524 me
1083 1465 1244 1544 ejecerunt,

148 1553 203 1614 s‘ed
216 1555 305 1614 etiam
318 1573 406 1632 quam
420 1565 551 1628 senatus,
565 1565 595 1615 et
608 1555 718 1635 populi.
759 1554 826 1614 Nec
844 1555 959 1635 injuria.
1001 1553 1148 1634 Quicquid
1166 1557 1244 1619 enim

141 1647 474 1726 ·spectctur,.sententiae
488 1661 592 1707 vestroe
602 1647 773 1727 justissimae
788 1657 865 1707 sunt.
908 1648 1044 1727 Cogitate
1057 1649 1132 1709 illud
1144 1649 1244 1723 etiam,

145 1758 211 1811 vos,
226 1738 277 1819 qui
289 1758 307 1798 e
320 1738 433 1818 magnis
446 1740 609 1820 municipiis
623 1741 703 1813 estis,
718 1739 801 1802 nulla
814 1759 846 1799 re
859 1740 973 1819 prinare
987 1761 1175 1820 quemquam,
1187 1762 1245 1803 nec

147 1831 346 1905 accusatione,
366 1851 422 1891 neo
437 1833 617 1893 defensione.
658 1833 703 1892 Ac
723 1833 817 1895 multa
835 1833 915 1892 bona
927 1835 1010 1894 vobis
1031 1836 1177 1908 eveniant,
1194 1837 1244 1914 qui

147 1914 184 1982 ea
196 1943 229 1982 rc
242 1933 320 1982 recte
333 1923 379 1982 usi
393 1925 475 1996 estis,
490 1925 539 2003 qui
559 1925 593 1985 iis
607 1924 692 1984 etiam
711 1925 762 2003 qui
780 1943 889 1984 moram
909 1925 1063 2002 petierunt,
1076 1926 1198 2004 parandi
1212 1947 1244 1987 se

145 2015 319 2076 facultatem
340 2034 399 2075 non
420 2017 575 2078 ademistis.
617 2019 684 2087 Qua
707 2039 739 2078 re
763 2028 793 2078 et
813 2017 1047 2089 calumniatores,
1067 2030 1099 2079 et
1119 2040 1173 2080 eos
1193 2023 1244 2101 qui

108 2103 114 2115 '
145 2117 267 2186 propter
289 2106 463 2168 simultatem
488 2109 551 2170 aliis
573 2109 756 2182 insidiantur,
770 2108 951 2170 convincitis.
991 2112 1039 2170 Ac
1055 2131 1110 2171 ros
1124 2113 1244 2191 quidem

147 2197 291 2258 laudandi
305 2199 386 2271 estis,
401 2199 606 2275 Athenienses,
619 2204 670 2282 qui
684 2213 783 2262 autem
800 2223 831 2263 re
851 2204 931 2263 bona
943 2213 974 2263 et
988 2208 1070 2279 justa
1083 2206 1160 2267 male
1175 2217 1244 2267 sunt

146 2294 243 2363 abusi,
266 2293 459 2372 vituperandi.
500 2295 536 2354 ln
556 2296 636 2355 nullo
660 2291 759 2358 autern
782 2297 1052 2376 municipio,quam
1077 2299 1243 2375 innostro,

98 2431 102 2440 .
142 2384 296 2444 crudelius
318 2405 384 2444 esse
409 2399 507 2446 actum
529 2388 685 2467 reperietis.
729 2389 764 2448 ln
784 2409 821 2448 eo
836 2389 915 2449 enirn
928 2390 1051 2450 fratrum
1063 2392 1244 2452 uterinorum

146 2492 179 2539 et
193 2498 397 2558 germanorum
416 2480 488 2541 alios
508 2481 669 2561 ejecerunt,
694 2482 861 2544 aliusnon:
881 2493 913 2543 et
924 2483 1058 2545 homines
1071 2495 1143 2545 natu
1155 2504 1243 2565 gran-

146 2572 201 2633 des
225 2574 337 2651 inopes,
357 2591 479 2650 quorum
500 2574 576 2633 filios
598 2575 788 2635 retinuerunt.
837 2575 954 2635 Harum
977 2575 1066 2640 etiam
1089 2578 1242 2650 serumst

144 2663 246 2734 vultis,
259 2664 423 2724 testimonia
436 2666 519 2726 vobis
537 2666 691 2727 exhibebo.
734 2668 881 2746 Quodque
897 2669 1028 2728 omnium
1040 2669 1243 2746 gravissimum

146 2772 204 2831 cst,
217 2758 334 2819 factiosi
341 2759 378 2819 id
392 2760 543 2829 lecerunt;
565 2782 662 2840 neque¹
672 2782 724 2841 per
737 2763 809 2822 deos
823 2781 875 2822 oro
889 2782 952 2834 voe,
963 2762 994 2821 in
1007 2762 1115 2822 malam
1128 2774 1243 2843 partem

146 2853 304 2932 quisquam
316 2864 446 2913 vestrum
459 2855 592 2935 accipiat,
608 2856 633 2915 si
650 2874 701 2915 eoa
718 2856 770 2934 qui
782 2876 829 2916 me
849 2856 997 2929 laeserunt,
1011 2856 1164 2934 ,improbos
1177 2875 1243 2916 ease

143 2945 316 3006 ostendero.
359 2946 470 3006 Eorum
489 2947 566 3007 enirn
588 2949 671 3007 robis
690 2948 880 3027 improbitate
896 2947 1135 3019 demonstranda,
1148 2946 1243 3026 ipsam

143 3036 343 3097 calamitatem
358 3058 447 3118 quam
460 3041 561 3119 accepi
581 3050 749 3100 conaturus
769 3040 840 3099 mibi
858 3039 989 3102 videm.-
1011 3039 1075 3108 Isti,
1094 3059 1163 3098 cum
1179 3038 1244 3116 qui·

142 3128 221 3187 dam
242 3128 370 3213 homines
390 3134 542 3211 peregrini,
557 3132 635 3193 cives
654 3133 715 3193 ficri
737 3132 858 3204 vellent,
878 3131 1079 3191 Anaximenes
1099 3140 1130 3190 et
1152 3130 1241 3193 Nico·

105 3303 108 3309 ¹
143 3232 266 3305 stratus,
280 3227 472 3287 communiter
491 3226 594 3305 quinas
617 3228 741 3306 quisque
764 3224 921 3285 drachmas
940 3226 1015 3284 iuter
1035 3244 1069 3285 se
1086 3222 1243 3285 distribue·

143 3328 235 3378 runa
269 3318 337 3391 Hoc
359 3340 425 3380 cum
448 3322 522 3380 scire
542 3342 575 3381 se
599 3340 692 3399 neque
715 3319 886 3392 Eubulidas,
907 3338 1004 3397 neque
1025 3319 1160 3398 gregales
1178 3320 1243 3399 ejus

146 3411 260 3490 ejurare
274 3412 411 3492 audeant,
431 3433 509 3473 nuuc
523 3423 621 3473 tamen
640 3434 691 3474 cos
705 3434 765 3472 non
784 3418 942 3489 ejecerunt.
984 3412 1064 3480 Quid
1078 3421 1177 3472 autem
1188 3434 1243 3473 eos
1352 3403 1355 3414 ¹

145 3504 281 3582 privatim
293 3524 350 3577 non
364 3505 493 3565 facturos
512 3506 632 3585 putatis,
648 3507 698 3585 qui
711 3505 827 3585 publice
841 3504 908 3564 haec
928 3505 1025 3564 facere
1043 3524 1104 3564 non
1125 3504 1243 3565 dubita·

145 3596 238 3655 runt'l
264 3597 388 3670 Multos,
402 3597 605 3673 Athenienses,
620 3598 785 3659 Eubulidea
796 3598 886 3657 factio
899 3607 929 3658 et
941 3596 1069 3675 perdidit
1081 3606 1113 3655 et
1125 3616 1243 3657 conser-

144 3688 235 3760 vavit,
249 3690 363 3769 argenti
377 3690 479 3769 gratia.
507 3691 584 3749 Nam
598 3694 676 3771 prius
692 3690 860 3751 etiam-ad
873 3709 936 3748 rem
949 3687 1037 3748 faciet
1044 3687 1123 3767 quod
1136 3688 1242 3760 dicam,

144 3780 449 3843 Athenienses-cum
468 3783 602 3843 tribunus
622 3784 716 3863 plebis
737 3794 819 3843 esset
841 3780 996 3840 Eubulidas
1010 3790 1118 3859 pater,
1123 3791 1158 3841 ut
1170 3781 1242 3854 dixi,

145 3874 325 3955 Antiphilus,
339 3886 535 3935 commentum
550 3877 709 3956 excogitat,
724 3885 789 3935 uta
808 3873 983 3973 quibusdarp
997 3893 1131 3933 nummos
1144 3874 1242 3935 auler-

144 3976 203 4039 ret,
215 3978 247 4027 et
266 3967 317 4039 ait,
330 3987 361 4027 se
378 3987 533 4028 commune
553 3970 651 4029 album
666 3967 838 4047 perdidisse.
880 3938 979 4034 Quare
997 3966 1145 4045 persuasit
1158 3966 1242 4027 Hali·

145 4058 249 4117 muaiis
263 4068 295 4117 ut
307 4062 382 4119 inter
403 4080 467 4120 sese
488 4058 662 4139 suffragini
660 4070 768 4119 errent.
809 4058 849 4118 Et
860 4068 1017 4119 accusatos
1030 4060 1133 4121 decem
1145 4061 1242 4118 muni·

144 4151 225 4229 cipes
240 4151 336 4231 ejecit,
356 4172 429 4231 quos
443 4172 545 4213 omnes
559 4164 664 4233 praeter
679 4173 768 4212 unum
777 4151 896 4233 judices
910 4162 1095 4231 receperunt.
1120 4150 1171 4220 ,Et
1184 4150 1243 4213 hoc

146 4242 276 4302 seniores
299 4262 400 4304 omnes
422 4256 540 4304 norunt.
592 4245 721 4305 Multum
743 4254 820 4305 certe
841 4245 947 4318 abfuit,
968 4255 1001 4304 ut
1018 4244 1130 4321 aliquos
1152 4243 1244 4303 relin-

145 4345 283 4413 querent,
300 4337 349 4414 qui
362 4337 557 4397 Athenienses
578 4358 638 4398 non
662 4349 772 4407 essent,
789 4357 857 4397 cum
876 4342 1032 4415 germanos
1054 4333 1142 4396 auam
1162 4335 1244 4398 cirea

145 4446 201 4507 per
210 4426 371 4489 factionem
384 4428 535 4508 ejicerent,
550 4450 625 4509 quos
634 4429 912 4510 judicium‘recepit.
941 4428 1074 4507 Cumque
1085 4424 1244 4507 pavimen
