2967 4950
189 639 490 702 ARGUMENTUM
507 641 729 703 ORATIONIS
745 643 960 704 ADVERSUS
980 642 1237 704 EUBULIDEM.

202 823 350 870 Scnrnrrnn
363 821 402 868 lex
417 823 477 882 apud
487 823 647 877 Ariamenen,
664 831 695 868 ut
710 822 885 883 inquisiiic
904 824 954 870 int
969 825 1000 870 in
1016 838 1071 870 con
1089 806 1187 870 omnen
1204 819 1259 882 qui

168 897 280 944 cintia
298 897 396 944 album
414 898 562 946 civitatis
580 897 730 960 inscripti
750 900 1037 962 ciren,uogcrmani
1057 901 1175 955 aiut,nn
1191 914 1262 946 uonr

169 981 201 1023 ei
221 980 252 1020 nt
268 973 299 1030 ii,
316 973 367 1035 qui
397 989 454 1022 non
474 981 505 1022 ot
526 983 613 1036 putre
635 981 664 1023 et
689 984 783 1023 moire
805 977 873 1023 civo
894 978 960 1024 nati
982 979 1056 1033 nint,
1077 968 1265 1031 dc'lconinrr>

170 1056 273 1112 utque
293 1049 469 1111 municipes
497 1051 533 1098 dc
564 1053 706 1099 omnihus
737 1053 923 1100 cantantium
945 1054 1189 1114 iarunnciqci
1211 1051 1261 1100 i'm·

171 1125 298 1188 probuti
324 1127 439 1173 inerint
467 1135 498 1175 et
520 1128 708 1176 sententium
741 1130 932 1190 municipum
963 1137 1058 1176 rotam
1081 1129 1268 1184 hobncrini,

172 1202 276 1249 doleri
303 1202 389 1249 inter
411 1203 588 1265 inquilinos
617 1214 820 1262 censeantur,
845 1207 891 1253 iic
915 1222 990 1253 roro
1020 1206 1072 1266 qni
1103 1206 1205 1253 veiint
1228 1205 1265 1252 ii·

170 1287 243 1326 cont
264 1277 424 1340 appellare
441 1280 672 1342 judiciom5qui
688 1281 818 1330 ninnium
840 1283 1005 1343 injudicio
1027 1281 1265 1340 convincuntur,

170 1355 366 1410 vendendos,
387 1355 432 1402 ain
453 1358 673 1414 absolvantur,
690 1359 783 1406 oinos
805 1376 886 1407 erre.
909 1358 1264 1420 Eri-iruniegestinlimoricpc-

171 1431 229 1494 puio
238 1429 366 1491 judicante,
375 1431 519 1494 improbatur
530 1435 656 1482 Ecnithonr
669 1436 775 1494 qnidam:
792 1437 821 1491 ia,
832 1453 884 1484 cum
896 1454 921 1484 nc
932 1437 1055 1484 Ecboiidin
1067 1434 1153 1482 inimici
1165 1435 1264 1482 factione

169 1523 309 1571 oppressum
327 1523 378 1555 cccc
396 1509 492 1566 diceret,
509 1510 635 1571 appellarit
649 1511 755 1568 Judicea,
772 1523 796 1560 er
812 1513 922 1569 ostendit,
933 1530 958 1560 nc
973 1521 997 1560 et
1009 1501 1074 1574 porro
1089 1517 1113 1557 ci
1131 1511 1265 1558 morracio·

173 1601 228 1633 once
245 1591 330 1630 uorum.
364 1583 433 1641 Quod
450 1585 469 1632 ei
487 1592 559 1632 mutor
574 1602 634 1643 mcc,
650 1588 733 1649 inquit,
749 1591 902 1636 mercenariae
920 1605 1001 1650 operor
1020 1587 1084 1642 iecit,
1100 1603 1130 1634 cx
1146 1586 1225 1648 iuopia
1239 1583 1270 1634 id‘

171 1661 238 1710 fecit.
272 1661 428 1708 Paternum
446 1662 590 1725 peregrinius
602 1664 694 1711 iconius
709 1667 824 1727 aar,qnod
843 1673 868 1712 ci
883 1675 965 1728 captui
980 1663 1186 1714 ctvondiumicit.
1217 1663 1267 1711 No·

172 1754 219 1801 qne
230 1753 285 1785 voro
295 1737 437 1786 calamitates
448 1741 623 1800 exprobrandoe,
633 1741 675 1788 aod
687 1757 773 1805 genero
783 1743 923 1803 exquirendo
931 1749 990 1790 euni.

452 2157 997 2268 numosuunnrs

521 2395 923 2470 APPELLATIO

326 2592 660 2659 ADVERSUS
706 2593 1093 2663 EUBULIDEM.

219 2767 247 2827 1.
268 2766 371 2831 Quum
394 2766 554 2826 Eubulides
578 2767 672 2827 multa
694 2766 769 2826 falso
793 2767 876 2826 nobis
903 2767 1052 2846 objecerit,
1069 2778 1118 2828 ct·
1138 2770 1269 2831 convicia

177 2876 272 2935 neque
294 2876 371 2929 vera,
385 2876 478 2936 neque
493 2858 574 2937 justa
586 2860 697 2930 fecerit,
711 2879 830 2938 operam
847 2858 935 2928 dabo,
950 2871 984 2918 ut
996 2880 1071 2920 vera·
1084 2872 1114 2919 et
1128 2861 1211 2940 juata
1225 2861 1279 2921 di·'

177 2950 283 3020 cando,
295 2950 313 3008 J
318 2949 428 3022 udices,
443 2950 605 3023 ostendam,
619 2961 650 3009 et
661 2951 714 3030 jus
728 2970 793 3011 esse
807 2951 891 3010 uobis
904 2950 1037 3021 civitatis,
1050 2961 1081 3010 et
1098 2952 1216 3031 indigne
1233 2954 1280 3012 ab·

178 3045 237 3105 isto
251 3066 296 3105 me
316 3054 472 3111 tractatum
493 3064 567 3105 esse.
609 3044 670 3103 Oro
685 3055 783 3103 autem
799 3063 850 3103 voa
867 3062 979 3114 omncs,
993 3043 1011 3101 J
1016 3042 1283 3114 udicesfobsecrc·
1308 3094 1309 3099 ,

181 3148 212 3198 et
226 3140 409 3211 obtestor,-ut
420 3148 460 3198 >et
483 3138 684 3217 magnitudine
702 3127 809 3196 causae
828 3137 916 3215 hujus
933 3137 1124 3207 concideram,
1138 3148 1168 3195 et
1187 3138 1272 3215 igno-

180 3231 278 3301 minia,
292 3252 360 3291 cum
373 3252 441 3311 qua,
450 3230 500 3308 qui
510 3230 755 3302 condemnantur,
764 3231 850 3289 etiam
861 3240 1048 3309 pereunt,pre
1059 3250 1174 3309 quoquc
1186 3232 1272 3293 tacito

179 3310 314 3395 audiatis,
328 3325 460 3404 maxime,
478 3324 504 3383 si
524 3322 587 3383 fieri
608 3333 717 3402 potest,
739 3323 847 3402 majore
871 3342 938 3381 cum
961 3323 1163 3382 benevolentia
1185 3330 1273 3402 quoin

178 3418 264 3475 iatum
276 3419 342 3496 (par
356 3418 433 3476 onim
448 3427 494 3477 est
515 3428 549 3477 nt
567 3417 595 3475 in
618 3416 747 3495 periculo
767 3416 932 3484 constitutis
946 3417 1051 3475 melius
1066 3418 1215 3497 cupiatiair
1230 3419 1275 3479 aiu

180 3511 284 3581 minue,
299 3520 377 3571 cede
392 3532 458 3571 curn
472 3512 544 3589 pori.

220 3607 249 3661 2.
272 3604 320 3662 Fit
343 3614 450 3677 autem,
465 3604 593 3676 indices,
608 3622 675 3663 cum
690 3621 742 3661 voa
763 3601 887 3673 intueor,
907 3612 938 3660 ot
953 3601 1011 3683 jun
1020 3600 1146 3661 civitatis
1167 3602 1275 3663 habere

180 3714 228 3755 me
243 3696 405 3768 considero,
419 3707 453 3754 ut
466 3715 568 3755 securo
577 3695 680 3755 animo
694 3694 759 3761 sim,
773 3705 803 3752 et
815 3712 950 3771 magnam
967 3711 1048 3771 spem
1060 3681 1190 3751 vicioriae
1204 3714 1289 3755 con-¹

180 3787 306 3867 cipiam:
329 3789 381 3847 sed
396 3797 524 3868 tempora
539 3797 569 3846 et
588 3788 713 3847 civitatis
736 3787 765 3843 in
786 3785 1010 3845 condemnando
1024 3784 1203 3845 iracundiam
1217 3788 1271 3847 for·

180 3880 300 3939 midem.
343 3880 418 3939 Nam
433 3900 499 3938 oum
521 3900 557 3940 ex
571 3878 703 3937 omnibus
716 3876 881 3955 municipiis
892 3876 962 3955 jure
980 3875 1064 3935 multi
1082 3876 1141 3935 sint
1155 3878 1276 3956 expulsi,
1343 3920 1345 3922 -

180 3974 285 4035 endem
300 3983 344 4032 est
358 3973 396 4032 de
410 3972 493 4031 nobis
506 3973 603 4042 etiam,
617 3990 691 4049 quos
701 3970 847 4029 sactiones
861 3986 1037 4048 oppressere,
1051 3969 1159 4048 opinio,
1170 3980 1200 4027 et
1209 3989 1276 4048 pro-

88 4049 95 4061 ’
180 4076 247 4146 pter
269 4066 382 4125 illorum
407 4064 687 4133 condemnationem,
709 4064 737 4121 in
761 4062 1119 4141 majornquam‘prctse
1146 4063 1276 4139 quisque,

180 4158 311 4237 periculo
326 4178 491 4226 versamur:
514 4176 602 4235 quare
617 4158 678 4216 fieri
703 4156 804 4235 nequit
824 4156 918 4227 alitor,
932 4156 1002 4235 quin
1022 4176 1129 4234 magno
1149 4156 1177 4212 in
1193 4164 1278 4212 metu

184 4250 286 4309 simus.
303 4292 307 4300 .
329 4250 403 4318 Quae
418 4268 584 4329 quanquam
598 4248 641 4308 ita
653 4260 730 4319 sunt,
746 4252 781 4308 ea
793 4260 889 4308 tamen
904 4267 978 4327 quea
989 4248 1019 4306 in
1036 4248 1087 4306 his*
1102 4246 1182 4324 ipsis·
1192 4261 1279 4323 oeque
1316 4287 1323 4299 ·
1339 4237 1344 4246 ’

185 4353 264 4417 nunt,
277 4342 401 4425 primurn
415 4344 497 4405 robis
513 4343 619 4403 dicam.
647 4344 713 4423 Ego
724 4341 758 4402 iis
770 4340 1277 4423 qui⁴peregrinitatisconvincuntur,

185 4435 420 4496 succensendum
434 4456 500 4496 aare
514 4436 657 4509 existimo,
671 4436 720 4515 qui
735 4436 819 4496 vobis
836 4454 931 4512 nequa
950 4432 1106 4512 persuasis,
1119 4452 1215 4511 neque
1227 4454 1277 4493 ex·
