<?xml version="1.0" encoding="UTF-8"?>
<!DOCTYPE html PUBLIC "-//W3C//DTD XHTML 1.0 Transitional//EN"
    "http://www.w3.org/TR/xhtml1/DTD/xhtml1-transitional.dtd">
<html xmlns="http://www.w3.org/1999/xhtml" xml:lang="en" lang="en">
 <head>
  <title>
</title>
<meta http-equiv="Content-Type" content="text/html;charset=utf-8" />
  <meta name='ocr-system' content='tesseract 3.04.00' />
  <meta name='ocr-capabilities' content='ocr_page ocr_carea ocr_par ocr_line ocrx_word'/>
</head>
<body>
  <div class='ocr_page' id='page_1' title='image "./demosthenisetsc06ulpigoog_0211.png"; bbox 0 0 2967 4950; ppageno 0'>
   <div class='ocr_carea' id='block_1_1' title="bbox 357 325 1236 392">
    <p class='ocr_par' dir='ltr' id='par_1_1' title="bbox 357 325 1236 392">
     <span class='ocr_line' id='line_1_1' title="bbox 357 325 1236 392; baseline 0.01 -9"><span class='ocrx_word' id='word_1_1' title='bbox 357 325 358 328; x_wconf 69' lang='grc'>’</span> <span class='ocrx_word' id='word_1_2' title='bbox 448 325 666 387; x_wconf 72' lang='lat' dir='ltr'>ADVERSUS</span> <span class='ocrx_word' id='word_1_3' title='bbox 688 327 944 391; x_wconf 81' lang='lat' dir='ltr'><strong>CALLIPPUM.</strong></span> <span class='ocrx_word' id='word_1_4' title='bbox 1180 335 1236 392; x_wconf 83' lang='lat'>711</span> 
     </span>
    </p>
   </div>
   <div class='ocr_carea' id='block_1_2' title="bbox 134 443 1239 563">
    <p class='ocr_par' dir='ltr' id='par_1_2' title="bbox 134 443 1239 563">
     <span class='ocr_line' id='line_1_2' title="bbox 134 443 1239 563; baseline 0.01 -25"><span class='ocrx_word' id='word_1_5' title='bbox 134 443 331 560; x_wconf 73' lang='lat' dir='ltr'>jurejurando</span> <span class='ocrx_word' id='word_1_6' title='bbox 359 489 479 540; x_wconf 78' lang='lat' dir='ltr'>etcum</span> <span class='ocrx_word' id='word_1_7' title='bbox 501 483 692 563; x_wconf 85' lang='lat' dir='ltr'>jurejurando</span> <span class='ocrx_word' id='word_1_8' title='bbox 718 486 800 547; x_wconf 86' lang='lat' dir='ltr'>ilium</span> <span class='ocrx_word' id='word_1_9' title='bbox 825 487 951 548; x_wconf 75' lang='lat' dir='ltr'>tortam</span> <span class='ocrx_word' id='word_1_10' title='bbox 973 506 1033 547; x_wconf 87' lang='lat' dir='ltr'>non</span> <span class='ocrx_word' id='word_1_11' title='bbox 1057 485 1239 561; x_wconf 78' lang='lat' dir='ltr'>offendisset,</span> 
     </span>
    </p>
   </div>
   <div class='ocr_carea' id='block_1_3' title="bbox 136 571 1242 756">
    <p class='ocr_par' dir='ltr' id='par_1_3' title="bbox 136 571 1242 756">
     <span class='ocr_line' id='line_1_3' title="bbox 140 571 1241 662; baseline 0.009 -31"><span class='ocrx_word' id='word_1_12' title='bbox 140 591 230 652; x_wconf 83' lang='lat' dir='ltr'>qoem</span> <span class='ocrx_word' id='word_1_13' title='bbox 243 571 478 652; x_wconf 79' lang='lat' dir='ltr'>magnifaciebat.</span> <span class='ocrx_word' id='word_1_14' title='bbox 506 573 558 634; x_wconf 90' lang='lat' dir='ltr'>Me</span> <span class='ocrx_word' id='word_1_15' title='bbox 571 590 641 636; x_wconf 82' lang='lat' dir='ltr'>vero</span> <span class='ocrx_word' id='word_1_16' title='bbox 654 577 715 638; x_wconf 79' lang='lat' dir='ltr'>sine</span> <span class='ocrx_word' id='word_1_17' title='bbox 724 579 916 662; x_wconf 81' lang='lat' dir='ltr'>jurejurando</span> <span class='ocrx_word' id='word_1_18' title='bbox 931 577 1012 660; x_wconf 79' lang='lat' dir='ltr'>parti</span> <span class='ocrx_word' id='word_1_19' title='bbox 1023 578 1161 654; x_wconf 73' lang='lat' dir='ltr'><strong>faciebat,</strong></span> <span class='ocrx_word' id='word_1_20' title='bbox 1172 600 1241 641; x_wconf 86' lang='lat' dir='ltr'>eam</span> 
     </span>
     <span class='ocr_line' id='line_1_4' title="bbox 136 665 1242 756; baseline 0.01 -33"><span class='ocrx_word' id='word_1_21' title='bbox 136 665 332 745; x_wconf 87' lang='lat' dir='ltr'>jurejurando</span> <span class='ocrx_word' id='word_1_22' title='bbox 356 675 455 753; x_wconf 77' lang='lat' dir='ltr'>autem</span> <span class='ocrx_word' id='word_1_23' title='bbox 477 667 602 756; x_wconf 82' lang='lat' dir='ltr'>sortasse</span> <span class='ocrx_word' id='word_1_24' title='bbox 627 687 686 729; x_wconf 89' lang='lat' dir='ltr'>non</span> <span class='ocrx_word' id='word_1_25' title='bbox 709 670 883 733; x_wconf 84' lang='lat' dir='ltr'>offendisset</span> <span class='ocrx_word' id='word_1_26' title='bbox 907 682 1009 754; x_wconf 86' lang='lat' dir='ltr'>suapte</span> <span class='ocrx_word' id='word_1_27' title='bbox 1027 691 1141 738; x_wconf 70' lang='lat' dir='ltr'>musa:</span> <span class='ocrx_word' id='word_1_28' title='bbox 1169 693 1242 751; x_wconf 91' lang='lat' dir='ltr'>qua·</span> 
     </span>
    </p>
   </div>
   <div class='ocr_carea' id='block_1_4' title="bbox 141 758 1242 930">
    <p class='ocr_par' dir='ltr' id='par_1_4' title="bbox 141 758 1242 930">
     <span class='ocr_line' id='line_1_5' title="bbox 142 758 1242 845; baseline 0.009 -29"><span class='ocrx_word' id='word_1_29' title='bbox 142 768 261 845; x_wconf 85' lang='lat' dir='ltr'>propter</span> <span class='ocrx_word' id='word_1_30' title='bbox 275 758 419 840; x_wconf 80' lang='lat' dir='ltr'>injuratos</span> <span class='ocrx_word' id='word_1_31' title='bbox 433 759 646 840; x_wconf 78' lang='lat' dir='ltr'><strong>pronunciavit.</strong></span> <span class='ocrx_word' id='word_1_32' title='bbox 683 761 759 823; x_wconf 82' lang='lat' dir='ltr'>Haee</span> <span class='ocrx_word' id='word_1_33' title='bbox 772 765 860 825; x_wconf 88' lang='lat' dir='ltr'>etiam</span> <span class='ocrx_word' id='word_1_34' title='bbox 872 783 941 827; x_wconf 78' lang='lat' dir='ltr'>vere</span> <span class='ocrx_word' id='word_1_35' title='bbox 954 784 973 825; x_wconf 91' lang='lat' dir='ltr'>a</span> <span class='ocrx_word' id='word_1_36' title='bbox 985 784 1033 825; x_wconf 92' lang='lat' dir='ltr'>me</span> <span class='ocrx_word' id='word_1_37' title='bbox 1047 765 1115 839; x_wconf 90' lang='lat' dir='ltr'>dici,</span> <span class='ocrx_word' id='word_1_38' title='bbox 1128 785 1146 826; x_wconf 89' lang='lat' dir='ltr'>e</span> <span class='ocrx_word' id='word_1_39' title='bbox 1159 767 1242 826; x_wconf 86' lang='lat' dir='ltr'>teati-</span> 
     </span>
     <span class='ocr_line' id='line_1_6' title="bbox 141 848 679 930; baseline 0 -21"><span class='ocrx_word' id='word_1_40' title='bbox 141 851 200 918; x_wconf 79' lang='lat' dir='ltr'>bus</span> <span class='ocrx_word' id='word_1_41' title='bbox 214 850 264 930; x_wconf 83' lang='lat' dir='ltr'>qni</span> <span class='ocrx_word' id='word_1_42' title='bbox 277 848 471 910; x_wconf 80' lang='lat' dir='ltr'>interfuerunt</span> <span class='ocrx_word' id='word_1_43' title='bbox 483 851 679 930; x_wconf 83' lang='lat' dir='ltr'>cognoscetis.</span> 
     </span>
    </p>
   </div>
   <div class='ocr_carea' id='block_1_5' title="bbox 607 1083 772 1144">
    <p class='ocr_par' dir='ltr' id='par_1_5' title="bbox 607 1083 772 1144">
     <span class='ocr_line' id='line_1_7' title="bbox 607 1083 772 1144; baseline 0.006 -2"><span class='ocrx_word' id='word_1_44' title='bbox 607 1083 772 1144; x_wconf 87' lang='lat' dir='ltr'><strong>TESTES.</strong></span> 
     </span>
    </p>
   </div>
   <div class='ocr_carea' id='block_1_6' title="bbox 143 1226 1254 2324">
    <p class='ocr_par' dir='ltr' id='par_1_6' title="bbox 143 1226 1254 2324">
     <span class='ocr_line' id='line_1_8' title="bbox 189 1226 1254 1308; baseline 0.002 -22"><span class='ocrx_word' id='word_1_45' title='bbox 189 1228 237 1286; x_wconf 91' lang='grc'>10.</span> <span class='ocrx_word' id='word_1_46' title='bbox 259 1227 337 1296; x_wconf 86' lang='lat' dir='ltr'><strong>Quid</strong></span> <span class='ocrx_word' id='word_1_47' title='bbox 350 1227 439 1306; x_wconf 84' lang='lat' dir='ltr'>igitur</span> <span class='ocrx_word' id='word_1_48' title='bbox 451 1236 598 1289; x_wconf 80' lang='lat' dir='ltr'>contraet</span> <span class='ocrx_word' id='word_1_49' title='bbox 610 1229 693 1308; x_wconf 82' lang='lat' dir='ltr'>leges</span> <span class='ocrx_word' id='word_1_50' title='bbox 709 1237 739 1287; x_wconf 87' lang='lat' dir='ltr'>et</span> <span class='ocrx_word' id='word_1_51' title='bbox 752 1226 920 1305; x_wconf 79' lang='lat' dir='ltr'>aequitatem</span> <span class='ocrx_word' id='word_1_52' title='bbox 932 1226 1071 1305; x_wconf 85' lang='lat' dir='ltr'>perficere</span> <span class='ocrx_word' id='word_1_53' title='bbox 1085 1226 1254 1308; x_wconf 86' lang='lat' dir='ltr'>Callippns·</span> 
     </span>
     <span class='ocr_line' id='line_1_9' title="bbox 143 1318 1242 1398; baseline 0 -20"><span class='ocrx_word' id='word_1_54' title='bbox 143 1319 247 1398; x_wconf 79' lang='lat' dir='ltr'>possit,</span> <span class='ocrx_word' id='word_1_55' title='bbox 268 1318 402 1390; x_wconf 68' lang='lat' dir='ltr'>tudites,</span> <span class='ocrx_word' id='word_1_56' title='bbox 420 1339 437 1378; x_wconf 91' lang='lat' dir='ltr'>e</span> <span class='ocrx_word' id='word_1_57' title='bbox 460 1320 627 1380; x_wconf 90' lang='lat' dir='ltr'>testimonio</span> <span class='ocrx_word' id='word_1_58' title='bbox 646 1320 779 1380; x_wconf 87' lang='lat' dir='ltr'>audistis.</span> <span class='ocrx_word' id='word_1_59' title='bbox 822 1319 883 1378; x_wconf 87' lang='lat' dir='ltr'>Oro</span> <span class='ocrx_word' id='word_1_60' title='bbox 904 1329 1002 1378; x_wconf 84' lang='lat' dir='ltr'>autem</span> <span class='ocrx_word' id='word_1_61' title='bbox 1014 1337 1079 1391; x_wconf 79' lang='lat' dir='ltr'>vos,</span> <span class='ocrx_word' id='word_1_62' title='bbox 1091 1329 1121 1379; x_wconf 86' lang='lat' dir='ltr'>et</span> <span class='ocrx_word' id='word_1_63' title='bbox 1133 1339 1198 1378; x_wconf 89' lang='lat' dir='ltr'>mea</span> <span class='ocrx_word' id='word_1_64' title='bbox 1210 1330 1242 1379; x_wconf 88' lang='lat' dir='ltr'>et</span> 
     </span>
     <span class='ocr_line' id='line_1_10' title="bbox 143 1410 1241 1491; baseline 0 -20"><span class='ocrx_word' id='word_1_65' title='bbox 143 1410 237 1491; x_wconf 83' lang='lat' dir='ltr'>patris</span> <span class='ocrx_word' id='word_1_66' title='bbox 251 1429 351 1484; x_wconf 80' lang='lat' dir='ltr'>causa,</span> <span class='ocrx_word' id='word_1_67' title='bbox 367 1413 409 1471; x_wconf 90' lang='lat' dir='ltr'>uti</span> <span class='ocrx_word' id='word_1_68' title='bbox 428 1413 626 1486; x_wconf 76' lang='lat' dir='ltr'>memineritis,</span> <span class='ocrx_word' id='word_1_69' title='bbox 638 1433 685 1473; x_wconf 90' lang='lat' dir='ltr'>me</span> <span class='ocrx_word' id='word_1_70' title='bbox 704 1411 788 1473; x_wconf 80' lang='lat' dir='ltr'>vobis</span> <span class='ocrx_word' id='word_1_71' title='bbox 802 1412 933 1471; x_wconf 88' lang='lat' dir='ltr'>omnium</span> <span class='ocrx_word' id='word_1_72' title='bbox 945 1429 1045 1470; x_wconf 82' lang='lat' dir='ltr'>eorum</span> <span class='ocrx_word' id='word_1_73' title='bbox 1058 1431 1125 1489; x_wconf 78' lang='lat' dir='ltr'>quas</span> <span class='ocrx_word' id='word_1_74' title='bbox 1138 1411 1197 1471; x_wconf 84' lang='lat' dir='ltr'>dixi</span> <span class='ocrx_word' id='word_1_75' title='bbox 1210 1422 1241 1471; x_wconf 88' lang='lat' dir='ltr'>et</span> 
     </span>
     <span class='ocr_line' id='line_1_11' title="bbox 143 1503 1241 1584; baseline 0 -20"><span class='ocrx_word' id='word_1_76' title='bbox 143 1513 235 1564; x_wconf 87' lang='lat' dir='ltr'>testes</span> <span class='ocrx_word' id='word_1_77' title='bbox 256 1515 288 1563; x_wconf 86' lang='lat' dir='ltr'>et</span> <span class='ocrx_word' id='word_1_78' title='bbox 309 1515 528 1583; x_wconf 80' lang='lat' dir='ltr'>argumentost</span> <span class='ocrx_word' id='word_1_79' title='bbox 546 1503 628 1584; x_wconf 84' lang='lat' dir='ltr'>leges</span> <span class='ocrx_word' id='word_1_80' title='bbox 646 1513 677 1564; x_wconf 90' lang='lat' dir='ltr'>et</span> <span class='ocrx_word' id='word_1_81' title='bbox 688 1503 875 1584; x_wconf 82' lang='lat' dir='ltr'>probationes</span> <span class='ocrx_word' id='word_1_82' title='bbox 889 1503 1076 1573; x_wconf 77' lang='lat' dir='ltr'>exhibuisse3</span> <span class='ocrx_word' id='word_1_83' title='bbox 1098 1514 1128 1564; x_wconf 85' lang='lat' dir='ltr'>at</span> <span class='ocrx_word' id='word_1_84' title='bbox 1141 1515 1241 1565; x_wconf 82' lang='lat' dir='ltr'>otten-</span> 
     </span>
     <span class='ocr_line' id='line_1_12' title="bbox 143 1585 1241 1676; baseline 0 -19"><span class='ocrx_word' id='word_1_85' title='bbox 143 1597 223 1658; x_wconf 81' lang='lat' dir='ltr'>diste</span> <span class='ocrx_word' id='word_1_86' title='bbox 236 1597 337 1669; x_wconf 82' lang='lat' dir='ltr'>istum,</span> <span class='ocrx_word' id='word_1_87' title='bbox 350 1616 417 1658; x_wconf 86' lang='lat' dir='ltr'>cum</span> <span class='ocrx_word' id='word_1_88' title='bbox 432 1597 460 1656; x_wconf 87' lang='lat' dir='ltr'>ai</span> <span class='ocrx_word' id='word_1_89' title='bbox 472 1597 581 1670; x_wconf 83' lang='lat' dir='ltr'>liceret,</span> <span class='ocrx_word' id='word_1_90' title='bbox 601 1596 626 1656; x_wconf 89' lang='lat' dir='ltr'>si</span> <span class='ocrx_word' id='word_1_91' title='bbox 645 1595 800 1676; x_wconf 89' lang='lat' dir='ltr'>quidjuris</span> <span class='ocrx_word' id='word_1_92' title='bbox 815 1596 846 1656; x_wconf 94' lang='lat' dir='ltr'>in</span> <span class='ocrx_word' id='word_1_93' title='bbox 864 1615 930 1656; x_wconf 88' lang='lat' dir='ltr'>eam</span> <span class='ocrx_word' id='word_1_94' title='bbox 942 1585 1097 1676; x_wconf 83' lang='lat' dir='ltr'>pecuniam</span> <span class='ocrx_word' id='word_1_95' title='bbox 1109 1596 1241 1670; x_wconf 86' lang='lat' dir='ltr'>haberet,</span> 
     </span>
     <span class='ocr_line' id='line_1_13' title="bbox 143 1688 1240 1772; baseline -0.003 -20"><span class='ocrx_word' id='word_1_96' title='bbox 143 1711 164 1752; x_wconf 89' lang='lat' dir='ltr'>a</span> <span class='ocrx_word' id='word_1_97' title='bbox 174 1689 351 1772; x_wconf 83' lang='lat' dir='ltr'>Cephisiada</span> <span class='ocrx_word' id='word_1_98' title='bbox 363 1699 467 1770; x_wconf 46' lang='lat' dir='ltr'>petere,</span> <span class='ocrx_word' id='word_1_99' title='bbox 475 1689 525 1768; x_wconf 88' lang='lat' dir='ltr'>qui</span> <span class='ocrx_word' id='word_1_100' title='bbox 539 1699 613 1764; x_wconf 74' lang='lat' dir='ltr'>seet</span> <span class='ocrx_word' id='word_1_101' title='bbox 625 1689 772 1770; x_wconf 81' lang='lat' dir='ltr'>recepisse</span> <span class='ocrx_word' id='word_1_102' title='bbox 783 1688 863 1750; x_wconf 86' lang='lat' dir='ltr'>illam</span> <span class='ocrx_word' id='word_1_103' title='bbox 876 1690 1024 1750; x_wconf 85' lang='lat' dir='ltr'>ethabere</span> <span class='ocrx_word' id='word_1_104' title='bbox 1037 1689 1144 1749; x_wconf 73' lang='lat' dir='ltr'>fatetur</span> <span class='ocrx_word' id='word_1_105' title='bbox 1154 1692 1240 1769; x_wconf 83' lang='lat' dir='ltr'>(prae-</span> 
     </span>
     <span class='ocr_line' id='line_1_14' title="bbox 143 1781 1239 1861; baseline 0 -19"><span class='ocrx_word' id='word_1_106' title='bbox 143 1783 245 1842; x_wconf 85' lang='lat' dir='ltr'>sertim</span> <span class='ocrx_word' id='word_1_107' title='bbox 253 1781 453 1846; x_wconf 77' lang='lat' dir='ltr'>satisfactione</span> <span class='ocrx_word' id='word_1_108' title='bbox 467 1781 577 1842; x_wconf 83' lang='lat' dir='ltr'>anobis</span> <span class='ocrx_word' id='word_1_109' title='bbox 586 1781 774 1842; x_wconf 89' lang='lat' dir='ltr'>nihilominus</span> <span class='ocrx_word' id='word_1_110' title='bbox 787 1783 932 1860; x_wconf 80' lang='lat' dir='ltr'>accepta),</span> <span class='ocrx_word' id='word_1_111' title='bbox 946 1800 1006 1840; x_wconf 91' lang='lat' dir='ltr'>non</span> <span class='ocrx_word' id='word_1_112' title='bbox 1019 1791 1117 1861; x_wconf 84' lang='lat' dir='ltr'>tamen</span> <span class='ocrx_word' id='word_1_113' title='bbox 1126 1792 1239 1861; x_wconf 87' lang='lat' dir='ltr'>petere,</span> 
     </span>
     <span class='ocr_line' id='line_1_15' title="bbox 143 1874 1240 1954; baseline 0.002 -21"><span class='ocrx_word' id='word_1_114' title='bbox 143 1875 278 1953; x_wconf 79' lang='lat' dir='ltr'>quamvis</span> <span class='ocrx_word' id='word_1_115' title='bbox 292 1874 451 1948; x_wconf 83' lang='lat' dir='ltr'>&#39;sciatnon</span> <span class='ocrx_word' id='word_1_116' title='bbox 474 1891 565 1954; x_wconf 82' lang='lat' dir='ltr'>penes</span> <span class='ocrx_word' id='word_1_117' title='bbox 588 1893 644 1934; x_wconf 88' lang='lat' dir='ltr'>nos</span> <span class='ocrx_word' id='word_1_118' title='bbox 666 1893 731 1936; x_wconf 84' lang='lat' dir='ltr'>esse</span> <span class='ocrx_word' id='word_1_119' title='bbox 755 1893 908 1934; x_wconf 88' lang='lat' dir='ltr'>nummos:</span> <span class='ocrx_word' id='word_1_120' title='bbox 944 1892 1049 1952; x_wconf 85' lang='lat' dir='ltr'>meque</span> <span class='ocrx_word' id='word_1_121' title='bbox 1070 1874 1240 1936; x_wconf 85' lang='lat' dir='ltr'>absolvatis.</span> 
     </span>
     <span class='ocr_line' id='line_1_16' title="bbox 145 1965 1240 2047; baseline 0.005 -23"><span class='ocrx_word' id='word_1_122' title='bbox 145 1965 236 2036; x_wconf 84' lang='lat' dir='ltr'>Quod</span> <span class='ocrx_word' id='word_1_123' title='bbox 249 1966 424 2039; x_wconf 83' lang='lat' dir='ltr'>aiieceritis,</span> <span class='ocrx_word' id='word_1_124' title='bbox 433 1965 558 2047; x_wconf 90' lang='lat' dir='ltr'>primum</span> <span class='ocrx_word' id='word_1_125' title='bbox 567 1966 645 2045; x_wconf 82' lang='lat' dir='ltr'>juste</span> <span class='ocrx_word' id='word_1_126' title='bbox 659 1986 696 2026; x_wconf 85' lang='lat' dir='ltr'>ex</span> <span class='ocrx_word' id='word_1_127' title='bbox 710 1967 811 2047; x_wconf 79' lang='lat' dir='ltr'>legmm</span> <span class='ocrx_word' id='word_1_128' title='bbox 820 1967 993 2027; x_wconf 81' lang='lat' dir='ltr'>auctoritate</span> <span class='ocrx_word' id='word_1_129' title='bbox 1002 1967 1240 2045; x_wconf 67' lang='lat' dir='ltr'>pronunciantis,</span> 
     </span>
     <span class='ocr_line' id='line_1_17' title="bbox 145 2057 1238 2141; baseline 0.004 -23"><span class='ocrx_word' id='word_1_130' title='bbox 145 2057 254 2120; x_wconf 84' lang='lat' dir='ltr'>deinde</span> <span class='ocrx_word' id='word_1_131' title='bbox 267 2065 342 2136; x_wconf 84' lang='lat' dir='ltr'>utet</span> <span class='ocrx_word' id='word_1_132' title='bbox 353 2068 452 2119; x_wconf 81' lang='lat' dir='ltr'>vestra</span> <span class='ocrx_word' id='word_1_133' title='bbox 464 2068 494 2118; x_wconf 84' lang='lat' dir='ltr'>et</span> <span class='ocrx_word' id='word_1_134' title='bbox 506 2059 596 2139; x_wconf 84' lang='lat' dir='ltr'>patria</span> <span class='ocrx_word' id='word_1_135' title='bbox 616 2060 672 2119; x_wconf 91' lang='lat' dir='ltr'>mei</span> <span class='ocrx_word' id='word_1_136' title='bbox 681 2059 814 2141; x_wconf 31' lang='lat' dir='ltr'>‚dignitas</span> <span class='ocrx_word' id='word_1_137' title='bbox 830 2059 979 2140; x_wconf 86' lang='lat' dir='ltr'>postulat:</span> <span class='ocrx_word' id='word_1_138' title='bbox 1000 2079 1069 2118; x_wconf 88' lang='lat' dir='ltr'>nam</span> <span class='ocrx_word' id='word_1_139' title='bbox 1086 2080 1143 2140; x_wconf 82' lang='lat' dir='ltr'>ego</span> <span class='ocrx_word' id='word_1_140' title='bbox 1155 2063 1238 2122; x_wconf 88' lang='lat' dir='ltr'>vobis</span> 
     </span>
     <span class='ocr_line' id='line_1_18' title="bbox 146 2148 1239 2232; baseline 0.004 -22"><span class='ocrx_word' id='word_1_141' title='bbox 146 2169 250 2210; x_wconf 87' lang='lat' dir='ltr'>omnes</span> <span class='ocrx_word' id='word_1_142' title='bbox 269 2169 350 2210; x_wconf 84' lang='lat' dir='ltr'>meas</span> <span class='ocrx_word' id='word_1_143' title='bbox 372 2148 503 2210; x_wconf 75' lang='lat' dir='ltr'>fortunas</span> <span class='ocrx_word' id='word_1_144' title='bbox 528 2149 633 2210; x_wconf 86' lang='lat' dir='ltr'>cedere</span> <span class='ocrx_word' id='word_1_145' title='bbox 655 2151 785 2225; x_wconf 83' lang='lat' dir='ltr'>mallem,</span> <span class='ocrx_word' id='word_1_146' title='bbox 802 2171 892 2231; x_wconf 87' lang='lat' dir='ltr'>quam</span> <span class='ocrx_word' id='word_1_147' title='bbox 912 2170 965 2232; x_wconf 88' lang='lat' dir='ltr'>per</span> <span class='ocrx_word' id='word_1_148' title='bbox 989 2151 1123 2229; x_wconf 84' lang='lat' dir='ltr'>injuriam</span> <span class='ocrx_word' id='word_1_149' title='bbox 1143 2162 1174 2212; x_wconf 85' lang='lat' dir='ltr'>et</span> <span class='ocrx_word' id='word_1_150' title='bbox 1188 2173 1239 2214; x_wconf 86' lang='lat' dir='ltr'>ca-</span> 
     </span>
     <span class='ocr_line' id='line_1_19' title="bbox 144 2243 654 2324; baseline 0 -20"><span class='ocrx_word' id='word_1_151' title='bbox 144 2244 287 2306; x_wconf 86' lang='lat' dir='ltr'>lomniam</span> <span class='ocrx_word' id='word_1_152' title='bbox 303 2243 459 2324; x_wconf 87' lang='lat' dir='ltr'>quiequam</span> <span class='ocrx_word' id='word_1_153' title='bbox 477 2243 654 2324; x_wconf 84' lang='lat' dir='ltr'>dependere.</span> 
     </span>
    </p>
   </div>
   <div class='ocr_carea' id='block_1_7' title="bbox 0 0 1502 4950">
    <p class='ocr_par' dir='ltr' id='par_1_7' title="bbox 0 0 1502 4950">
     <span class='ocr_line' id='line_1_20' title="bbox 0 0 1502 4950; baseline 0 0"><span class='ocrx_word' id='word_1_154' title='bbox 0 0 1502 4950; x_wconf 95' lang='lat' dir='ltr'> </span> 
     </span>
    </p>
   </div>
  </div>
 </body>
</html>
