2967 4950
261 278 323 336 era
591 248 634 333 riu
656 272 1015 335 onrrreronoannr.

257 431 382 492 alteras:
403 442 433 491 et
446 429 511 489 hoeo
521 439 592 491 suut
603 430 670 509 qr'roe
683 439 805 509 uterque
816 428 1075 490 nosmnmhahuit.
1098 426 1152 489 ..lu
1162 436 1343 507 paramum

256 524 460 605 olympiodori
472 543 549 584 unus
564 523 620 585 ruit
633 544 650 583 e
664 522 851 605 seplasiariis,
863 542 952 603 quem
967 523 1023 585 sibi
1031 520 1207 586 fidissimum
1225 542 1285 586 esse
1296 544 1344 603 pu·

255 620 339 679 tubat
360 619 484 678 Conon:
506 638 613 678 nomen
626 614 737 677 homini
750 628 797 676 est
811 616 960 679 Moschio.
1003 618 1039 676 ls·
1051 616 1180 676 famulus
1192 626 1275 680 norat
1285 636 1343 677 oum

256 722 363 771 caetere
377 711 439 771 fere
453 712 582 771 Cononis
596 710 704 783 omnia,
712 720 775 769 tum
788 710 839 770 ubi
851 710 1011 789 repositum
1024 719 1181 789 argentum
1190 710 1342 791 essetqnod

255 803 335 865 domi
348 803 492 864 habuerat
505 804 620 865 Conon.
648 806 696 863 Ac
710 803 838 863 latuerat
850 823 924 863 sane
935 804 1088 865 Cononem
1102 813 1247 883 provectae
1258 804 1342 863 atatis

255 894 402 956 hominem
416 905 447 957 et
462 896 510 975 qui
535 896 624 956 fidem
645 895 687 955 illi
701 894 834 968 haberet,
846 895 1065 956 illum'servnm
1082 895 1288 957 Moschionem
1299 916 1342 975 per.

255 989 372 1049 cuniam
400 988 560 1050 suffurari.-
594 990 725 1049 Primum
748 989 839 1069 igitur
862 988 890 1049 ei
918 989 1079 1050 sustulerat
1099 990 1178 1049 mille
1204 989 1344 1049 drachmas

205 1142 210 1151 ,
255 1082 375 1143 seorsim
388 1082 498 1162 positas
512 1102 530 1141 a
549 1082 669 1162 reliquis
683 1085 820 1153 nummis,
836 1082 943 1143 deinde
956 1083 1029 1143 elias
1041 1084 1231 1163 septuaginta
1244 1083 1343 1144 minas:

254 1183 286 1233 et
298 1173 363 1235 hec
376 1174 441 1252 ejus
460 1174 594 1237 facinora
608 1176 712 1237 Conon
727 1173 809 1235 haud
819 1174 1079 1245 animadverteram
1099 1175 1189 1254 idque
1203 1186 1344 1257 argentum

198 1326 200 1331 ,
256 1286 343 1327 omne
356 1269 445 1328 homo
458 1269 488 1327 in
507 1278 612 1348 suapte
632 1277 779 1349 potestate
797 1268 935 1328 hahebat.
974 1268 1046 1328 Non
1058 1269 1151 1328 multo
1165 1280 1263 1328 autern
1280 1277 1343 1347 post,

255 1360 273 1419 J
277 1359 390 1431 udices,
406 1380 495 1440 quarn
509 1379 563 1420 nos
583 1362 663 1421 bona
675 1360 872 1430 diviseramus,
884 1371 951 1421 orta
964 1371 1011 1422 est
1023 1362 1153 1441 suspicio
1172 1362 1305 1440 quadan
1313 1360 1344 1424 de

256 1451 309 1511 illo
333 1451 452 1513 homine
475 1472 582 1532 resque
605 1454 797 1514 animadverti
815 1453 915 1533 coepit.
956 1454 1002 1513 Ex
1021 1474 1060 1514 ea
1079 1455 1244 1535 suspicione
1264 1453 1344 1513 usum

256 1544 327 1603 mihi
341 1545 397 1605 luit
421 1554 452 1605 et
467 1545 678 1627 Olympiodoro
690 1547 883 1625 quaestionem
900 1565 967 1633 esse
985 1547 1023 1607 de
1044 1546 1162 1607 homine
1181 1546 1345 1607 habendam.

250 1633 330 1701 Tum
343 1640 443 1714 homo,
456 1641 586 1713 Judices,
606 1641 671 1722 ipse
689 1641 727 1701 dc
747 1660 780 1701 se
799 1641 940 1701 indicium
959 1641 1032 1701 lecit
1050 1642 1222 1723 priusquam
1240 1652 1345 1719 torque

255 1744 345 1805 retur,
360 1753 392 1794 se
406 1734 484 1793 mille
503 1734 659 1795 drachmas
680 1735 797 1795 Gononi
816 1733 1001 1815 surripuisse,
1019 1743 1050 1794 et
1062 1734 1142 1815 apud
1155 1755 1190 1795 se
1203 1754 1270 1795 esse
1282 1732 1346 1793 dixit

256 1826 397 1907 quicquid
409 1836 627 1907 ⁴consumptum
649 1845 706 1887 non
728 1836 828 1887 esset:
849 1826 887 1887 de
909 1828 1019 1905 majore
1038 1837 1137 1886 autem
1154 1826 1346 1906 pecunimuu·

254 1938 334 1979 mero
348 1930 410 1979 tum
424 1919 542 1979 omnino
557 1919 657 1979 tacuit.
694 1920 733 1979 Et
747 1921 902 1980 drachmas
915 1920 1030 1981 circiter
1045 1929 1200 1981 sexcentas
1218 1917 1346 1979 reddidit

255 2011 352 2091 Hujus
375 2011 510 2091 pecunia,
533 2022 566 2070 ut
580 2030 633 2091 pro
648 2011 719 2071 data
738 2021 841 2071 mutuo
859 2012 919 2071 lide
937 2021 1022 2071 etex
1040 2010 1135 2091 pactis
1148 2011 1228 2092 apud
1242 2010 1344 2071 Andro·

252 2103 359 2165 elidem
374 2104 447 2177 sitis,
461 2114 496 2163 nt
515 2114 546 2163 st
560 2105 673 2183 justum
688 2112 719 2163 et
731 2123 848 2184 {equum
859 2114 932 2177 erat,
950 2103 1101 2164 semissem
1113 2122 1171 2182 ego
1184 2103 1294 2183 accepi,
1306 2120 1345 2160 se·

253 2196 371 2257 inissem
382 2196 622 2275 olympiodorus.

293 2294 324 2349 4.
337 2290 413 2348 'Non
429 2288 520 2348 multo
538 2299 606 2368 post
620 2308 658 2348 ex
672 2307 708 2349 ea
722 2288 888 2369 suspicione
906 2287 946 2348 de
961 2307 1045 2349 servo
1059 2299 1090 2347 et
1103 2287 1232 2368 pecnnia
1242 2284 1346 2347 reddita

252 2382 344 2442 vinxit
366 2380 513 2441 homin'em
528 2392 558 2441 et
580 2381 665 2443 torsit
682 2381 747 2462 ipse
762 2380 855 2452 solus,
876 2382 961 2442 nohis
979 2401 1037 2441 non
1055 2381 1219 2455 accersitis,
1232 2400 1295 2441 cum
1302 2383 1343 2453 ju·

253 2484 348 2535 resset
367 2476 560 2535 communiter
580 2495 611 2534 se
629 2476 820 2554 quaesiturum
840 2486 872 2536 et
891 2485 1024 2535 acturum
1039 2495 1106 2536 esse
1119 2495 1234 2536 meeum
1247 2470 1344 2536 omnia

254 2571 334 2630 'l'um
348 2570 436 2631 homo
447 2570 592 2632 contentis
606 2569 732 2630 fidiculis
746 2572 901 2631 confessus
914 2581 967 2641 est,
981 2571 1115 2640 ludices,
1132 2591 1165 2631 se
1184 2576 1222 2631 et}
1238 2579 1344 2649 septus·

253 2663 335 2744 ginta
358 2663 453 2724 minas
475 2663 594 2734 habere,
620 2662 735 2724 Cononi
760 2675 927 2744 surreptas:
954 2683 1041 2744 quam
1064 2664 1220 2744 pecuniam
1241 2678 1344 2724 omnem

253 2755 465 2837 Olympiodoro
475 2755 614 2816 restituit.
639 2757 704 2835 Ego
716 2775 796 2828 vero,
805 2757 1005 2827 Judices5hac
1019 2777 1050 2816 re
1064 2757 1174 2828 audita,
1182 2756 1272 2817 istum
1284 2749 1345 2812 mihi

252 2849 415 2922 semissem,
430 2849 505 2908 sicut
519 2849 597 2927 prius
616 2848 706 2909 etiam
722 2848 760 2908 de
778 2849 857 2909 mille
876 2849 1023 2910 drachmis
1039 2850 1161 2922 fecerat,
1174 2848 1344 2910 redditurum

251 2943 401 3021 putabam.
435 2941 478 3001 Ac
493 2939 635 3020 principio
649 2961 708 3000 non
721 2942 808 3002 valde
821 2961 893 3002 sane
907 2943 935 3003 ei
948 2942 1103 3014 instabam,
1113 2942 1283 3002 existimans
1292 2939 1344 2997 lore

251 3045 284 3095 ut
305 3035 368 3115 ipse
387 3034 424 3095 de
447 3055 478 3094 re
492 3043 632 3094 statueret
650 3053 685 3094 ac
704 3034 760 3094 sibi
782 3035 911 3116 mihique
929 3035 971 3094 ita
983 3037 1172 3115 prospiceret,
1186 3045 1221 3095 ut
1241 3031 1342 3110 utrique

201 3167 204 3172 -
251 3147 336 3188 snum
347 3129 398 3206 jus
421 3127 595 3188 redderetur
613 3147 649 3188 ex
668 3127 861 3207 jurejurando
877 3140 908 3188 et
922 3128 1017 3208 pactis
1040 3128 1117 3188 inter
1138 3147 1193 3187 nos
1215 3121 1344 3187 sactisde

250 3220 358 3297 aequali
382 3219 584 3278 distributione
607 3237 707 3278 eorum
726 3220 855 3277 omnium
878 3239 945 3298 quae
963 3221 1067 3280 Conon
1084 3219 1267 3298 reliquisset:
1286 3231 1343 3273 cum

252 3329 319 3371 vero
329 3330 426 3370 moras
439 3311 634 3389 interponeret
648 3311 782 3389 nihilque
794 3321 958 3393 praestaret,
965 3311 1209 3393 Olympiodornm
1223 3312 1343 3388 alloquor

251 3414 282 3463 et
294 3422 389 3462 meam
402 3402 471 3461 mihi
486 3403 569 3462 reddi
582 3413 693 3482 partem
705 3405 834 3485 postulo,
846 3406 871 3465 is
887 3417 983 3465 autem
998 3424 1112 3484 semper
1124 3415 1287 3483 praetexere
1298 3399 1342 3459 uli·

249 3494 321 3574 quid
333 3505 363 3552 et
377 3513 472 3554 moras
487 3503 616 3554 nectere.

290 3589 320 3645 5.
342 3584 460 3644 Interim
474 3595 505 3645 et
526 3585 574 3646 alii
588 3586 706 3664 quidam
721 3587 751 3648 in
765 3587 895 3648 Cononis
908 3588 1106 3648 haereditatem
1121 3599 1225 3668 agunt,
1239 3597 1270 3648 et
1282 3581 1341 3644 cal-

248 3677 358 3758 lippus,
372 3678 460 3738 frater
474 3673 556 3738 mens
571 3699 736 3758 germanus,
757 3699 880 3761 peregre
899 3681 1021 3741 domum
1043 3700 1173 3742 reuersus
1193 3679 1291 3740 statim
1304 3695 1343 3735 se·

249 3772 368 3832 missem
387 3771 567 3832 haereditatis
588 3771 679 3852 petit:
702 3782 844 3852 quaerum
859 3774 1071 3855 Olympiodoro
1085 3793 1179 3834 causa
1191 3773 1251 3833 fuit
1262 3787 1342 3852 pecu·

248 3863 306 3922 niae
318 3863 390 3923 mihi
402 3883 461 3930 non
475 3865 643 3938 reddendae,
657 3865 737 3944 quod
751 3866 836 3926 multi
849 3876 950 3928 essent
959 3868 1009 3948 qui
1027 3869 1112 3928 nohis
1125 3864 1341 3928 controversiam

248 3955 390 4016 facerent.
433 3957 488 4017 Me
508 3958 597 4036 igitur
619 3969 794 4039 exspectare
817 3970 952 4040 oportere
976 3960 1106 4033 dicebat,
1124 3960 1221 4019 donec
1239 3954 1342 4034 judicia

248 4049 328 4109 lacta
341 4058 459 4108 essent:
481 4049 551 4108 mihi
564 4070 633 4110 vero
647 4071 770 4111 necesse
783 4063 845 4112 erat
858 4073 892 4112 ea
907 4051 1079 4122 concedere,
1089 4053 1237 4112 concessi,
1278 4049 1342 4108 Post

247 4141 312 4203 haec
326 4142 395 4202 mihi
411 4153 441 4202 et
454 4143 665 4222 Olympiodoro
686 4145 889 4218 communiter,
904 4156 937 4204 nt
954 4146 1166 4224 juraremus,
1189 4145 1341 4204 daumm-

247 4235 335 4308 tibus,
348 4257 406 4316 qua
429 4233 541 4295 ratione
565 4237 672 4315 optime
694 4237 896 4318 tutissimeque
916 4240 1091 4300 adversariis
1110 4240 1226 4301 occurri
1240 4247 1341 4320 posset,

248 4326 343 4386 visum
361 4341 417 4400 est,
431 4323 563 4400 ludices,
580 4331 823 4410 olympiodorum
843 4343 935 4393 totam
956 4333 1009 4392 sihi
1031 4334 1234 4395 haereditatem
1249 4327 1340 4391 vendi·

250 4437 327 4492 care,
336 4441 381 4478 me
392 4441 461 4482 vero
477 4423 544 4482 mihi
559 4423 710 4482 semissem
723 4435 878 4502 oportere:
899 4426 1138 4505 quandoquidem
1153 4437 1182 4488 et
1197 4425 1341 4505 Callippus

1433 267 1435 394 l
