2967 4950
524 291 573 351 ru
594 291 933 354 crnsreuourmu.
968 265 971 272 ’
1218 303 1276 359 „17
1393 297 1395 302 ’

178 440 332 522 bsbssque
364 444 444 506 unde
468 446 669 528 voluptatibus
694 448 754 508 tuis
783 459 932 530 sumptum
948 471 1108 532 suggeras,
1135 464 1167 514 et
1192 465 1227 515 ut
1248 455 1279 516 iu

180 553 303 596 summa·
311 538 420 610 dicam,
434 557 538 599 aumm
550 539 662 620 regium
677 542 759 621 apud
771 542 1011 628 letum,periculc
1026 564 1117 626 penes
1132 567 1185 607 vos
1199 559 1277 610 sunt.

222 631 272 688 89.
294 630 402 710 Operm
419 651 491 692 vero
503 634 629 713 pretium
638 643 695 711 cst,
707 646 740 694 et
750 637 914 697 vecordiam
926 657 1027 698 eorum
1037 649 1179 718 spectare.
1204 641 1281 702 Num

176 721 207 779 si
222 722 383 801 Ctesiphon
404 723 634 786 Demosthenem
656 727 802 787 advocare
817 746 907 788 ausus
923 730 1011 790 suerit
1031 733 1111 811 apud
1124 736 1282 794 vosvverbe
1324 751 1326 757 ·

176 812 335 889 lecturum,
349 819 375 877 is
395 828 494 878 autem
517 838 682 880 conscenso
696 830 842 900 suggestu
865 822 993 901 seipsum
1007 825 1143 895 laudarit,
1166 829 1281 905 gravior

172 906 235 966 -crit
245 908 317 986 ipsis
329 910 475 983 cladibus,
484 929 559 991 quus
571 909 705 991 perpessi
713 913 797 986 estis,
812 913 913 974 audita
925 915 982 974 istu
993 917 1098 977 oratio.
1115 919 1198 978 Nem
1213 939 1279 978 cum

172 1015 232 1058 sos
252 1000 303 1078 qui
323 1019 424 1062 revera
440 1012 512 1062 sunt
529 1004 582 1063 riri
598 1003 790 1078 excellentes,
802 1013 928 1083 'quorem
947 1008 1056 1068 multas
1070 1020 1101 1068 et
1122 1005 1279 1090 preclaros

171 1109 245 1152 csse
279 1113 327 1154 res
354 1106 453 1174 gestas
479 1098 572 1178 probe
597 1099 715 1170 scimus,
740 1098 766 1157 si
788 1098 892 1158 leudes
923 1101 979 1179 ipsi
1013 1121 1080 1162 suns
1107 1103 1281 1182 praedicent,

174 1201 240 1245 ,uon
259 1189 459 1250 sustinemus:
478 1191 537 1250 ubi
562 1191 588 1250 is
616 1191 716 1269 bomo,
738 1191 789 1270 qui
818 1191 986 1272 reipublice
1007 1195 1193 1275 opprobrium
1214 1197 1280 1268 suit,

178 1277 310 1358 seipsum
317 1282 460 1343 laudibus
475 1283 579 1343 efferre
592 1284 726 1363 coeperit,
739 1284 806 1362 quis
822 1303 861 1345 ea
871 1286 1021 1365 patienter
1035 1287 1135 1346 audire
1149 1288 1279 1366 poterit?

177 1371 226 1430 Ab
238 1373 403 1452 impudenti
421 1376 510 1454 igitur
523 1375 667 1446 instituto,
681 1376 707 1436 si
721 1379 810 1456 sepis,
826 1377 950 1440 desistes
963 1399 972 1446 ;
993 1397 1173 1458 causamque
1185 1390 1279 1454 tuam,

173 1463 427 1546 -Ctesipbou,'ipse
441 1468 594 1530 defendes.
629 1467 734 1547 Neque
753 1469 833 1528 enirn
846 1471 904 1532 boc
916 1471 1031 1531 scilicet
1042 1481 1188 1550 pretextu
1202 1473 1279 1532 iuni·
1341 1469 1354 1478 ”

177 1556 260 1631 teris,
269 1566 299 1618 te
311 1574 372 1620 uon
383 1560 582 1629 essedlcendi
591 1560 727 1641 peritum.
750 1561 888 1640 Namque
896 1563 1055 1624 absurdum
1066 1563 1117 1624 tibi
1128 1564 1279 1639 acciderit,

175 1649 311 1740 sinopsr
322 1653 443 1731 quidem
454 1662 488 1713 te
501 1654 634 1733 legatum
647 1655 687 1714 cd
705 1654 897 1734 Cleopatram
917 1655 1046 1736 Philippi
1068 1656 1158 1724 filiam
1177 1659 1280 1737 populi

177 1742 323 1823 suffragiis
337 1746 429 1806 creari
448 1766 556 1828 pessus
579 1767 622 1821 es,
642 1757 677 1808 ut
697 1767 766 1808 cum
781 1767 817 1808 ea
833 1747 873 1806 dc
892 1741 1058 1809 Alexandri
1081 1751 1279 1812 Molossorum
1344 1751 1346 1760 ’

176 1833 254 1914 regis
267 1834 385 1898 inmritu
395 1838 580 1911 condoleres,
589 1857 671 1898 nunc
679 1848 779 1902 autem
789 1849 819 1898 te
830 1839 948 1900 dicendi
957 1839 1097 1900 facultate
1105 1843 1278 1904 instructum

56 1991 61 1996 ,
176 1937 245 1986 esse
267 1930 406 2008 negabis.
447 1930 604 1991 Mulierem
631 1931 720 2010 igitur
745 1932 929 2010 peregrinam
957 1932 1108 2011 lugentem
1134 1936 1279 1996 consolari

175 2030 274 2098 potes,
288 2022 398 2102 scripto
406 2034 510 2086 autem
520 2024 576 2084 abs
589 2032 619 2084 te
632 2023 776 2085 mercedis
782 2043 859 2102 ergo
871 2024 1024 2103 plebiscito
1038 2035 1068 2086 te
1077 2026 1140 2107 ipse
1153 2047 1212 2088 nou
1226 2029 1277 2089 de-

174 2111 344 2268 fellllllllln
356 2227 425 2269 rero
442 2209 509 2269 tulis
523 2218 571 2270 est
591 2208 617 2268 is
628 2225 852 2288 ‘quemcoroun
863 2207 1043 2268 donandum
1064 2209 1229 2285 decrevisti,
1238 2223 1278 2274 'ut

173 2300 215 2359 ab
227 2300 263 2360 iis
275 2301 311 2360 in
319 2321 394 2381 quos
402 2302 546 2362 beneficia
553 2302 679 2362 contulit
687 2301 848 2380 ignoretur,
859 2301 914 2360 uisi
924 2301 988 2380 quis
1000 2321 1032 2361 se
1046 2301 1100 2362 tibi
1109 2303 1139 2362 in
1151 2304 1277 2366 diceudo

174 2392 338 2475 adjutam
351 2394 506 2478 prebeat?
527 2395 704 2469 Percontare
713 2393 840 2476 judices,
851 2395 989 2455 uorintne
1005 2387 1173 2468 Chabriam,
1197 2396 1276 2477 lpbi-

172 2498 294 2562 cratem,
307 2489 504 2560 Timotheum,
525 2498 557 2549 et
577 2508 679 2569 quoere
702 2490 742 2548 ub
762 2488 808 2561 iis,
828 2508 887 2567 qus
907 2488 945 2547 de
965 2507 1059 2548 causa
1077 2489 1197 2569 premis
1219 2490 1275 2553 illis
1358 2496 1362 2508 ’“

171 2581 326 2654 tribuerint
338 2581 541 2661 inregiuesque
560 2580 742 2643 collocarint.
760 2579 885 2651 'Omnes
895 2582 951 2640 tibi
970 2600 1030 2639 uno
1044 2600 1094 2641 ore
1110 2583 1275 2662 ‹respoude-

171 2674 257 2746 bunt,
272 2672 411 2734 Chabriae
425 2676 549 2735 honorem
563 2693 715 2734 concentum
734 2674 774 2733 ob
789 2672 923 2733 navalem
946 2692 1013 2733 cem
1035 2674 1073 2733 nd
1088 2674 1205 2734 Naxum
1218 2695 1274 2754 pu-

174 2785 272 2845 gnam,
282 2767 423 2846 -lpbicruti
432 2767 514 2847 quod
525 2770 643 2827 Morem
654 2765 944 2827 Lacedaemoniorum
954 2765 1105 2838 occiderit,
1118 2766 1275 2852 rl'imotbeo

72 2894 76 2899 -
172 2869 291 2939 propter
303 2860 520 2941 navigationem
531 2861 613 2920 illam
626 2860 666 2921 nd
675 2860 837 2939 Corcyram
848 2860 1025 2930 liberandam,
1036 2860 1149 2918 ceteris
1161 2860 1273 2932 itidem,

169 2969 296 3029 quorum
309 2951 417 3012 multas
428 2952 553 3031 quisque
567 2970 615 3010 res
628 2971 663 3011 ac
679 2951 838 3029 preclaras
858 2949 937 3009 bello
952 2950 1128 3033 conlocetur.
1155 2951 1196 3009 At
1210 2952 1272 3013 De-

170 3043 318 3102 mostheni
329 3044 481 3122 premium
494 3044 686 3121 quemobrem
700 3041 844 3109 tribuetis,
860 3039 965 3117 siquis
979 3040 1085 3118 roget?
1106 3041 1196 3109 Quod
1206 3062 1272 3103 mu-

165 3136 289 3195 neribus
299 3144 468 3218 corruptns,
481 3136 564 3213 quod
570 3134 697 3194 timidus
710 3133 760 3203 sit,
774 3132 854 3211 quod
868 3131 965 3192 locum
980 3133 1010 3191 in
1024 3133 1087 3191 acie
1101 3132 1272 3196 deseruerit.

169 3228 278 3287 Utrum
293 3228 387 3307 'igitur
405 3227 474 3288 hnic
496 3227 638 3287 bonorem
657 3225 815 3298 babebitis,
836 3242 874 3283 un
896 3223 995 3302 potius
1015 3232 1048 3283 et
1067 3226 1217 3304 vosipsos
1236 3238 1272 3313 ¹et

164 3339 222 3381 eos
234 3322 287 3399 qui
300 3340 355 3400 pro
367 3322 451 3380 robis
463 3320 494 3379 iu
506 3320 609 3399 prelio
621 3320 826 3379 occubuerunt
840 3310 1003 3395 ignominia
1016 3317 1172 3377 efficietis?
1194 3340 1271 3399 quos

170 3414 336 3493 fingite-res
346 3413 446 3473 ridere
456 3411 578 3491 indigne
589 3412 716 3472 ferentes
731 3421 762 3471 et
773 3410 958 3488 quiritantes,
972 3409 998 3469 si
1012 3408 1067 3469 iste
1077 3412 1272 3473 coronsbitnr.

169 3508 317 3567 Acerbum
331 3506 433 3587 utique
449 3505 526 3565 illud
543 3515 634 3580 esset,
646 3502 858 3574 Athenienses,
874 3502 1018 3581 siqnidem
1038 3504 1131 3584 ligna,
1146 3505 1270 3584 lapides,

170 3600 286 3673 serrum,
299 3610 456 3661 resmutas
471 3619 620 3680 sensuque
632 3607 778 3670 carentes,
791 3595 818 3656 si
833 3614 919 3676 quem
933 3596 1056 3675 delapso
1065 3596 1271 3671 exanimarint,

166 3694 413 3763 exterminemus3
432 3694 567 3773 ejusque,
581 3693 632 3771 qui
651 3693 709 3752 sibi
729 3710 835 3751 necem
857 3690 1040 3760 consciverit,
1060 3708 1180 3749 manum
1201 3712 1269 3771 quse

166 3784 227 3845 boc
247 3786 395 3864 commisit
412 3787 572 3865 separatim
595 3786 787 3863 sepeliamus:
809 3782 1048 3852 Demosthenem,
1072 3802 1150 3857 eum,
1178 3786 1270 3846 Athe-
1400 3818 1404 3824 =

167 3877 296 3949 nieuses,
309 3879 361 3957 qui
384 3879 518 3939 ultimam
531 3876 610 3937 benc
622 3876 841 3956 expeditionem
857 3874 998 3946 decrerit,
1011 3875 1061 3954 qui
1080 3876 1187 3936 milites
1201 3896 1269 3956 pro·

168 3970 252 4045 didit,
261 3971 372 4032 bonore
383 3991 438 4032 ros
449 3970 602 4031 ornabitis.
625 3970 706 4049 Ergo
716 3968 898 4029 contumelio
911 3968 1076 4029 afficiuntur
1087 3967 1268 4038 merentem

165 4065 207 4123 nd
219 4064 455 4145 desperationem
474 4064 644 4143 adiguntur,
662 4080 733 4122 cum
752 4060 874 4121 videant
893 4061 992 4122 virtuti
1011 4062 1130 4140 quidem
1143 4070 1268 4121 mortem

167 4176 233 4217 esse
244 4157 600 4238 premiumpropositum,
614 4156 784 4217 memoriam
799 4164 895 4215 autem
909 4174 992 4215 suam
1005 4152 1132 4212 interire.
1206 4148 1217 4157 “

206 4253 257 4313 91.
278 4252 348 4313 Jum
361 4252 441 4331 quod
454 4261 501 4311 est
513 4249 643 4311 omnium
662 4250 834 4324 monimum,
847 4249 874 4309 si
888 4250 996 4309 euobis
1011 4254 1144 4324 querant
1165 4246 1265 4308 adole·

129 4418 131 4425 y
167 4354 294 4416 scentes,
308 4343 460 4424 quodnam
480 4344 519 4404 ad
533 4344 700 4422 exemplum
718 4342 811 4403 uitam
826 4356 912 4403 suom
924 4340 1108 4401 conformare
1120 4339 1263 4413 debeant,

166 4437 237 4517 quid
250 4439 312 4499 sitis
325 4435 563 4519 pronuntiaturil
583 4436 682 4497 Probe
691 4435 775 4497 enim
796 4436 903 4509 nostis,
912 4452 976 4493 non
989 4433 1136 4512 palestra,
1149 4452 1210 4495 nou
1229 4432 1264 4493 li.
1381 4460 1383 4467 ·
