2967 4950
415 335 580 395 CONTRA
603 333 956 396 DIONYSODORUM.
1173 331 1230 389 vat

131 500 199 549 turn
222 489 448 564 exonerandum,
464 491 585 551 eandem
605 511 707 551 navem
733 490 908 569 navigationi
931 489 1069 548 exsistere
1092 496 1231 566 opportu-

137 581 231 641 naml
249 593 251 598 ‘
265 581 326 641 Cur
340 583 437 661 igitur,
452 583 554 662 inquit,
570 583 626 642 alia
640 584 756 662 navigia
768 583 905 654 conduxi,
915 594 946 640 et
956 599 1066 640 merces
1075 579 1231 639 translatas

136 673 197 732 huc
211 673 296 733 misit
331 674 430 746 Quod,
451 676 652 746 Athenienses,
671 695 725 734 nec
750 675 812 754 ipse
834 693 889 734 nec
913 674 974 754 ejus
999 672 1096 732 socius
1119 690 1230 730 merces

136 785 239 826 omnes
254 767 284 824 in
301 787 356 826 sua
368 776 511 846 potestate
524 768 660 838 habebat,
673 767 724 826 sed
739 777 871 826 vectores
886 786 955 826 suas
969 786 1014 825 res
1028 766 1056 824 in
1072 764 1134 824 aliis
1149 763 1228 823 navi·

135 858 194 937 giis
209 859 370 918 necessario
386 859 515 917 nimirum
540 859 596 918 huc
615 858 778 929 mittebant,
792 878 881 937 quum
898 859 945 918 isti
959 858 1170 937 navigationem
1184 857 1228 914 in·

134 951 363 1030 terrumperent:
386 971 507 1030 quarum
522 962 618 1011 autem
633 971 727 1010 rerum
741 952 789 1009 isti
803 960 886 1010 erant
897 950 1016 1021 domini,
1031 971 1081 1010 eas
1091 968 1159 1009 vero
1167 967 1227 1006 non

131 1061 238 1101 omnes
250 1041 308 1102 huc
322 1043 473 1114 miserunt,
488 1043 540 1102 sed
555 1063 605 1102 eas
621 1043 739 1102 demum
754 1042 908 1120 elegerunt
919 1061 1042 1120 quarum
1057 1043 1150 1121 pretia
1164 1060 1228 1100 cre·

134 1145 248 1195 verant.
287 1135 405 1212 Alioqui
424 1155 490 1193 cum
505 1135 587 1207 alias,
602 1149 633 1196 ut
647 1135 751 1206 dicitis,
767 1155 854 1196 naves
868 1135 1080 1205 conducerem,
1096 1155 1149 1194 cur
1170 1153 1228 1192 non

134 1243 238 1285 omnes
261 1247 371 1287 merces
395 1227 424 1286 in
447 1247 497 1288 eas
517 1228 717 1299 transtulistis,
733 1228 786 1289 sed
800 1228 977 1286 frumentum
992 1227 1092 1310 ¹Rhodi
1111 1227 1228 1306 reliqui-

134 1317 213 1376 stis?
233 1318 389 1402 Quoniam,
401 1320 529 1391 ludices,
544 1320 584 1379 eis
597 1321 768 1400 expediebat
787 1320 859 1379 illud
881 1320 921 1378 ibi
944 1318 1123 1384 distrahere;
1138 1319 1230 1397 pretia

134 1409 213 1469 enim
227 1412 275 1470 hic
290 1413 388 1472 laxata
402 1432 466 1472 esse
481 1413 654 1472 audierant:
690 1425 812 1472 caeteras
826 1432 894 1472 vero
913 1412 1053 1474 sarcinasr
1063 1409 1121 1468 hue
1142 1409 1228 1470 mise-

134 1495 306 1573 tentanda
320 1503 431 1563 lucrum
448 1505 613 1583 sperabant.
656 1506 731 1564 Cum
752 1505 839 1583 igitur
852 1504 889 1564 de
904 1504 1098 1564 conductione
1108 1501 1229 1566 navium

132 1593 274 1673 loqueris,
301 1595 414 1655 nullum
436 1605 530 1675 ruptor
556 1596 648 1670 navis,
664 1596 717 1657 sed
740 1595 828 1657 vestri
857 1594 1020 1675 compendii
1044 1593 1228 1665 nonnullum,

134 1697 341 1766 argumentum
357 1687 451 1748 affers.

137 1788 141 1806 '¹
179 1783 207 1838 8.
228 1783 272 1841 Ac
288 1781 325 1860 de
339 1781 383 1841 his
403 1783 519 1861 quidem
539 1784 603 1844 haec
624 1784 734 1844 dixisse
749 1785 891 1845 sufficiat:
913 1785 992 1865 quod
1016 1795 1114 1845 autem
1135 1785 1245 1844 credi-¹

134 1881 214 1932 tores
228 1872 387 1933 assensisse
402 1875 472 1934 dicit
485 1895 517 1934 se
531 1870 634 1956 usuras
647 1876 778 1935 Rhodias
790 1885 971 1954 accepturos,
983 1875 1013 1934 id
1027 1877 1098 1934 nihil
1112 1875 1155 1934 ad
1164 1893 1226 1934 nos.

137 1963 253 2047 Si'qnis
269 1965 346 2024 enim
366 1964 403 2025 de
426 1987 478 2026 suo
494 1968 575 2027 vobis
595 1967 771 2028 condonavit
788 1969 907 2047 aliquid,
920 1969 1000 2027 nulla
1013 1969 1046 2027 fit
1064 1969 1167 2044 injuria
1180 1967 1228 2025 vel

135 2056 316 2114 condonasti
330 2057 376 2138 vel
392 2059 562 2139 accipienti:
585 2059 704 2120 sed'nos
723 2081 817 2140 neque
837 2061 888 2119 tibi
908 2060 1062 2139 quiequam
1079 2058 1229 2118 condona·

135 2147 241 2220 vimus,
255 2169 349 2228 neque
364 2153 566 2211 consensimus
580 2151 610 2212 in
625 2152 771 2212 Rhodiam
790 2152 1014 2231 navigationem,
1028 2170 1124 2228 neque
1147 2150 1228 2228 quic-

137 2258 225 2318 quam
240 2241 305 2319 plus
320 2242 465 2324 apudnos
479 2243 557 2303 valet
574 2263 661 2322 qnam
674 2245 850 2324 syngrapha.
891 2245 935 2302 Ea
947 2263 1016 2302 vero
1030 2243 1100 2322 quid
1113 2241 1163 2312 ait,
1178 2255 1230 2301 aut

134 2351 194 2418 quq
208 2333 421 2413 navigationem
446 2336 553 2414 suscipi
573 2336 681 2416 jubet?
702 2338 828 2397 Athenis
846 2337 875 2396 in
890 2337 1064 2415 AEgyptum,
1077 2343 1108 2394 et
1121 2354 1158 2394 ex
1173 2334 1228 2393 AE·

132 2435 224 2505 gypto
238 2426 389 2487 Athenas:
410 2429 490 2508 quod
504 2428 559 2489 nisi
572 2419 634 2502 liat,
649 2429 770 2509 duplum
785 2430 858 2490 solvi
867 2429 962 2510 jubet.
992 2428 1065 2487 Haec
1081 2427 1105 2486 si
1121 2427 1228 2500 fecisti,

135 2517 245 2577 nullam
268 2520 401 2600 injuriam
423 2521 513 2580 facis:
537 2520 562 2579 si
585 2541 643 2599 non
668 2520 770 2592 iecisti,
793 2542 888 2599 neque
910 2539 1013 2579 navem
1033 2520 1163 2579 Athenas
1182 2539 1229 2581 re·

138 2610 258 2682 duxisti,
273 2630 308 2672 ea
324 2621 352 2672 te
367 2632 452 2697 poena
470 2613 601 2673 mulctari
622 2614 710 2673 decet
727 2633 793 2692 quas
816 2614 844 2671 in
869 2612 1037 2693 syngrapha
1053 2612 1227 2672 continetur.

139 2703 173 2761 Id
188 2704 265 2762 enim
274 2704 324 2782 jus
339 2724 396 2763 non
410 2696 561 2789 quisquam
577 2706 662 2779 alius,
676 2706 728 2764 sed
744 2715 805 2765 tute
819 2705 871 2764 tibi
883 2704 1071 2784 descripsisti.
1112 2705 1228 2764 Alteru-

136 2802 213 2854 tr‘um
228 2796 316 2875 igitur
329 2798 450 2856 ostende
461 2797 620 2876 judicibus,
637 2807 687 2858 aut
701 2818 753 2857 vos
774 2798 969 2877 syngrapham
990 2808 1082 2856 ratam
1101 2816 1161 2856 uon
1175 2798 1227 2857 ha-

136 2890 215 2960 bere,
230 2900 281 2949 aut
304 2910 362 2949 non
387 2910 452 2951 esse
474 2910 590 2970 aequum
614 2901 648 2949 ut
667 2882 703 2951 e'x
726 2896 790 2966 ejus
815 2890 985 2969 prescripto
1009 2908 1093 2968 geras
1120 2889 1227 2947 omnia.
1287 2882 1291 2890 ’

134 2980 226 3050 Quod
249 2983 274 3041 si
296 2982 349 3061 qui
371 2981 421 3043 tibi
442 2975 552 3061 aliquid
572 2983 744 3042 remiserunt
762 2992 791 3041 et
808 2982 941 3042 Rhodias
956 3000 1059 3039 usuras
1074 2999 1228 3039 concesse·

135 3080 218 3143 runt,
228 3092 399 3153 quocunque
410 3075 527 3134 tandem
541 3086 630 3153 pacto
644 3074 774 3146 adducti,
785 3086 972 3153 proptereane
983 3081 1014 3132 tu
1025 3071 1134 3130 nullam
1146 3071 1229 3131 nobis

132 3162 270 3243 injuriam
283 3165 365 3235 lacis,
379 3166 487 3225 violata
508 3166 677 3246 syngrapha
694 3167 742 3245 qui
761 3185 864 3225 navem
887 3164 1025 3224 Rhodum
1040 3162 1228 3241 perduxeris?

136 3256 206 3315 Non
219 3256 353 3335 equidem
368 3258 480 3336 opinor.
522 3258 628 3337 Neque
641 3259 718 3317 enirn
739 3258 770 3317 hi
791 3278 867 3338 nunc
890 3254 1066 3316 de'aliorunr
1080 3255 1228 3316 condona-

136 3348 277 3421 tionibus,
290 3352 342 3411 sed
355 3350 392 3411 de
406 3349 586 3429 pactionibus
601 3350 659 3409 tuis
673 3350 825 3411 nobiscum
839 3350 924 3409 factis
933 3348 983 3427 jus
997 3348 1107 3408 dicunt.

145 3432 148 3439 Δ
174 3443 205 3502 9.
227 3443 304 3502 Nam
326 3462 477 3503 usurarum
508 3442 716 3515 remissionem,
739 3444 764 3501 si
790 3463 848 3522 qua
874 3440 971 3514 modo,
992 3451 1026 3500 ut
1047 3440 1094 3500 isti
1115 3440 1238 3515 dicunt„

136 3531 217 3593 iacta
230 3544 285 3606 est,
299 3554 365 3593 cum
381 3534 502 3594 utilitate
516 3534 689 3593 creditorum
706 3554 770 3593 esse
785 3533 904 3603 factam,
918 3534 999 3593 vobis
1016 3530 1148 3592 omnibus
1163 3553 1228 3611 per-
1312 3553 1316 3566 r

133 3626 267 3704 spicuam
282 3640 336 3685 est.
380 3626 456 3686 Nam
471 3626 520 3705 qui
535 3646 571 3685 ex
586 3626 720 3706 AEgypto
732 3626 795 3687 istis
814 3626 969 3706 pecuniam
986 3624 1118 3685 Athenas
1135 3645 1228 3704 usque

133 3719 277 3779 duntaxat
292 3728 468 3789 mutuarent,
483 3729 516 3777 ut
530 3718 669 3778 Rhodum
684 3730 834 3788 venerunt,
847 3728 878 3777 et
891 3717 938 3776 isti
954 3736 1057 3776 navem
1079 3735 1116 3775 eo
1135 3735 1227 3796 appu-

133 3810 242 3881 lerunt,
256 3830 356 3869 eorum
379 3810 449 3870 nihil
468 3810 569 3889 opinor
582 3809 714 3869 interfuit
728 3810 832 3871 solutis
845 3808 941 3868 usuris
953 3818 983 3869 et
996 3806 1095 3867 Rhodi
1109 3820 1228 3888 recepto

132 3913 248 3973 mutuo,
262 3922 363 3964 rursus
382 3902 411 3961 id
430 3900 599 3983 negotiandi
617 3920 708 3963 causa
728 3900 860 3961 conferre
880 3902 911 3960 iu
926 3900 1103 3979 AEgyptum:
1124 3901 1184 3961 imo
1197 3900 1226 3958 id

131 3996 227 4056 multo
242 3998 336 4075 magis
350 3996 469 4077 profuit,
484 4014 572 4073 quam
585 3994 644 4054 huc
658 3994 815 4073 appellere.
857 3992 933 4066 Illuc
946 3992 1021 4053 enim
1032 3991 1127 4053 brevis
1141 4001 1188 4051 est
1198 4001 1228 4049 e't

131 4088 270 4169 expedita
285 4086 440 4167 navigatio,
454 4097 483 4147 et
495 4086 540 4147 bis
553 4096 604 4147 aut
621 4096 665 4147 ter
678 4083 872 4165 eis-negotiari
882 4084 962 4145 licuit
972 4086 1078 4146 codem
1089 4082 1228 4163 amento:

133 4180 215 4263 quod
229 4180 253 4239 si
267 4180 325 4239 huc
339 4168 490 4251 redissent,
501 4179 723 4259 hybernandurn
738 4178 842 4239 inisset
853 4178 913 4250 hic,
932 4188 962 4238 et
979 4176 1127 4255 navigatio
1141 4181 1258 4240 verna-⁸

131 4272 341 4351 exspectanda.
362 4270 486 4330 Proinde
501 4271 543 4330 illi
555 4271 711 4331 creditores
727 4291 785 4331 non
797 4269 889 4329 modo
898 4270 970 4337 nibil
984 4269 1165 4340 remiserunt,
1175 4266 1230 4325 sed

131 4366 247 4427 lucrum
269 4365 355 4425 etiam
380 4365 521 4440 fecerunt.
563 4364 625 4423 Nos
650 4371 804 4436 autemut
826 4362 863 4422 do
887 4363 982 4423 usuris
1007 4371 1165 4430 taceamus,
1189 4378 1228 4421 ue

132 4469 242 4520 sortem
255 4456 374 4536 quidem
389 4476 558 4535 recuperare
574 4475 737 4534 possumus.
776 4456 821 4513 Ne
836 4456 922 4533 igitur
935 4450 1106 4513 auscultatis
1118 4450 1167 4511 isti
1176 4470 1230 4511 vos

661 4551 678 4604 5
694 4565 712 4605 s
