2967 4950
239 259 280 318 oo
378 287 442 328 ,ι
555 217 730 320 nonnus
750 253 1023 318 rrunuouuu·
1082 263 1094 278 ’

66 373 72 384 ¹
132 441 136 450 ·
239 414 344 474 ieoism
358 413 474 484 dieunt,
482 431 586 491 eorum
596 401 1342 494 quaemagnoscqqmtnnuseuaueabisi‘s

238 515 374 584 corrupta
386 507 582 586 proferuntur,
595 525 655 566 nou
669 507 812 569 conrado.
841 503 978 565 Amorem
999 523 1085 582 porro
1104 503 1297 564 moruorum
1309 511 1341 564 et

132 635 138 641 -
239 597 449 674 modestorum,
471 599 589 658 humani
603 597 728 658 affector
747 608 783 658 et
799 597 926 658 liberalis
947 596 1037 656 animi
1055 613 1122 654 esse
1142 604 1259 655 mauros
1282 593 1341 656 sed

238 691 365 772 pecunia
374 692 537 751 redimendi
550 692 674 770 aliquem
690 692 896 771 petulantiam,
904 690 958 750 riri
970 689 1066 769 injurii
1075 698 1108 748 et
1118 685 1215 746 insciti
1228 705 1343 750 munus

239 800 302 842 esse
317 785 450 843 arbitror.
472 785 570 866 Atque
584 785 670 844 etiam
688 784 763 845 citra
778 783 974 862 corruptelam
987 782 1092 852 amari,
1103 781 1260 840 hancenias
1271 799 1343 841 esse

238 873 370 936 affirmo:
393 876 447 936 sed
465 877 780 942 urercede'adducturn
798 896 830 936 se
854 875 1039 955 prostituere,
1057 884 1152 952 turpe.
1187 872 1341 939 Quantum

184 1017 187 1024 .
239 959 337 1026 sutem
361 968 438 1031 inter
453 971 557 1030 horum
573 979 730 1049 utrumque
748 964 881 1039 intersit,¹
897 979 1068 1046 quarumque
1085 986 1175 1046 opere
1195 965 1343 1039 differant,

237 1068 307 1136 pest
319 1079 372 1118 ros
381 1062 507 1120 edocere
520 1065 660 1121 conabor.
681 1061 786 1122 Patres
797 1061 875 1120 euim
887 1062 988 1130 vestri,
1002 1079 1073 1118 curn
1085 1059 1123 1118 ds
1131 1059 1199 1117 ritas
1211 1058 1342 1126 redona

236 1148 331 1228 iisque
349 1162 409 1211 tum
424 1154 510 1212 malis
523 1155 604 1233 leges
616 1155 735 1226 ferrent,-
749 1174 816 1232 quse
830 1162 943 1212 natarse
955 1151 1073 1210 afferret
1088 1151 1259 1223 necessitas,
1274 1165 1340 1216 turn

157 1287 162 1294 ,
236 1243 321 1327 bouis
344 1245 578 1324 quae‘ingenuos
600 1245 736 1306 affectare
757 1244 965 1316 decoratione
988 1243 1078 1302 serris
1102 1243 1342 1306 interdixerunt:

237 1353 391 1409 servus,
413 1337 507 1416 inquit
530 1337 589 1408 lex,
612 1357 682 1396 nou
706 1345 925 1396 exerceatur
945 1355 1015 1394 nec
1039 1334 1191 1414 puluere
1214 1355 1340 1415 asper-

237 1440 345 1508 gatur
367 1429 562 1508 paloestris.
585 1429 689 1506 Neque
703 1448 772 1488 reru
781 1426 940 1507 adscripsit
947 1428 1054 1486 etiam:
1076 1427 1222 1507 ingenuus
1236 1441 1340 1492 autem

235 1533 362 1602 ungatur
375 1533 406 1581 et
419 1532 600 1583 exerceatur.
634 1523 710 1581 Naro
725 1523 775 1587 ubi
796 1521 1006 1599 legumlatores
1025 1531 1180 1600 perspecta
1192 1522 1339 1584 exercita·

234 1617 347 1684 tionum
357 1616 524 1688 honestate,
538 1617 576 1675 ab
589 1633 688 1674 esrum
702 1635 760 1676 usu
775 1633 874 1673 servos
888 1613 1070 1693 repulerunt,
1083 1613 1186 1672 eadem
1199 1613 1267 1692 iege
1280 1634 1340 1693 pu-

234 1717 411 1787 teruntque
421 1706 487 1765 illos
497 1708 690 1786 prohiberent,
702 1727 733 1766 se
744 1708 891 1784 ingenuos
902 1705 1095 1765 exhortauud
1105 1706 1340 1770 exercitationes.

196 1795 211 1802 ”
235 1801 350 1865 Rursus
363 1799 440 1857 idern
455 1799 608 1877 legilator
619 1799 720 1869 edixit,
745 1795 790 1858 n‘e
814 1817 942 1859 sersus
964 1799 1162 1876 ingenuum
1186 1819 1338 1877 puerum

179 1895 182 1906 ’
234 1894 292 1953 rel
310 1901 406 1952 amet
422 1893 482 1951 rel
502 1900 727 1960 assentetur,
743 1900 805 1951 aut
822 1891 970 1970 publico
988 1891 1137 1970 flagelio
1152 1890 1189 1951 L.
1209 1883 1340 1970 plagis

195 1971 198 1978 ,
234 1984 419 2046 alliciatur.
449 1985 584 2062 Ingenuo
599 1994 698 2044 autom
711 2004 769 2043 non
784 1984 945 2056 interdixit,
960 1976 999 2044 ue
1011 1985 1059 2043 rel
1072 1993 1193 2056 amaret,
1212 1985 1261 2044 rel
1273 1987 1339 2046 col·

232 2079 410 2156 loqueretur,
424 2077 470 2136 rel
482 2087 696 2136 aemularetur:
720 2096 816 2155 neque
829 2077 860 2135 id
874 2095 966 2156 puero
978 2076 1208 2149 incommodare,
1222 2079 1277 2138 sed
1289 2079 1339 2138 iu-

232 2170 376 2250 tegritatis
390 2168 589 2228 testimonium
604 2168 757 2248 perhibere
777 2169 901 2248 putarit.
935 2167 1015 2230 uam
1028 2168 1187 2228 cumidem
1201 2171 1338 2232 nondum

207 2301 208 2309 κ
232 2266 270 2324 sit
283 2262 442 2343 sejudicio
463 2263 616 2344 praeditus,
631 2272 665 2322 ut
682 2281 786 2324 verum
798 2273 963 2323 amatorem
984 2279 1004 2320 a
1022 2262 1098 2320 falso
1110 2263 1207 2339 possit
1222 2263 1339 2324 discet.-

231 2373 311 2427 nere,
335 2359 431 2434 ipsum
448 2365 606 2414 amatorem
621 2357 759 2433 castigat,
783 2367 814 2417 et
834 2355 971 2414 amicitiae
994 2354 1234 2431 dijudicationem
1253 2359 1337 2416 aetati

231 2448 411 2537 prudentiori
430 2457 458 2506 at
477 2447 599 2525 g'rariori
614 2456 760 2505 asservat:
780 2445 1008 2505 msscmtionem
1025 2455 1157 2523 porroet
1176 2445 1336 2525 inspectio·

230 2558 309 2614 nem,
319 2539 473 2599 modestia
483 2537 646 2619 custodiam
661 2538 893 2597 essemsrimam
903 2537 1091 2615 existimavit
1114 2537 1242 2597 Proinde
1255 2542 1335 2603 riros

230 2635 267 2693 de
278 2630 428 2711 republica
439 2632 516 2688 bene
536 2630 666 2699 meritos,
681 2638 712 2689 et
729 2629 836 2688 virtute
854 2628 1123 2709 prostantissimos,
1139 2629 1336 2693 Harmodium

229 2736 317 2804 atque
333 2721 572 2799 Aristogitonem,
586 2722 738 2807 modestus
752 2721 803 2780 ille
817 2740 852 2780 ae
864 2721 1021 2798 legitimus,
1032 2721 1094 2779 sire
1103 2740 1185 2791 amor
1195 2725 1333 2787 sireneos

230 2828 276 2879 est
289 2814 497 2895 appellandus,
510 2816 552 2873 sic
568 2812 684 2884 erudiit,
698 2805 731 2872 nt
750 2814 803 2891 qui
820 2831 921 2872 eorum
943 2814 1022 2872 iacta
1043 2814 1207 2889 celebrant,
1228 2818 1332 2880 laudes

228 2924 321 2971 rernm
338 2908 443 2968 abillis
457 2917 606 2984 gestarum
620 2926 680 2966 non
695 2907 812 2984 assequi
823 2906 989 2965 rideantur.

269 3004 321 3062 29.
343 3000 471 3069 Quando
481 3010 578 3059 autom
591 3000 717 3059 Achillis
725 3009 755 3059 et
767 2999 896 3058 Patrocli
904 2992 1089 3070 meministis,
1098 3008 1189 3077 atque
1200 3002 1331 3078 Homeri,

227 3098 409 3171 aliorumque
429 3102 594 3171 poetarum,
611 3092 696 3169 quasi
712 3089 831 3171 judices
845 3091 935 3150 nullis
955 3091 1117 3169 disciplinis
1134 3091 1200 3152 sint
1215 3097 1330 3171 eruditi,

226 3204 279 3248 ros
294 3197 394 3247 autem
409 3184 581 3263 gravitatem
598 3185 745 3262 quandam
762 3183 916 3254 affectatis,
932 3194 964 3242 et
979 3184 1089 3262 populo
1101 3186 1243 3264 majorem
1264 3208 1328 3263 eru.

227 3267 368 3339 ditionem
381 3296 389 3335 r
411 3286 445 3335 ut
457 3277 579 3335 videatis
590 3294 643 3335 noe
654 3294 772 3355 quoque
779 3277 842 3355 jam
852 3275 961 3355 aliquid
972 3276 1119 3337 audivisse
1130 3297 1166 3336 ac
1175 3278 1326 3353 didicisse,

225 3372 308 3431 hisee
323 3370 460 3429 derebus
475 3378 505 3427 et
524 3370 578 3447 ipsi
599 3368 710 3447 aliquid
733 3369 932 3430 disseremus„
953 3367 1114 3446 Postquam
1133 3370 1214 3431 eninr
1231 3373 1327 3431 erudi,

225 3473 320 3523 torum
335 3460 483 3520 homiuum
499 3461 596 3529 iacere
610 3462 799 3532 mentionem,
809 3470 839 3519 et
853 3461 892 3521 ad
906 3461 1056 3539 expositas
1069 3481 1153 3521 rersu
1165 3465 1326 3525 mutandus

118 3618 122 3627 ,
225 3554 383 3632 confugere
397 3552 562 3624 instituunt,
575 3552 685 3626 ridete,
699 3553 905 3623 Athenienses,
927 3554 1020 3631 poetis
1034 3554 1163 3612 omniurn
1177 3574 1324 3621 comensu

223 3640 433 3728 piaestautibus
454 3642 581 3703 elbonis
595 3644 797 3718 consideratis,
813 3655 955 3723 quantum
973 3645 1118 3705 interesse
1132 3648 1325 3709 existimarint

172 3800 180 3827 ι
223 3743 299 3802 inter
312 3738 473 3809 modestos,
487 3754 523 3797 ac
540 3737 584 3796 sui
599 3736 734 3796 similium
751 3747 895 3810 amantes,
912 3746 943 3807 et
960 3737 1035 3795 iuter
1052 3738 1257 3812 immodestos,
1274 3742 1326 3820 qui

224 3848 260 3893 ea
274 3830 441 3891 desiderant
453 3847 519 3906 quae
535 3848 593 3889 non
608 3830 704 3902 docet,
719 3850 755 3889 ac
769 3830 1006 3889 contumeliosos.
1027 3828 1159 3888 Primum
1173 3842 1272 3891 sutem
1287 3834 1323 3892 de

223 3923 354 3985 Homero
368 3921 476 3994 dicam,
495 3941 581 4000 quem
602 3924 630 3981 in
647 3922 855 4000 antiquissimis
873 3933 904 3982 et
916 3922 1138 4001 sapientissimis
1158 3926 1257 4002 poetis
1268 3946 1322 3983 nu·

222 4029 382 4079 metamus.
418 4016 477 4081 Qui
500 4029 568 4073 eum
588 4015 688 4075 multia
708 4017 782 4075 iocis
804 4015 933 4076 Patrocli
953 4027 985 4075 et
1004 4016 1127 4075 Achillis
1151 4019 1322 4092 meminerit,

222 4098 350 4172 amorem
367 4118 398 4167 et
417 4118 646 4185 cognomentum
670 4109 806 4170 amicitiae
827 4110 942 4169 illorum
963 4109 1139 4183 dissimulat,
1160 4129 1228 4169 cum
1248 4113 1321 4185 ¹iusi·

222 4218 309 4281 guem
332 4201 411 4260 iliam
433 4199 668 4259 benevolentiam
696 4201 817 4259 eruditis
840 4199 1021 4260 auditoribus
1044 4220 1110 4262 esse
1133 4202 1321 4282 conspicuam

222 4292 373 4352 existimet
409 4287 549 4357 Quodam
562 4292 640 4349 enim
660 4292 726 4351 loco
740 4292 872 4361 Achilles
888 4292 1018 4353 Patrocli
1033 4310 1135 4353 necem
1153 4294 1320 4373 deplorans,

222 4389 256 4439 ut
274 4394 336 4442 rem
350 4397 448 4441 earum
469 4399 565 4447 rerum
584 4400 652 4460 quae
670 4384 726 4443 eibi
748 4384 911 4450 acciderint
930 4387 1061 4445 omnium
1078 4386 1319 4448 maissiam:
