2967 4950
230 279 287 338 aa
616 254 634 273 ⁸
662 233 887 351 nnrsronn.

227 442 379 512 cuperent,
402 441 521 514 propter
542 445 694 516 acceptam
712 437 826 513 cladem
847 458 917 502 esse
940 436 1083 513 infirmos,
1108 455 1202 516 quem.
1219 436 1332 499 adrem

226 524 317 585 serios
329 526 438 586 viribus
453 527 491 587 ab
509 529 589 587 omni
610 538 693 608 parte
712 529 866 593 suffultos:
887 531 1076 593 nihilominus
1098 539 1198 591 tamen
1210 530 1272 609 ipse
1293 529 1327 588 in

225 636 262 677 ea
276 637 342 694 qnos
353 620 463 698 populo
474 621 696 684 commodarent
704 623 910 695 incumbebam
933 646 968 685 ac
978 635 1083 707 postea
1094 635 1213 685 strenue
1226 621 1329 703 palam

226 719 256 768 et
281 710 398 773 dicebat
419 723 449 773 et
469 717 576 793 agebat
597 735 633 775 ea
656 735 722 794 quae
750 719 979 779 conveniebant:
1010 721 1049 778 ob
1072 737 1139 795 quae
1160 715 1268 787 statim,
1290 724 1328 776 ut

226 821 327 867 omnes
346 817 464 877 norunt,
489 807 528 866 ad
549 807 724 887 supplicium
741 810 977 889 deposcebatur.
1019 810 1207 890 scripsissem
1228 808 1327 885 igitur,

225 906 258 954 ut
279 898 419 978 principio
433 900 502 973 dixi,
517 900 589 959 etin
603 900 679 961 illius
693 903 837 979 gratiam:
860 906 914 965 sed
926 915 1027 964 tamen
1047 922 1113 963 curn
1133 914 1163 963 et
1175 901 1259 962 vobis
1272 919 1326 960 ex·

198 1001 205 1011 '
224 990 324 1067 pedire
335 1002 447 1071 putem,
458 1002 491 1052 ut
503 993 639 1053 convicia
649 1013 715 1073 quae
730 995 810 1075 apud
823 1007 938 1057 exteros
951 997 981 1055 in
1000 1016 1051 1055 vos
1065 996 1202 1054 dicuntur
1216 993 1326 1064 scians,

225 1084 434 1165 multomagis
449 1086 488 1145 ad
501 1086 599 1147 literas
618 1088 777 1147 mittendas
799 1108 863 1149 sum
885 1089 1036 1149 incitatus.
1077 1088 1151 1146 Peto
1169 1098 1279 1158 autem,
1291 1094 1327 1144 ut

224 1176 274 1255 qui
289 1178 422 1255 privatim
437 1180 478 1239 illi
490 1180 580 1259 iniqui
595 1190 673 1252 sunt,
689 1200 758 1240 vera
771 1191 802 1241 et
814 1202 899 1261 aequa
913 1182 949 1241 de
961 1201 997 1240 eo
1011 1180 1114 1240 audire
1126 1198 1187 1238 uon
1200 1198 1327 1256 graven-

223 1278 281 1329 tur.
324 1272 388 1333 Nec
403 1273 490 1346 enim,
504 1272 709 1345 Athenienses,
723 1274 859 1353 ignorare
879 1275 1002 1346 debetis,
1025 1270 1231 1333 existimationi
1244 1272 1326 1331 urbis

225 1381 263 1421 ex
276 1362 321 1425 his
340 1385 406 1443 quoe
419 1366 450 1425 in
465 1367 528 1445 ejus
542 1366 650 1425 liberos
664 1366 744 1427 facta
758 1378 828 1427 sunt
846 1368 943 1426 labem
957 1365 1104 1446 adspergi.
1137 1365 1232 1424 Nemo
1245 1364 1325 1424 enim

161 1464 165 1474 '
225 1454 398 1517 Graecorum
413 1459 535 1535 ignorat,
550 1477 602 1517 vos
616 1459 724 1519 viventi
739 1460 878 1541 Lycurgo
892 1480 1023 1520 summos
1032 1460 1158 1518 honores
1176 1457 1325 1530 habuisse,

224 1567 349 1626 cumque
363 1551 391 1609 ei
403 1550 527 1628 plurima
540 1552 661 1611 crimina
682 1554 719 1611 ab
741 1554 805 1635 ejus
828 1554 934 1614 invidis
955 1553 1194 1633 impingerentur,
1209 1550 1325 1611 nullum

223 1661 353 1719 unquam
381 1662 482 1703 verum
498 1645 735 1723 deprehendisse,
758 1657 872 1708 tantam
894 1656 991 1707 autem
1015 1645 1104 1715 fidem
1128 1643 1270 1703 babuisse
1295 1652 1327 1703 et

222 1756 284 1816 proe
299 1736 433 1797 omnibus
448 1738 623 1818 popularem'
631 1740 791 1818 judicasse,
806 1750 840 1799 ut
861 1742 899 1799 de
921 1740 1020 1800 multis
1034 1737 1131 1799 causis
1150 1756 1168 1795 e
1187 1736 1252 1796 sola
1267 1737 1325 1817 Ly-

224 1830 308 1909 curgi
321 1829 509 1899 affirmatione
531 1833 704 1891 sententiam
728 1833 852 1907 ferretis,
865 1852 960 1911 eaque
974 1830 1056 1890 vobis
1078 1829 1149 1889 satis
1171 1840 1270 1889 emet:
1293 1829 1326 1889 id

222 1925 302 2002 quod
317 1923 433 1983 minime
446 1924 603 1997 fecissetis,
616 1925 671 1983 nisi
685 1924 862 1987 sobieslaus
881 1923 1094 2008 tuissethomo
1107 1920 1324 2001 integerrimus.

222 2016 311 2077 Nunc
335 2017 422 2097 igitur
442 2036 554 2087 omnes,
571 2018 621 2095 qui
634 2017 709 2078 filios
724 2018 787 2098 ejus
800 2019 830 2077 in
844 2017 967 2077 vinculis
989 2036 1058 2076 esse
1072 2014 1206 2086 audiunt,
1227 2025 1258 2075 et
1270 2015 1324 2075 de-

221 2108 354 2170 functum
368 2110 553 2182 miserantur,
567 2109 765 2189 etliberorurn
782 2110 843 2189 ejus
857 2119 892 2169 ut
904 2128 972 2202 epm
985 2108 1091 2187 quibus
1104 2108 1203 2184 inique
1219 2118 1326 2186 agatur

224 2201 316 2262 vicem
331 2202 442 2273 dolent,
457 2221 509 2261 vos
524 2220 592 2261 vero
606 2212 665 2261 tam
680 2203 786 2263 acerbe
801 2202 992 2275 insectantur,
1008 2211 1039 2259 ut
1054 2220 1111 2279 ego
1124 2199 1251 2259 scrihere
1266 2220 1327 2261 non

225 2296 319 2356 ausim
331 2316 338 2354 :
361 2315 427 2354 narn
438 2314 474 2353 ea
484 2314 552 2373 quse
566 2296 672 2355 inritus
682 2296 815 2355 andio'et
822 2307 940 2375 propter
950 2315 1002 2355 vos
1012 2291 1219 2353 'defendendos
1230 2313 1325 2371 quan·

223 2398 286 2448 tum
300 2408 422 2468 possum
435 2387 542 2460 refuto,
557 2398 680 2447 eatenus
695 2398 729 2447 ut
742 2388 825 2448 vohis
846 2388 973 2447 indicem
986 2386 1094 2444 multos
1107 2404 1171 2443 esse
1185 2384 1325 2462 aquibus

222 2479 484 2563 reprehendamini,
499 2482 581 2561 quod
596 2483 671 2542 scitu
685 2483 767 2542 vobis
786 2503 852 2543 esse
866 2481 948 2541 utilia
952 2479 1133 2559 judicabam,
1147 2477 1261 2557 scripsi,
1275 2499 1326 2539 ac·

222 2587 323 2635 curate
338 2586 436 2634 autem
451 2575 613 2635 edisserere
625 2577 785 2640 ,molestum
794 2576 922 2656 judico.⁴
952 2574 1027 2641 Quas
1038 2592 1107 2632 vero
1117 2572 1324 2633 sinsconvicio

222 2686 240 2727 a
263 2669 438 2748 quibusdam
454 2668 600 2740 dicuntur,
615 2677 645 2727 et
666 2668 767 2727 auditu
792 2667 855 2728 fore
874 2666 958 2727 utilia
978 2665 1061 2726 vohis
1083 2665 1215 2737 arbitror,
1231 2666 1324 2745 signi-

221 2751 328 2819 licubo.¹
363 2759 464 2820 ‘Nemo
491 2779 544 2818 vos
568 2759 620 2837 p'e'r
642 2759 766 2840 er'ror'em
786 2763 821 2818 'et
842 2759 1024 2837 ignoratione
1050 2758 1111 2817 veri
1128 2757 1169 2816 ita
1194 2758 1233 2818 de
1256 2757 1322 2837 ipso

223 2852 356 2932 Lycurgo
370 2861 498 2911 statuere
512 2851 671 2912 existimat.
700 2852 728 2909 N
731 2871 777 2910 am
791 2860 822 2910 et
834 2852 955 2931 longum
966 2850 1103 2931 temporis
1114 2849 1324 2930 spatiumque

222 2945 391 3022 exploratus
405 2942 475 3003 nibil
494 2945 625 3022 unquam
638 2956 739 3004 contra
752 2944 865 3003 vos-vel
878 2943 1007 3022 cogitare
1020 2942 1067 3003 rel
1080 2961 1169 3020 agere
1181 2941 1325 3022 injustum

222 3033 492 3118 deprehensus'est,
506 3037 622 3097 et'illud
643 3037 724 3117 quod
733 3037 902 3098 'mortalium
923 3054 1011 3099 nemo
1022 3034 1097 3094 'ullis
1110 3033 1175 3094 aliis
1189 3036 1220 3094 in
1234 3036 1323 3096 rebus

221 3150 276 3192 vos
309 3131 436 3210 stuporis
460 3130 572 3209 arguit,
587 3131 691 3190 merito
713 3131 800 3190 istam
821 3129 900 3190 tollit
920 3127 1094 3208 ignorantia
1114 3126 1324 3206 suspicionem.

222 3219 329 3284 Restat
353 3224 451 3303 igitur,
465 3223 546 3303 quod
569 3242 671 3283 omnes
695 3222 776 3283 haud
799 3221 876 3301 frugi
895 3220 1044 3280 hominum
1068 3238 1132 3278 esse
1153 3218 1264 3293 dicant,
1289 3231 1324 3279 ut

222 3315 361 3393 tantisper
374 3315 517 3395 cujusque
530 3335 639 3387 curam,
655 3315 725 3376 dum
738 3315 803 3395 ejus
816 3313 900 3375 vobis
910 3332 979 3373 usus
990 3323 1045 3384 est,
1054 3331 1142 3390 agere
1152 3311 1322 3384 videamini,

221 3418 289 3485 post
302 3406 413 3467 nullam
431 3409 571 3468 rationem
587 3409 731 3469 habeatis.
781 3408 880 3476 Quam
897 3405 974 3466 enim
996 3406 1083 3466 aliam
1102 3423 1162 3466 vos
1179 3404 1325 3467 defuncto

221 3497 344 3576 gratiam
366 3498 508 3558 relaturos
533 3510 763 3561 consentaneum
778 3510 833 3572 est,
853 3519 918 3559 cum
930 3500 994 3579 ejus
1008 3499 1116 3560 liberos
1127 3511 1159 3558 et
1171 3499 1323 3561 existima·

219 3586 328 3647 tionem
345 3587 414 3646 laedi
430 3589 590 3661 videamus,
604 3610 671 3670 qnae
685 3592 759 3660 sola,
771 3601 804 3649 ut
817 3591 847 3649 in
867 3600 932 3673 tuto
946 3591 1135 3661 collocentur,
1148 3591 1237 3650 etiam
1258 3611 1323 3651 mo-

218 3679 508 3765 rientibusomnibus
521 3700 599 3742 curae
617 3683 706 3744 sunt?
725 3683 796 3748 Jam
813 3703 868 3743 nec
881 3682 955 3742 illud
969 3685 1113 3746 honorum
1131 3685 1260 3754 virorum
1275 3695 1325 3745 est

218 3785 252 3833 ut
264 3775 320 3835 ista'
333 3776 465 3856 pecunia
479 3776 573 3856 gratia
584 3776 860 3838 facerevideautur:
882 3777 912 3837 id
923 3778 1112 3858 quodneqne
1124 3778 1324 3858 magnitudini

219 3868 307 3926 animi
320 3877 435 3940 vestrae,
449 3888 504 3928 nee
517 3868 628 3947 reliquo
639 3871 706 3930 vitre
720 3870 853 3930 instituto
868 3889 1029 3949 congruere
1043 3871 1204 3952 apparebit.
1241 3871 1322 3930 Nam

220 3959 244 4019 si
259 3960 341 4018 vobis
353 3960 394 4018 illi
409 3962 483 4020 tanti
497 3963 533 4021 ab
547 3963 611 4022 aliis
625 3963 787 4024 redimendi
800 3972 908 4035 essent,
921 3982 938 4022 e
958 3977 1055 4025 vestro
1068 3962 1170 4024 aerario
1184 3963 1322 4042 deprom-

218 4061 272 4132 pta
294 4052 426 4131 pecunia,
442 4053 472 4112 id
490 4073 543 4113 vos
567 4062 668 4115 omnes
691 4055 799 4135 cupide
823 4055 954 4114 facturos
972 4055 1188 4117 existimarem:
1221 4055 1321 4126 deco

219 4164 298 4218 vero,
312 4144 391 4224 quod
406 4165 456 4224 per
471 4145 646 4206 calumniam
661 4157 739 4208 etex
755 4147 864 4208 invidia
874 4148 985 4208 factum
999 4149 1046 4219 sit,
1065 4170 1124 4210 uon
1135 4150 1232 4223 babeo
1245 4148 1322 4227 quid

218 4246 356 4308 statuam,
372 4238 427 4297 nisi
447 4249 567 4318 prorsus
582 4241 686 4300 acerbe
699 4240 836 4300 insectari
850 4251 881 4300 et
902 4244 1072 4321 proturbare
1093 4242 1251 4323 populares
1265 4238 1323 4301 bo·

218 4331 310 4390 mines
323 4333 495 4408 instituistis.
519 4332 609 4400 Quod
621 4333 702 4392 silita
715 4344 771 4406 est,
786 4354 882 4413 neque
896 4346 977 4396 recte
991 4334 1319 4415 nequeutiliterl'acere
