2967 4950
231 271 291 381 ιιι
647 311 707 373 nu
729 308 907 375 conoul
1010 319 1035 334 ··

229 478 297 542 tarr
315 469 364 530 sin
381 467 472 532 diras.
489 475 613 550 propter.
631 467 733 531 sordes
753 467 856 531 eadem
875 466 1063 540 commiserit,
1085 464 1201 533 renium
1222 479 1329 530 eonse-

229 559 359 643 quet'uri
385 559 446 622 Ubi
456 569 554 624 eutem
566 561 717 642 equalitas
728 560 791 634 illa,
805 570 837 620 et
848 561 990 641 populare
1001 556 1153 641 imperium
1167 561 1331 642 apparebit,

231 653 258 715 si
270 674 323 718 vos
336 655 375 717 ad
387 655 605 716 hunomodum
619 655 675 716 ista
687 653 910 734 gubemabitisl
1259 710 1262 716 .

270 753 302 809 lu.
322 750 391 808 Jsrn
409 749 485 809 illud
505 747 592 809 etiam
613 747 772 808 absurdum
789 745 861 807 milri
882 745 1008 820 videtur,
1020 764 1088 807 oum
1110 745 1136 807 is
1156 745 1208 825 qui
1226 755 1331 807 οοιιιιι

229 841 312 920 leges
333 841 443 920 aliquid
462 841 576 914 dixerit,
591 839 616 900 si
630 839 824 912 conuincitur,
838 841 925 900 tertia
937 839 1042 920 eapitis
1054 848 1137 918 parte
1149 838 1329 903 muletetur:

230 933 296 994 illos
309 936 360 1013 qui
373 933 475 994 contra
487 934 567 1014 leges
580 952 639 993 nou
650 933 799 1007 dixerunt,
810 932 864 993 sed
875 932 1016 1006 fecerunt,
1028 933 1125 994 nullus
1134 933 1205 994 dare
1215 951 1329 1012 poenas.

230 1028 332 1134 toqui,
352 1025 556 1101 Athenienses,
570 1047 673 1089 omnes
695 1045 750 1090 vos
769 1025 919 1088 fateamini
937 1025 1059 1087 leuitate
1078 1026 1135 1087 ista
1146 1035 1269 1087 οιιιιιιι
1290 1025 1331 1086 ud

229 1119 363 1205 iujuriam
386 1119 549 1182 faciendam
575 1119 699 1182 inuitari.
742 1120 815 1194 Sed,
829 1118 1067 1199 quandoquidem
1088 1119 1193 1199 prodii,
1216 1139 1254 1180 ea
1272 1138 1329 1181 vos

229 1211 317 1278 etiarn
330 1235 397 1296 quea
409 1216 479 1276 hino
492 1214 625 1276 oriuntur
638 1215 781 1277 edocebo

270 1313 300 1370 5.
316 1308 418 1389 Siquis
428 1306 575 1370 eonducta
587 1305 757 1368 trierarchia
768 1305 837 1367 hino
851 1305 948 1380 solvit,
961 1324 1063 1367 omnes
1075 1265 1208 1366 homines
1219 1305 1329 1385 spoliat

229 1411 262 1463 et
271 1400 479 1482 deprendatur:
500 1410 541 1472 et,
550 1418 618 1461 oum
632 1400 829 1460 emolumento
836 1398 972 1480 privatim
984 1398 1138 1478 pereipiat,
1147 1418 1251 1477 poenas
1259 1399 1328 1460 illo-

228 1509 293 1557 rum
306 1494 470 1555 facinorum
485 1491 607 1572 quilibet
619 1501 748 1553 vestrum
763 1491 827 1566 dat,
840 1491 970 1570 solisque
988 1490 1072 1552 vobis
1091 1509 1238 1568 nusquam
1260 1491 1326 1555 siue

228 1588 359 1650 caduceo
379 1587 421 1648 ire
440 1587 519 1660 lieet,
530 1595 650 1666 propter
670 1584 818 1645 institutas
838 1583 955 1644 illorum
977 1582 1067 1662 eulpa
1079 1591 1275 1661 etcorporum
1296 1592 1328 1644 et

226 1683 371 1742 bonorum
384 1689 546 1752 ¹vestrorum
560 1676 844 1758 comprehensiones.
869 1675 969 1744 Quare
983 1674 1085 1755 siquis
1098 1695 1159 1736 rem
1175 1693 1244 1737 rare
1254 1693 1327 1737 eou-⁵

229 1773 346 1845 sideret,
360 1789 411 1832 eae
426 1765 630 1831 triremee'non
642 1789 694 1849 pro
707 1769 802 1840 uobis,
816 1766 870 1828 sed
883 1777 989 1828 eontra
999 1785 1064 1839 ros,
1078 1787 1146 1828 esse
1155 1766 1262 1831 missas
1279 1767 1327 1838 in·

226 1857 333 1925 veniet.
374 1861 431 1932 Qui
443 1862 521 1922 enirn
534 1879 588 1942 pro
597 1860 750 1942 republica
761 1859 877 1933 militat,
890 1879 958 1922 eum
968 1879 1029 1920 non
1042 1878 1158 1940 sperare
1168 1869 1284 1940 oportet
1289 1870 1328 1928 se

227 1957 268 2017 de
286 1955 403 2037 publico
420 1954 634 2036 locupletatum
653 1955 697 2026 iri,
711 1953 767 2013 sed
789 1951 828 2013 de
849 1952 960 2032 privata
977 1972 1009 2012 re
1029 1953 1326 2016 subventurumesse

227 2045 414 2128 reipubliooe‚'
425 2047 450 2106 si
468 2047 558 2109 modo
573 2065 619 2108 res
632 2055 739 2106 vestroe
753 2043 904 2124 erigendae
916 2053 1006 2106 eunt:
1026 2044 1075 2105 isti
1088 2063 1159 2106 vero
1172 2065 1274 2106 omnes
1293 2046 1325 2108 in

227 2141 371 2202 contraria
385 2140 529 2200 sententia
541 2137 610 2198 hino
628 2137 757 2199 solvunt.
797 2136 926 2196 Proinde
947 2155 984 2198 ea
1004 2135 1111 2200 delicta
1126 2157 1195 2216 quoe
1208 2139 1246 2200 ab
1258 2138 1323 2198 illo·

226 2229 293 2295 rur'o
315 2234 445 2294 moribus
466 2231 697 2312 proficiscuntur
717 2229 820 2290 vestris
842 2229 960 2290 damnis
982 2228 1178 2315 corriguntur,
1220 2231 1323 2312 Neque
1352 2285 1355 2291 ,

225 2345 294 2388 vero
307 2327 412 2387 horum
425 2323 582 2404 quicquam
594 2323 629 2383 fit
641 2333 762 2384 temere.
804 2321 933 2384 Dedistir
945 2322 1022 2383 enim
1037 2322 1324 2405 hominibusimprm

223 2420 269 2483 bis
292 2417 358 2482 eaur
381 2417 539 2491 licentiam,
558 2426 591 2477 ιιι
613 2416 638 2477 si
654 2415 771 2497 rapinas
785 2414 921 2488 texerint,
934 2415 969 2476 iis
981 2415 1117 2477 fruantur
1126 2435 1135 2483 ι
1158 2415 1206 2477 sin
1219 2415 1323 2497 depre-

225 2512 310 2573 hersi
322 2510 440 2584 fuerint,
453 2510 568 2585 ueniam
579 2510 752 2591 impetrent:
773 2508 895 2589 proinde
908 2508 944 2569 iis
960 2509 1011 2589 qui
1028 2509 1184 2574 honestate
1197 2530 1257 2574 nun
1269 2512 1323 2573 du·

225 2600 331 2665 cuntur
343 2603 470 2665 faciendi
483 2602 599 2682 quiduis
612 2612 659 2663 est
671 2621 815 2664 concessa
823 2601 992 2683 imponitur.
1015 2601 1198 2682 Aepriratos
1206 2604 1322 2683 quidem

225 2696 360 2757 homiues
384 2696 433 2775 qui
455 2696 563 2757 damno
582 2704 704 2775 accepto
728 2694 846 2775 sapiunt
867 2693 1321 2768 inconsideratornomiuamus:

226 2808 280 2851 vos
294 2802 392 2851 autern
407 2789 458 2872 qui
478 2789 668 2871 ne'ecoeptir
681 2789 800 2869 quidem
820 2789 903 2851 malis
922 2790 1033 2871 sapitis,
1045 2809 1104 2869 quo
1124 2792 1243 2854 nomina
1260 2793 1320 2873 quis

227 2884 382 2965 appellet?
465 2926 466 2933 ι
1200 2935 1203 2943 .
1232 2935 1236 2944 ,

268 2974 299 3037 6.
319 2974 477 3057 Reliquum
490 2988 546 3053 ιιι,
561 2988 593 3038 ut
605 2977 643 3039 de
655 2980 806 3039 advoeatis
818 2979 906 3039 etiam
918 2937 1063 3045 dicamus
1106 2978 1156 3041 Sio
1169 2980 1248 3039 enim
1260 2978 1317 3059 qni·

227 3068 295 3131 dam
309 3070 363 3131 sibi
376 3090 493 3131 omnem
508 3072 623 3153 quiduis
638 3083 669 3133 et
682 3072 801 3132 dicendi
813 3084 844 3131 et
857 3071 965 3150 egendi
978 3071 1126 3136 licentiam
1139 3082 1271 3147 sumunt,
1280 3078 1318 3141 ut,

226 3182 276 3265 qur
267 3163 458 3243 aliquando
464 3184 532 3225 cunr
546 3164 773 3263 Aristoplronte
775 3172 954 3224 aoeusurnnt
969 3175 1001 3229 et
1017 3164 1126 3225 inventi
1146 3175 1227 3225 suut
1230 3165 1261 3225 in
1272 3180 1319 3223 eor

227 3253 279 3332 qui
296 3255 478 3316 trierarchias
499 3256 644 3336 locarant,
659 3258 760 3317 eorum
781 3254 916 3315 nonnulli
938 3274 1018 3316 nuno
1038 3257 1109 3317 istos
1118 3256 1256 3318 coronari
1272 3255 1317 3334 ju·

225 3342 331 3414 ιιιιιιιι
354 3354 441 3450 atqm
462 3350 581 3407 omuino
600 3348 656 3428 ipsi
678 3368 757 3408 nune
778 3367 843 3408 sese
865 3358 1038 3427 coarguant,
1058 3358 1093 3409 nt
1114 3349 1174 3429 qui
1184 3358 1237 3409 aut
1252 3358 1317 3407 tuuc

226 3434 312 3494 illos
305 3456 356 3515 per
368 3437 503 3517 iujuriam
514 3439 683 3499 calumniati
694 3440 811 3513 suerint,
825 3447 875 3499 aut
888 3459 968 3501 nune
980 3441 1063 3502 hisce
1076 3440 1318 3503 mercedisoausu

225 3528 460 3608 patrocinentur:
483 3551 519 3591 ac
546 3532 701 3609 gratificari
725 3552 778 3593 vos
802 3535 918 3609 jubent,
939 3534 1223 3612 quasidonationer
1246 3550 1317 3593 nuno

226 3632 362 3699 agantur,
377 3642 435 3683 nou
450 3623 578 3683 victoriae
597 3624 727 3703 promia,
741 3635 793 3686 aut
813 3625 901 3692 etiam
923 3625 1008 3703 quasi
1031 3627 1159 3705 'gratim
1180 3627 1255 3687 inire
1271 3624 1316 3683 de-

226 3713 318 3773 beatis
338 3714 506 3794 hujusmodi
526 3717 613 3777 rebus
634 3716 712 3796 apud
736 3737 788 3785 eos
812 3717 862 3797 qui
885 3736 937 3776 vos
961 3717 1128 3800 negligunt,
1141 3738 1202 3781 uon
1216 3720 1261 3791 iis,
1273 3714 1317 3797 qui

225 3806 323 3866 officio
337 3808 508 3887 funguntur,
519 3828 537 3869 a
550 3810 634 3869 bonis
649 3809 715 3869 viris
730 3810 825 3889 gratia
836 3811 875 3870 sit
887 3811 1049 3872 referenda.

266 3901 295 3957 7.
317 3898 432 3961 Deinde
449 3920 543 3980 nsque
563 3902 637 3962 adeo
658 3903 879 3964 existimationis
895 3924 958 3963 suae
977 3905 1090 3966 nullam
1111 3905 1255 3968 tationem
1271 3902 1315 3965 ht·

221 3988 302 4077 luent,
316 4000 346 4053 et
367 4011 427 4072 prae
449 3994 612 4072 accipiendi
631 3996 728 4055 studio
746 3997 972 4074 oreteraromnia
990 4007 1193 4072 contemnunt,
1213 4009 1314 4059 utnon

221 4082 310 4144 modo
331 4084 427 4164 prio'ru
450 4090 604 4147 suaverba
625 4089 758 4149 refellere
773 4110 852 4151 nune
872 4091 954 4157 hisee
974 4092 1172 4155 concionibus,
1188 4094 1313 4160 audeaut

223 4178 325 4237 sedne
339 4176 417 4237 nune
429 4179 548 4256 quidem
561 4180 616 4283 ipsi
631 4178 684 4240 sibi
699 4190 845 4253 constent,
856 4183 911 4262 qui'
921 4203 991 4244 oum
1000 4193 1106 4245 nautas
1120 4184 1243 4245 triremis
1256 4200 1314 4245 esse

223 4269 359 4344 oportere
374 4270 475 4345 dicant
495 4271 636 4350 proprios
645 4291 784 4333 coronam
798 4286 975 4355 acceptura,
995 4296 1047 4337 eos
1070 4276 1227 4353 triremium
1248 4292 1313 4355 pra·

183 4434 185 4439 Ι
221 4355 343 4417 factos
338 4362 388 4439 qui
411 4382 444 4422 se
469 4364 506 4422 ab
529 4382 565 4424 eo
589 4382 706 4424 munere
729 4365 894 4428 alienarunt
920 4388 1001 4430 nuuc
1024 4370 1159 4428 coronari
1170 4369 1311 4454 juberurlt¹

223 4451 317 4525 neque
342 4454 409 4514 ue‘lo'
418 4456 541 4516 ullum
543 4456 664 4518 istorum
688 4456 812 4537 priorem
829 4456 1005 4525 instructum
1024 4445 1116 4527 luisse
1135 4462 1247 4536 dieunt
1266 4449 1309 4520 eei
