<?xml version="1.0" encoding="UTF-8"?>
<!DOCTYPE html PUBLIC "-//W3C//DTD XHTML 1.0 Transitional//EN"
    "http://www.w3.org/TR/xhtml1/DTD/xhtml1-transitional.dtd">
<html xmlns="http://www.w3.org/1999/xhtml" xml:lang="en" lang="en">
 <head>
  <title>
</title>
<meta http-equiv="Content-Type" content="text/html;charset=utf-8" />
  <meta name='ocr-system' content='tesseract 3.04.00' />
  <meta name='ocr-capabilities' content='ocr_page ocr_carea ocr_par ocr_line ocrx_word'/>
</head>
<body>
  <div class='ocr_page' id='page_1' title='image "./demosthenisetsc06ulpigoog_0393.png"; bbox 0 0 2967 4950; ppageno 0'>
   <div class='ocr_carea' id='block_1_1' title="bbox 444 325 1230 398">
    <p class='ocr_par' dir='ltr' id='par_1_1' title="bbox 444 325 1230 398">
     <span class='ocr_line' id='line_1_1' title="bbox 444 325 1230 398; baseline -0.014 -5"><span class='ocrx_word' id='word_1_1' title='bbox 444 331 614 398; x_wconf 82' lang='lat' dir='ltr'><strong>CONTRA</strong></span> <span class='ocrx_word' id='word_1_2' title='bbox 633 327 906 392; x_wconf 75' lang='lat' dir='ltr'><strong>Tlmsrtcflusr.</strong></span> <span class='ocrx_word' id='word_1_3' title='bbox 1188 325 1230 383; x_wconf 75' lang='lat'><strong>33</strong></span> 
     </span>
    </p>
   </div>
   <div class='ocr_carea' id='block_1_2' title="bbox 47 445 1283 1772">
    <p class='ocr_par' dir='ltr' id='par_1_2' title="bbox 47 445 1230 1298">
     <span class='ocr_line' id='line_1_2' title="bbox 116 445 1226 570; baseline -0.014 -16"><span class='ocrx_word' id='word_1_4' title='bbox 116 491 211 554; x_wconf 88' lang='lat' dir='ltr'><strong>istum</strong></span> <span class='ocrx_word' id='word_1_5' title='bbox 226 445 420 561; x_wconf 83' lang='lat' dir='ltr'><strong>assectemini,</strong></span> <span class='ocrx_word' id='word_1_6' title='bbox 435 507 530 568; x_wconf 89' lang='lat' dir='ltr'><strong>neque</strong></span> <span class='ocrx_word' id='word_1_7' title='bbox 545 499 671 570; x_wconf 85' lang='lat' dir='ltr'><strong>usquam</strong></span> <span class='ocrx_word' id='word_1_8' title='bbox 684 488 818 549; x_wconf 83' lang='lat' dir='ltr'><strong>aberrare</strong></span> <span class='ocrx_word' id='word_1_9' title='bbox 830 474 992 564; x_wconf 68' lang='lat' dir='ltr'><strong>pedamini,</strong></span> <span class='ocrx_word' id='word_1_10' title='bbox 998 488 1058 542; x_wconf 85' lang='lat' dir='ltr'><strong>aut</strong></span> <span class='ocrx_word' id='word_1_11' title='bbox 1064 476 1226 540; x_wconf 78' lang='lat' dir='ltr'><strong>rationibus</strong></span> 
     </span>
     <span class='ocr_line' id='line_1_3' title="bbox 118 572 1229 659; baseline -0.014 -12"><span class='ocrx_word' id='word_1_12' title='bbox 118 583 226 646; x_wconf 84' lang='lat' dir='ltr'><strong>alienis</strong></span> <span class='ocrx_word' id='word_1_13' title='bbox 241 603 259 643; x_wconf 90' lang='lat' dir='ltr'><strong>a</strong></span> <span class='ocrx_word' id='word_1_14' title='bbox 272 601 365 644; x_wconf 86' lang='lat' dir='ltr'><strong>causa</strong></span> <span class='ocrx_word' id='word_1_15' title='bbox 377 581 448 642; x_wconf 88' lang='lat' dir='ltr'><strong>niti:</strong></span> <span class='ocrx_word' id='word_1_16' title='bbox 470 581 534 651; x_wconf 86' lang='lat' dir='ltr'><strong>sed,</strong></span> <span class='ocrx_word' id='word_1_17' title='bbox 550 575 815 659; x_wconf 88' lang='lat' dir='ltr'><strong>quemadmodum</strong></span> <span class='ocrx_word' id='word_1_18' title='bbox 808 597 839 635; x_wconf 92' lang='grc' dir='ltr'><strong>ιιι</strong></span> <span class='ocrx_word' id='word_1_19' title='bbox 842 573 1070 635; x_wconf 72' lang='lat' dir='ltr'>decursionibus</span> <span class='ocrx_word' id='word_1_20' title='bbox 1084 572 1229 652; x_wconf 83' lang='lat' dir='ltr'><strong>equestri·</strong></span> 
     </span>
     <span class='ocr_line' id='line_1_4' title="bbox 47 664 1228 754; baseline -0.011 -18"><span class='ocrx_word' id='word_1_21' title='bbox 47 741 54 750; x_wconf 87' lang='lat'>.</span> <span class='ocrx_word' id='word_1_22' title='bbox 117 676 217 747; x_wconf 85' lang='lat' dir='ltr'><strong>bus,‘</strong></span> <span class='ocrx_word' id='word_1_23' title='bbox 209 696 242 734; x_wconf 91' lang='lat' dir='ltr'><strong>m</strong></span> <span class='ocrx_word' id='word_1_24' title='bbox 261 676 358 754; x_wconf 87' lang='lat' dir='ltr'><strong>ipsum</strong></span> <span class='ocrx_word' id='word_1_25' title='bbox 372 672 483 752; x_wconf 80' lang='lat' dir='ltr'><strong>negotii</strong></span> <span class='ocrx_word' id='word_1_26' title='bbox 502 691 621 732; x_wconf 90' lang='lat' dir='ltr'><strong>cursum</strong></span> <span class='ocrx_word' id='word_1_27' title='bbox 639 668 832 750; x_wconf 80' lang='lat' dir='ltr'><strong>compellatis.</strong></span> <span class='ocrx_word' id='word_1_28' title='bbox 869 666 986 735; x_wconf 85' lang='lat' dir='ltr'><strong>Quae</strong></span> <span class='ocrx_word' id='word_1_29' title='bbox 963 685 989 725; x_wconf 84' lang='grc' dir='ltr'><strong>ιι</strong></span> <span class='ocrx_word' id='word_1_30' title='bbox 1007 664 1145 736; x_wconf 76' lang='lat' dir='ltr'>feceritis,</span> <span class='ocrx_word' id='word_1_31' title='bbox 1165 683 1228 730; x_wconf 90' lang='lat' dir='ltr'><strong>non</strong></span> 
     </span>
     <span class='ocr_line' id='line_1_5' title="bbox 118 757 1227 837; baseline -0.011 -8"><span class='ocrx_word' id='word_1_32' title='bbox 118 767 360 837; x_wconf 62' lang='lat' dir='ltr'><strong>contemnamini,</strong></span> <span class='ocrx_word' id='word_1_33' title='bbox 375 767 429 828; x_wconf 89' lang='lat' dir='ltr'><strong>sed</strong></span> <span class='ocrx_word' id='word_1_34' title='bbox 449 766 556 828; x_wconf 85' lang='lat' dir='ltr'><strong>iisdem</strong></span> <span class='ocrx_word' id='word_1_35' title='bbox 569 765 674 826; x_wconf 84' lang='lat' dir='ltr'><strong>animis</strong></span> <span class='ocrx_word' id='word_1_36' title='bbox 684 762 810 824; x_wconf 82' lang='lat' dir='ltr'><strong>eritis&#39;in</strong></span> <span class='ocrx_word' id='word_1_37' title='bbox 825 759 979 821; x_wconf 72' lang='lat' dir='ltr'><strong>sententiis</strong></span> <span class='ocrx_word' id='word_1_38' title='bbox 991 757 1140 830; x_wconf 75' lang='lat' dir='ltr'><strong>dicendis,</strong></span> <span class='ocrx_word' id='word_1_39' title='bbox 1161 758 1227 837; x_wconf 89' lang='lat' dir='ltr'><strong>qui·</strong></span> 
     </span>
     <span class='ocr_line' id='line_1_6' title="bbox 119 853 1228 939; baseline -0.007 -19"><span class='ocrx_word' id='word_1_40' title='bbox 119 863 178 922; x_wconf 88' lang='lat' dir='ltr'><strong>bus</strong></span> <span class='ocrx_word' id='word_1_41' title='bbox 200 861 320 922; x_wconf 82' lang='lat' dir='ltr'><strong>estisin</strong></span> <span class='ocrx_word' id='word_1_42' title='bbox 333 857 616 939; x_wconf 77' lang='lat' dir='ltr'><strong>legibusserendis:</strong></span> <span class='ocrx_word' id='word_1_43' title='bbox 639 857 687 920; x_wconf 89' lang='lat' dir='ltr'><strong>sin</strong></span> <span class='ocrx_word' id='word_1_44' title='bbox 705 853 1052 926; x_wconf 75' lang='lat' dir='ltr'><strong>minus,=existimabunt,</strong></span> <span class='ocrx_word' id='word_1_45' title='bbox 1075 871 1137 923; x_wconf 81' lang='lat' dir='ltr'><strong>vos,</strong></span> <span class='ocrx_word' id='word_1_46' title='bbox 1158 871 1228 912; x_wconf 88' lang='lat' dir='ltr'><strong>cum</strong></span> 
     </span>
     <span class='ocr_line' id='line_1_7' title="bbox 120 943 1229 1029; baseline -0.009 -15"><span class='ocrx_word' id='word_1_47' title='bbox 120 952 337 1014; x_wconf 83' lang='lat' dir='ltr'><strong>committenda</strong></span> <span class='ocrx_word' id='word_1_48' title='bbox 349 961 438 1012; x_wconf 85' lang='lat' dir='ltr'><strong>erunt</strong></span> <span class='ocrx_word' id='word_1_49' title='bbox 449 950 603 1024; x_wconf 80' lang='lat' dir='ltr'><strong>maleficia,</strong></span> <span class='ocrx_word' id='word_1_50' title='bbox 617 947 787 1029; x_wconf 73' lang='lat' dir='ltr'><strong>prasentire</strong></span> <span class='ocrx_word' id='word_1_51' title='bbox 801 955 888 1024; x_wconf 86' lang='lat' dir='ltr'><strong>atquc</strong></span> <span class='ocrx_word' id='word_1_52' title='bbox 900 944 999 1015; x_wconf 80' lang='lat' dir='ltr'><strong>irasci,</strong></span> <span class='ocrx_word' id='word_1_53' title='bbox 1013 944 1063 1004; x_wconf 92' lang='lat' dir='ltr'><strong>nbi</strong></span> <span class='ocrx_word' id='word_1_54' title='bbox 1073 943 1229 1004; x_wconf 89' lang='lat' dir='ltr'><strong>commissa</strong></span> 
     </span>
     <span class='ocr_line' id='line_1_8' title="bbox 120 1035 1230 1118; baseline -0.009 -12"><span class='ocrx_word' id='word_1_55' title='bbox 120 1044 243 1118; x_wconf 75' lang='lat' dir='ltr'><strong>suenni,</strong></span> <span class='ocrx_word' id='word_1_56' title='bbox 258 1045 331 1104; x_wconf 89' lang='lat' dir='ltr'><strong>nihil</strong></span> <span class='ocrx_word' id='word_1_57' title='bbox 351 1063 520 1105; x_wconf 71' lang='lat' dir='ltr'><strong>securare.</strong></span> <span class='ocrx_word' id='word_1_58' title='bbox 554 1043 599 1102; x_wconf 87' lang='lat' dir='ltr'><strong>Ac</strong></span> <span class='ocrx_word' id='word_1_59' title='bbox 619 1052 652 1102; x_wconf 89' lang='lat' dir='ltr'><strong>ut</strong></span> <span class='ocrx_word' id='word_1_60' title='bbox 680 1038 845 1100; x_wconf 77' lang='lat' dir='ltr'><strong>summatim</strong></span> <span class='ocrx_word' id='word_1_61' title='bbox 870 1037 981 1107; x_wconf 87' lang='lat' dir='ltr'><strong>dicam,</strong></span> <span class='ocrx_word' id='word_1_62' title='bbox 1010 1038 1034 1096; x_wconf 91' lang='lat' dir='ltr'><strong>si</strong></span> <span class='ocrx_word' id='word_1_63' title='bbox 1061 1035 1230 1116; x_wconf 85' lang='lat' dir='ltr'><strong>puniveritis</strong></span> 
     </span>
     <span class='ocr_line' id='line_1_9' title="bbox 121 1128 1227 1216; baseline -0.008 -17"><span class='ocrx_word' id='word_1_64' title='bbox 121 1137 286 1208; x_wconf 84' lang='lat' dir='ltr'><strong>maleficos,</strong></span> <span class='ocrx_word' id='word_1_65' title='bbox 300 1137 382 1216; x_wconf 85' lang='lat' dir='ltr'><strong>leges</strong></span> <span class='ocrx_word' id='word_1_66' title='bbox 395 1146 501 1197; x_wconf 75' lang='lat' dir='ltr'><strong>vestrae</strong></span> <span class='ocrx_word' id='word_1_67' title='bbox 513 1145 544 1196; x_wconf 88' lang='lat' dir='ltr'><strong>ct</strong></span> <span class='ocrx_word' id='word_1_68' title='bbox 556 1135 691 1196; x_wconf 84' lang='lat' dir='ltr'><strong>honestae</strong></span> <span class='ocrx_word' id='word_1_69' title='bbox 704 1141 792 1192; x_wconf 87' lang='lat' dir='ltr'><strong>erunt</strong></span> <span class='ocrx_word' id='word_1_70' title='bbox 804 1141 835 1191; x_wconf 87' lang='lat' dir='ltr'><strong>et</strong></span> <span class='ocrx_word' id='word_1_71' title='bbox 854 1141 946 1190; x_wconf 80' lang='lat' dir='ltr'><strong>rate:</strong></span> <span class='ocrx_word' id='word_1_72' title='bbox 968 1128 1014 1190; x_wconf 89' lang='lat' dir='ltr'><strong>siu</strong></span> <span class='ocrx_word' id='word_1_73' title='bbox 1035 1129 1227 1200; x_wconf 83' lang='lat' dir='ltr'><strong>absolveritis,</strong></span> 
     </span>
     <span class='ocr_line' id='line_1_10' title="bbox 121 1227 682 1298; baseline -0.004 -10"><span class='ocrx_word' id='word_1_74' title='bbox 121 1227 259 1290; x_wconf 72' lang='lat' dir='ltr'><strong>honesto</strong></span> <span class='ocrx_word' id='word_1_75' title='bbox 273 1228 428 1298; x_wconf 82' lang='lat' dir='ltr'><strong>duntaxat,</strong></span> <span class='ocrx_word' id='word_1_76' title='bbox 444 1228 587 1288; x_wconf 88' lang='lat' dir='ltr'><strong>nonitenr</strong></span> <span class='ocrx_word' id='word_1_77' title='bbox 597 1236 682 1288; x_wconf 81' lang='lat' dir='ltr'><strong>rutra.</strong></span> 
     </span>
    </p>

    <p class='ocr_par' dir='ltr' id='par_1_3' title="bbox 121 1314 1283 1772">
     <span class='ocr_line' id='line_1_11' title="bbox 147 1314 1229 1395; baseline -0.004 -15"><span class='ocrx_word' id='word_1_78' title='bbox 147 1361 150 1368; x_wconf 85' lang='lat'>·</span> <span class='ocrx_word' id='word_1_79' title='bbox 165 1324 215 1380; x_wconf 78' lang='lat'><strong>35.</strong></span> <span class='ocrx_word' id='word_1_80' title='bbox 229 1320 354 1390; x_wconf 48' lang='lat' dir='ltr'><strong>¹Quibus</strong></span> <span class='ocrx_word' id='word_1_81' title='bbox 364 1329 466 1380; x_wconf 80' lang='lat' dir='ltr'><strong>autem.</strong></span> <span class='ocrx_word' id='word_1_82' title='bbox 476 1319 513 1380; x_wconf 88' lang='lat' dir='ltr'><strong>dc</strong></span> <span class='ocrx_word' id='word_1_83' title='bbox 524 1319 699 1380; x_wconf 86' lang='lat' dir='ltr'><strong>causishoec</strong></span> <span class='ocrx_word' id='word_1_84' title='bbox 709 1317 816 1390; x_wconf 84' lang='lat' dir='ltr'><strong>dicum,</strong></span> <span class='ocrx_word' id='word_1_85' title='bbox 826 1334 886 1376; x_wconf 86' lang='lat' dir='ltr'><strong>uon</strong></span> <span class='ocrx_word' id='word_1_86' title='bbox 896 1314 1138 1378; x_wconf 82' lang='lat' dir='ltr'><strong>dubitabolibere</strong></span> <span class='ocrx_word' id='word_1_87' title='bbox 1148 1314 1229 1395; x_wconf 87' lang='lat' dir='ltr'><strong>apud</strong></span> 
     </span>
     <span class='ocr_line' id='line_1_12' title="bbox 121 1406 1230 1492; baseline -0.005 -17"><span class='ocrx_word' id='word_1_88' title='bbox 121 1433 177 1475; x_wconf 78' lang='lat' dir='ltr'><strong>vos</strong></span> <span class='ocrx_word' id='word_1_89' title='bbox 191 1433 346 1492; x_wconf 83' lang='lat' dir='ltr'><strong>exponere,</strong></span> <span class='ocrx_word' id='word_1_90' title='bbox 369 1411 467 1491; x_wconf 88' lang='lat' dir='ltr'><strong>idque.</strong></span> <span class='ocrx_word' id='word_1_91' title='bbox 477 1410 609 1472; x_wconf 82' lang='lat' dir='ltr'><strong>adducto</strong></span> <span class='ocrx_word' id='word_1_92' title='bbox 629 1410 775 1489; x_wconf 83' lang='lat' dir='ltr'><strong>exemplo.</strong></span> <span class='ocrx_word' id='word_1_93' title='bbox 804 1408 1003 1489; x_wconf 68' lang='lat' dir='ltr'><strong>(imputatis,</strong></span> <span class='ocrx_word' id='word_1_94' title='bbox 1018 1406 1230 1482; x_wconf 85' lang='lat' dir='ltr'><strong>Athenienses,</strong></span> 
     </span>
     <span class='ocr_line' id='line_1_13' title="bbox 122 1488 1283 1586; baseline -0.005 -18"><span class='ocrx_word' id='word_1_95' title='bbox 122 1505 213 1586; x_wconf 84' lang='lat' dir='ltr'><strong>leges</strong></span> <span class='ocrx_word' id='word_1_96' title='bbox 229 1526 282 1568; x_wconf 86' lang='lat' dir='ltr'><strong>vos</strong></span> <span class='ocrx_word' id='word_1_97' title='bbox 300 1505 525 1578; x_wconf 83' lang='lat' dir='ltr'><strong>hebercbonss,</strong></span> <span class='ocrx_word' id='word_1_98' title='bbox 540 1505 661 1566; x_wconf 87' lang='lat' dir='ltr'><strong>decreta</strong></span> <span class='ocrx_word' id='word_1_99' title='bbox 679 1523 751 1564; x_wconf 85' lang='lat' dir='ltr'><strong>vcro</strong></span> <span class='ocrx_word' id='word_1_100' title='bbox 766 1499 967 1574; x_wconf 63' lang='lat' dir='ltr'><strong>deterioraj¹et</strong></span> <span class='ocrx_word' id='word_1_101' title='bbox 980 1502 1142 1563; x_wconf 80' lang='lat' dir='ltr'><strong>sententias</strong></span> <span class='ocrx_word' id='word_1_102' title='bbox 1150 1501 1231 1585; x_wconf 60' lang='lat' dir='ltr'><strong>indi?</strong></span> <span class='ocrx_word' id='word_1_103' title='bbox 1279 1488 1283 1497; x_wconf 15' lang='grc' dir='ltr'>Χ</span> 
     </span>
     <span class='ocr_line' id='line_1_14' title="bbox 123 1593 1257 1678; baseline -0.004 -18"><span class='ocrx_word' id='word_1_104' title='bbox 123 1599 238 1660; x_wconf 81' lang='lat' dir='ltr'><strong>ciorum</strong></span> <span class='ocrx_word' id='word_1_105' title='bbox 253 1598 414 1678; x_wconf 86' lang='lat' dir='ltr'><strong>aliquando</strong></span> <span class='ocrx_word' id='word_1_106' title='bbox 427 1597 622 1678; x_wconf 73' lang='lat' dir='ltr'><strong>reprehendi?</strong></span> <span class='ocrx_word' id='word_1_107' title='bbox 643 1596 833 1676; x_wconf 57' lang='lat' dir='ltr'><strong>Egotca‘nsas</strong></span> <span class='ocrx_word' id='word_1_108' title='bbox 847 1595 1012 1656; x_wconf 85' lang='lat' dir='ltr'><strong>ostendam.</strong></span> <span class='ocrx_word' id='word_1_109' title='bbox 1047 1595 1136 1664; x_wconf 89' lang='lat' dir='ltr'><strong>Quod</strong></span> <span class='ocrx_word' id='word_1_110' title='bbox 1149 1593 1232 1674; x_wconf 83' lang='lat' dir='ltr'><strong>leges</strong></span> <span class='ocrx_word' id='word_1_111' title='bbox 1253 1600 1257 1607; x_wconf 83' lang='lat'><em>&#39;</em></span> 
     </span>
     <span class='ocr_line' id='line_1_15' title="bbox 125 1687 1234 1772; baseline -0.003 -20"><span class='ocrx_word' id='word_1_112' title='bbox 125 1693 261 1764; x_wconf 82' lang='lat' dir='ltr'><strong>sancitis,</strong></span> <span class='ocrx_word' id='word_1_113' title='bbox 274 1691 368 1755; x_wconf 89' lang='lat' dir='ltr'><strong>omnis</strong></span> <span class='ocrx_word' id='word_1_114' title='bbox 379 1690 526 1772; x_wconf 74' lang='lat' dir='ltr'><strong>aequitatis</strong></span> <span class='ocrx_word' id='word_1_115' title='bbox 535 1689 638 1750; x_wconf 88' lang='lat' dir='ltr'><strong>habita</strong></span> <span class='ocrx_word' id='word_1_116' title='bbox 650 1689 774 1760; x_wconf 83' lang='lat' dir='ltr'><strong>ratione,</strong></span> <span class='ocrx_word' id='word_1_117' title='bbox 784 1708 845 1747; x_wconf 89' lang='lat' dir='ltr'><strong>uon</strong></span> <span class='ocrx_word' id='word_1_118' title='bbox 856 1687 958 1767; x_wconf 87' lang='lat' dir='ltr'><strong>injusti</strong></span> <span class='ocrx_word' id='word_1_119' title='bbox 967 1687 1042 1748; x_wconf 88' lang='lat' dir='ltr'><strong>lucri</strong></span> <span class='ocrx_word' id='word_1_120' title='bbox 1056 1698 1161 1761; x_wconf 70' lang='lat' dir='ltr'><strong>cansa,</strong></span> <span class='ocrx_word' id='word_1_121' title='bbox 1171 1707 1234 1749; x_wconf 92' lang='lat' dir='ltr'><strong>non</strong></span> 
     </span>
    </p>
   </div>
   <div class='ocr_carea' id='block_1_3' title="bbox 113 1781 1330 1865">
    <p class='ocr_par' dir='ltr' id='par_1_4' title="bbox 113 1781 1330 1865">
     <span class='ocr_line' id='line_1_16' title="bbox 113 1781 1330 1865; baseline 0.002 -23"><span class='ocrx_word' id='word_1_122' title='bbox 113 1785 544 1865; x_wconf 79' lang='lat' dir='ltr'><strong>exinimicitiissedinipsam</strong></span> <span class='ocrx_word' id='word_1_123' title='bbox 552 1785 696 1864; x_wconf 85' lang='lat' dir='ltr'><strong>jutitiam</strong></span> <span class='ocrx_word' id='word_1_124' title='bbox 705 1785 850 1844; x_wconf 82' lang='lat' dir='ltr'><strong>duntaxat</strong></span> <span class='ocrx_word' id='word_1_125' title='bbox 859 1792 891 1842; x_wconf 89' lang='lat' dir='ltr'><strong>et</strong></span> <span class='ocrx_word' id='word_1_126' title='bbox 902 1781 1059 1843; x_wconf 84' lang='lat' dir='ltr'><strong>utilitatem</strong></span> <span class='ocrx_word' id='word_1_127' title='bbox 1068 1783 1233 1852; x_wconf 68' lang='lat' dir='ltr'><strong>intuentem</strong></span> <span class='ocrx_word' id='word_1_128' title='bbox 1278 1856 1280 1858; x_wconf 27' lang='grc'>,</span> <span class='ocrx_word' id='word_1_129' title='bbox 1327 1842 1330 1848; x_wconf 85' lang='grc'><strong>,</strong></span> 
     </span>
    </p>
   </div>
   <div class='ocr_carea' id='block_1_4' title="bbox 95 1875 1325 4629">
    <p class='ocr_par' dir='ltr' id='par_1_5' title="bbox 125 1875 1239 3057">
     <span class='ocr_line' id='line_1_17' title="bbox 125 1875 1234 1983; baseline -0.004 -43"><span class='ocrx_word' id='word_1_130' title='bbox 125 1899 204 1940; x_wconf 89' lang='lat' dir='ltr'><strong>curn</strong></span> <span class='ocrx_word' id='word_1_131' title='bbox 202 1889 305 1940; x_wconf 86' lang='lat' dir='ltr'><strong>autem</strong></span> <span class='ocrx_word' id='word_1_132' title='bbox 316 1877 510 1940; x_wconf 75' lang='lat' dir='ltr'><strong>dexteritate</strong></span> <span class='ocrx_word' id='word_1_133' title='bbox 501 1878 688 1983; x_wconf 69' lang='lat' dir='ltr'><strong>ingeniorum</strong></span> <span class='ocrx_word' id='word_1_134' title='bbox 698 1875 763 1936; x_wconf 78' lang='lat' dir='ltr'><strong>siiis</strong></span> <span class='ocrx_word' id='word_1_135' title='bbox 777 1875 973 1946; x_wconf 70' lang='lat' dir='ltr'><strong>antecedatis,</strong></span> <span class='ocrx_word' id='word_1_136' title='bbox 986 1895 1048 1935; x_wconf 91' lang='lat' dir='ltr'><strong>non</strong></span> <span class='ocrx_word' id='word_1_137' title='bbox 1061 1877 1167 1934; x_wconf 87' lang='lat' dir='ltr'><strong>mir-&#39;um</strong></span> <span class='ocrx_word' id='word_1_138' title='bbox 1178 1887 1234 1950; x_wconf 84' lang='lat' dir='ltr'><strong>ast,</strong></span> 
     </span>
     <span class='ocr_line' id='line_1_18' title="bbox 125 1968 1235 2052; baseline -0.003 -18.997"><span class='ocrx_word' id='word_1_139' title='bbox 125 1991 181 2034; x_wconf 73' lang='lat' dir='ltr'><strong>sos</strong></span> <span class='ocrx_word' id='word_1_140' title='bbox 199 1971 410 2052; x_wconf 82' lang='lat' dir='ltr'><strong>pulcherrimas</strong></span> <span class='ocrx_word' id='word_1_141' title='bbox 432 1971 546 2032; x_wconf 77' lang='lat' dir='ltr'><strong>mnoire</strong></span> <span class='ocrx_word' id='word_1_142' title='bbox 560 1969 670 2050; x_wconf 74' lang='lat' dir='ltr'><strong>¹:leges</strong></span> <span class='ocrx_word' id='word_1_143' title='bbox 695 1971 727 2030; x_wconf 92' lang='lat' dir='ltr'><strong>in</strong></span> <span class='ocrx_word' id='word_1_144' title='bbox 741 1968 934 2030; x_wconf 83' lang='lat' dir='ltr'><strong>concionibus</strong></span> <span class='ocrx_word' id='word_1_145' title='bbox 948 1977 1046 2028; x_wconf 89' lang='lat' dir='ltr'><strong>autem</strong></span> <span class='ocrx_word' id='word_1_146' title='bbox 1060 1979 1100 2028; x_wconf 86' lang='lat' dir='ltr'><strong>et</strong></span> <span class='ocrx_word' id='word_1_147' title='bbox 1103 1970 1235 2049; x_wconf 85' lang='lat' dir='ltr'><strong>judiciis,</strong></span> 
     </span>
     <span class='ocr_line' id='line_1_19' title="bbox 126 2051 1236 2145; baseline 0 -20"><span class='ocrx_word' id='word_1_148' title='bbox 126 2085 211 2145; x_wconf 77' lang='lat' dir='ltr'><strong>saepe</strong></span> <span class='ocrx_word' id='word_1_149' title='bbox 227 2063 372 2144; x_wconf 79' lang='lat' dir='ltr'><strong>neglectis</strong></span> <span class='ocrx_word' id='word_1_150' title='bbox 387 2065 516 2144; x_wconf 83' lang='lat' dir='ltr'><strong>ipsorum</strong></span> <span class='ocrx_word' id='word_1_151' title='bbox 538 2064 721 2143; x_wconf 82' lang='lat' dir='ltr'><strong>negotiorum</strong></span> <span class='ocrx_word' id='word_1_152' title='bbox 734 2051 913 2132; x_wconf 77' lang='lat' dir='ltr'><strong>rationibus,</strong></span> <span class='ocrx_word' id='word_1_153' title='bbox 931 2063 969 2122; x_wconf 91' lang='lat' dir='ltr'><strong>ab</strong></span> <span class='ocrx_word' id='word_1_154' title='bbox 982 2062 1191 2142; x_wconf 86' lang='lat' dir='ltr'><strong>impostoribus</strong></span> <span class='ocrx_word' id='word_1_155' title='bbox 1205 2075 1236 2125; x_wconf 90' lang='lat' dir='ltr'><strong>et</strong></span> 
     </span>
     <span class='ocr_line' id='line_1_20' title="bbox 128 2153 1235 2219; baseline 0.002 -2"><span class='ocrx_word' id='word_1_156' title='bbox 128 2156 382 2218; x_wconf 85' lang='lat' dir='ltr'><strong>ostentatoribus&#39;</strong></span> <span class='ocrx_word' id='word_1_157' title='bbox 374 2177 404 2214; x_wconf 91' lang='grc' dir='ltr'><strong>ιιι</strong></span> <span class='ocrx_word' id='word_1_158' title='bbox 417 2156 550 2216; x_wconf 80' lang='lat' dir='ltr'><strong>fraudem</strong></span> <span class='ocrx_word' id='word_1_159' title='bbox 566 2153 725 2215; x_wconf 88' lang='lat' dir='ltr'><strong>illicimini:</strong></span> <span class='ocrx_word' id='word_1_160' title='bbox 748 2154 982 2215; x_wconf 53' lang='lat' dir='ltr'><strong>consuetudine*</strong></span> <span class='ocrx_word' id='word_1_161' title='bbox 975 2172 1004 2212; x_wconf 92' lang='grc' dir='ltr'><strong>ιιι</strong></span> <span class='ocrx_word' id='word_1_162' title='bbox 1010 2157 1235 2219; x_wconf 84' lang='lat' dir='ltr'><strong>controversias</strong></span> 
     </span>
     <span class='ocr_line' id='line_1_21' title="bbox 128 2248 1235 2330; baseline 0.004 -20"><span class='ocrx_word' id='word_1_163' title='bbox 128 2251 261 2310; x_wconf 89' lang='lat' dir='ltr'><strong>omnium</strong></span> <span class='ocrx_word' id='word_1_164' title='bbox 282 2249 474 2330; x_wconf 83' lang='lat' dir='ltr'><strong>injustissima</strong></span> <span class='ocrx_word' id='word_1_165' title='bbox 487 2249 667 2309; x_wconf 87' lang='lat' dir='ltr'><strong>introducta.</strong></span> <span class='ocrx_word' id='word_1_166' title='bbox 697 2248 869 2309; x_wconf 85' lang='lat' dir='ltr'><strong>Permittitis</strong></span> <span class='ocrx_word' id='word_1_167' title='bbox 883 2250 970 2320; x_wconf 87' lang='lat' dir='ltr'><strong>enim,</strong></span> <span class='ocrx_word' id='word_1_168' title='bbox 984 2260 1019 2309; x_wconf 87' lang='lat' dir='ltr'><strong>ut</strong></span> <span class='ocrx_word' id='word_1_169' title='bbox 1031 2249 1050 2308; x_wconf 90' lang='grc' dir='ltr'><strong>ιι</strong></span> <span class='ocrx_word' id='word_1_170' title='bbox 1063 2250 1114 2328; x_wconf 88' lang='lat' dir='ltr'><strong>qui</strong></span> <span class='ocrx_word' id='word_1_171' title='bbox 1128 2270 1235 2314; x_wconf 82' lang='lat' dir='ltr'><strong>causae</strong></span> 
     </span>
     <span class='ocr_line' id='line_1_22' title="bbox 127 2341 1236 2421; baseline 0.004 -19"><span class='ocrx_word' id='word_1_172' title='bbox 127 2343 247 2415; x_wconf 78' lang='lat' dir='ltr'><strong>dicunt,</strong></span> <span class='ocrx_word' id='word_1_173' title='bbox 258 2343 552 2414; x_wconf 85' lang='lat' dir='ltr'><strong>recriminentureos,</strong></span> <span class='ocrx_word' id='word_1_174' title='bbox 566 2360 585 2401; x_wconf 85' lang='lat' dir='ltr'><strong>a</strong></span> <span class='ocrx_word' id='word_1_175' title='bbox 597 2341 702 2421; x_wconf 83' lang='lat' dir='ltr'><strong>quibus</strong></span> <span class='ocrx_word' id='word_1_176' title='bbox 716 2351 904 2418; x_wconf 81' lang='lat' dir='ltr'><strong>accusantur.</strong></span> <span class='ocrx_word' id='word_1_177' title='bbox 926 2341 1030 2420; x_wconf 86' lang='lat' dir='ltr'><strong>Itaque</strong></span> <span class='ocrx_word' id='word_1_178' title='bbox 1042 2342 1139 2403; x_wconf 77' lang='lat' dir='ltr'><strong>avulsi</strong></span> <span class='ocrx_word' id='word_1_179' title='bbox 1151 2364 1169 2405; x_wconf 86' lang='lat' dir='ltr'><strong>a</strong></span> <span class='ocrx_word' id='word_1_180' title='bbox 1182 2345 1236 2406; x_wconf 79' lang='lat' dir='ltr'><strong>de-</strong></span> 
     </span>
     <span class='ocr_line' id='line_1_23' title="bbox 126 2434 1236 2515; baseline 0.002 -18"><span class='ocrx_word' id='word_1_181' title='bbox 126 2436 274 2509; x_wconf 72' lang='lat' dir='ltr'><strong>fenenne,</strong></span> <span class='ocrx_word' id='word_1_182' title='bbox 284 2435 449 2515; x_wconf 85' lang='lat' dir='ltr'><strong>animisque</strong></span> <span class='ocrx_word' id='word_1_183' title='bbox 464 2435 503 2496; x_wconf 91' lang='lat' dir='ltr'><strong>ad</strong></span> <span class='ocrx_word' id='word_1_184' title='bbox 512 2435 571 2497; x_wconf 87' lang='lat' dir='ltr'><strong>alis</strong></span> <span class='ocrx_word' id='word_1_185' title='bbox 580 2434 733 2507; x_wconf 85' lang='lat' dir='ltr'><strong>traductis,</strong></span> <span class='ocrx_word' id='word_1_186' title='bbox 744 2434 775 2493; x_wconf 93' lang='lat' dir='ltr'><strong>in</strong></span> <span class='ocrx_word' id='word_1_187' title='bbox 785 2435 982 2495; x_wconf 85' lang='lat' dir='ltr'><strong>accusationis</strong></span> <span class='ocrx_word' id='word_1_188' title='bbox 991 2435 1236 2499; x_wconf 80' lang='lat' dir='ltr'><strong>obliuionemim·</strong></span> 
     </span>
     <span class='ocr_line' id='line_1_24' title="bbox 129 2527 1237 2611; baseline 0.004 -24"><span class='ocrx_word' id='word_1_189' title='bbox 129 2528 222 2611; x_wconf 87' lang='lat' dir='ltr'><strong>pulsi,</strong></span> <span class='ocrx_word' id='word_1_190' title='bbox 242 2548 258 2587; x_wconf 89' lang='lat' dir='ltr'><strong>e</strong></span> <span class='ocrx_word' id='word_1_191' title='bbox 273 2529 415 2608; x_wconf 81' lang='lat' dir='ltr'><strong>praetoriis</strong></span> <span class='ocrx_word' id='word_1_192' title='bbox 425 2528 589 2599; x_wconf 87' lang='lat' dir='ltr'><strong>disceditis,</strong></span> <span class='ocrx_word' id='word_1_193' title='bbox 600 2527 637 2588; x_wconf 88' lang='lat' dir='ltr'><strong>de</strong></span> <span class='ocrx_word' id='word_1_194' title='bbox 647 2536 753 2587; x_wconf 87' lang='lat' dir='ltr'><strong>neutro</strong></span> <span class='ocrx_word' id='word_1_195' title='bbox 763 2527 860 2607; x_wconf 83' lang='lat' dir='ltr'><strong>poenis</strong></span> <span class='ocrx_word' id='word_1_196' title='bbox 871 2527 1016 2608; x_wconf 86' lang='lat' dir='ltr'><strong>sumptis:</strong></span> <span class='ocrx_word' id='word_1_197' title='bbox 1032 2531 1175 2609; x_wconf 91' lang='lat' dir='ltr'><strong>nequede</strong></span> <span class='ocrx_word' id='word_1_198' title='bbox 1185 2549 1237 2591; x_wconf 83' lang='lat' dir='ltr'><strong>ac-</strong></span> 
     </span>
     <span class='ocr_line' id='line_1_25' title="bbox 130 2620 1235 2701; baseline 0.005 -20"><span class='ocrx_word' id='word_1_199' title='bbox 130 2631 280 2692; x_wconf 85' lang='lat' dir='ltr'><strong>cusatore,</strong></span> <span class='ocrx_word' id='word_1_200' title='bbox 292 2621 468 2683; x_wconf 88' lang='lat' dir='ltr'><strong>-calculus</strong></span> <span class='ocrx_word' id='word_1_201' title='bbox 482 2621 564 2697; x_wconf 87' lang='lat' dir='ltr'><strong>enim</strong></span> <span class='ocrx_word' id='word_1_202' title='bbox 574 2629 679 2681; x_wconf 88' lang='lat' dir='ltr'><strong>contra</strong></span> <span class='ocrx_word' id='word_1_203' title='bbox 693 2640 761 2680; x_wconf 85' lang='lat' dir='ltr'><strong>eum</strong></span> <span class='ocrx_word' id='word_1_204' title='bbox 776 2640 836 2680; x_wconf 86' lang='lat' dir='ltr'><strong>non</strong></span> <span class='ocrx_word' id='word_1_205' title='bbox 854 2620 992 2694; x_wconf 90' lang='lat' dir='ltr'><strong>datur—,</strong></span> <span class='ocrx_word' id='word_1_206' title='bbox 1006 2642 1101 2701; x_wconf 89' lang='lat' dir='ltr'><strong>neque</strong></span> <span class='ocrx_word' id='word_1_207' title='bbox 1115 2624 1153 2685; x_wconf 83' lang='lat' dir='ltr'><strong>da</strong></span> <span class='ocrx_word' id='word_1_208' title='bbox 1174 2646 1235 2687; x_wconf 87' lang='lat' dir='ltr'><strong>reo.</strong></span> 
     </span>
     <span class='ocr_line' id='line_1_26' title="bbox 127 2713 1232 2800; baseline 0.006 -27"><span class='ocrx_word' id='word_1_209' title='bbox 127 2713 301 2773; x_wconf 57' lang='lat' dir='ltr'><strong>„aliiaenim</strong></span> <span class='ocrx_word' id='word_1_210' title='bbox 311 2714 512 2787; x_wconf 88' lang='lat' dir='ltr'><strong>criminandis,</strong></span> <span class='ocrx_word' id='word_1_211' title='bbox 520 2713 693 2793; x_wconf 85' lang='lat' dir='ltr'><strong>objectasibi</strong></span> <span class='ocrx_word' id='word_1_212' title='bbox 703 2713 827 2775; x_wconf 87' lang='lat' dir='ltr'><strong>crimina</strong></span> <span class='ocrx_word' id='word_1_213' title='bbox 836 2714 1038 2795; x_wconf 88' lang='lat' dir='ltr'><strong>propulsando</strong></span> <span class='ocrx_word' id='word_1_214' title='bbox 1048 2717 1152 2799; x_wconf 82' lang='lat' dir='ltr'><strong>effugit</strong></span> <span class='ocrx_word' id='word_1_215' title='bbox 1160 2721 1232 2800; x_wconf 85' lang='lat' dir='ltr'><strong>eju-</strong></span> 
     </span>
     <span class='ocr_line' id='line_1_27' title="bbox 127 2804 1237 2887; baseline 0.006 -20"><span class='ocrx_word' id='word_1_216' title='bbox 127 2804 228 2874; x_wconf 78' lang='lat' dir='ltr'><strong>dicio:</strong></span> <span class='ocrx_word' id='word_1_217' title='bbox 248 2805 442 2884; x_wconf 81' lang='lat' dir='ltr'><strong>legesautem</strong></span> <span class='ocrx_word' id='word_1_218' title='bbox 453 2806 646 2885; x_wconf 77' lang='lat' dir='ltr'><strong>abrogentur,</strong></span> <span class='ocrx_word' id='word_1_219' title='bbox 660 2819 691 2868; x_wconf 85' lang='lat' dir='ltr'><strong>et</strong></span> <span class='ocrx_word' id='word_1_220' title='bbox 703 2808 871 2887; x_wconf 82' lang='lat' dir='ltr'><strong>respublica</strong></span> <span class='ocrx_word' id='word_1_221' title='bbox 885 2807 994 2881; x_wconf 87' lang='lat' dir='ltr'><strong>interit,</strong></span> <span class='ocrx_word' id='word_1_222' title='bbox 1007 2819 1037 2869; x_wconf 86' lang='lat' dir='ltr'><strong>ct</strong></span> <span class='ocrx_word' id='word_1_223' title='bbox 1050 2814 1237 2875; x_wconf 88' lang='lat' dir='ltr'><strong>cousuetudo</strong></span> 
     </span>
     <span class='ocr_line' id='line_1_28' title="bbox 127 2896 1239 2985; baseline 0.008 -27"><span class='ocrx_word' id='word_1_224' title='bbox 127 2898 202 2961; x_wconf 84' lang='lat' dir='ltr'><strong>baec</strong></span> <span class='ocrx_word' id='word_1_225' title='bbox 215 2896 418 2976; x_wconf 80' lang='lat' dir='ltr'><strong>lotevagatur.</strong></span> <span class='ocrx_word' id='word_1_226' title='bbox 440 2898 540 2959; x_wconf 86' lang='lat' dir='ltr'><strong>Facile</strong></span> <span class='ocrx_word' id='word_1_227' title='bbox 548 2900 625 2958; x_wconf 88' lang='lat' dir='ltr'><strong>enim</strong></span> <span class='ocrx_word' id='word_1_228' title='bbox 636 2920 838 2981; x_wconf 83' lang='lat' dir='ltr'><strong>saepenumero</strong></span> <span class='ocrx_word' id='word_1_229' title='bbox 846 2900 959 2978; x_wconf 88' lang='lat' dir='ltr'><strong>absque</strong></span> <span class='ocrx_word' id='word_1_230' title='bbox 967 2900 1028 2961; x_wconf 81' lang='lat' dir='ltr'><strong>rita</strong></span> <span class='ocrx_word' id='word_1_231' title='bbox 1036 2901 1164 2964; x_wconf 88' lang='lat' dir='ltr'><strong>honesta</strong></span> <span class='ocrx_word' id='word_1_232' title='bbox 1171 2927 1239 2985; x_wconf 89' lang='lat' dir='ltr'><strong>pro·</strong></span> 
     </span>
     <span class='ocr_line' id='line_1_29' title="bbox 127 2990 1238 3057; baseline 0.004 -4"><span class='ocrx_word' id='word_1_233' title='bbox 127 2991 212 3053; x_wconf 82' lang='lat' dir='ltr'><strong>batis</strong></span> <span class='ocrx_word' id='word_1_234' title='bbox 227 2992 398 3051; x_wconf 67' lang='lat' dir='ltr'><strong>credonem.</strong></span> <span class='ocrx_word' id='word_1_235' title='bbox 420 2990 642 3051; x_wconf 81' lang='lat' dir='ltr'><strong>Lacedaemonii</strong></span> <span class='ocrx_word' id='word_1_236' title='bbox 655 3012 724 3052; x_wconf 86' lang='lat' dir='ltr'><strong>vero</strong></span> <span class='ocrx_word' id='word_1_237' title='bbox 739 3012 800 3051; x_wconf 94' lang='lat' dir='ltr'><strong>non</strong></span> <span class='ocrx_word' id='word_1_238' title='bbox 814 2992 860 3052; x_wconf 87' lang='lat' dir='ltr'><strong>ita</strong></span> <span class='ocrx_word' id='word_1_239' title='bbox 868 2991 992 3052; x_wconf 84' lang='lat' dir='ltr'><strong>faciunt:</strong></span> <span class='ocrx_word' id='word_1_240' title='bbox 1014 2992 1172 3055; x_wconf 88' lang='lat' dir='ltr'><strong>honestum</strong></span> <span class='ocrx_word' id='word_1_241' title='bbox 1186 3018 1238 3057; x_wconf 83' lang='lat' dir='ltr'><strong>eu·</strong></span> 
     </span>
    </p>

    <p class='ocr_par' dir='ltr' id='par_1_6' title="bbox 127 3082 1240 3261">
     <span class='ocr_line' id='line_1_30' title="bbox 127 3082 1240 3169; baseline 0.005 -25.032"><span class='ocrx_word' id='word_1_242' title='bbox 127 3095 197 3147; x_wconf 88' lang='lat' dir='ltr'><strong>tem</strong></span> <span class='ocrx_word' id='word_1_243' title='bbox 210 3093 266 3153; x_wconf 91' lang='lat' dir='ltr'><strong>est,</strong></span> <span class='ocrx_word' id='word_1_244' title='bbox 279 3082 367 3143; x_wconf 86' lang='lat' dir='ltr'><strong>etiam</strong></span> <span class='ocrx_word' id='word_1_245' title='bbox 387 3092 553 3142; x_wconf 87' lang='lat' dir='ltr'><strong>exterorum</strong></span> <span class='ocrx_word' id='word_1_246' title='bbox 567 3084 689 3144; x_wconf 85' lang='lat' dir='ltr'><strong>virtutes</strong></span> <span class='ocrx_word' id='word_1_247' title='bbox 703 3084 820 3143; x_wconf 86' lang='lat' dir='ltr'><strong>imitari.</strong></span> <span class='ocrx_word' id='word_1_248' title='bbox 847 3084 925 3169; x_wconf 82' lang='lat' dir='ltr'><strong>Nam</strong></span> <span class='ocrx_word' id='word_1_249' title='bbox 938 3102 1006 3143; x_wconf 89' lang='lat' dir='ltr'><strong>cum</strong></span> <span class='ocrx_word' id='word_1_250' title='bbox 1019 3084 1139 3162; x_wconf 88' lang='lat' dir='ltr'><strong>quidam</strong></span> <span class='ocrx_word' id='word_1_251' title='bbox 1159 3090 1240 3168; x_wconf 87' lang='lat' dir='ltr'><strong>apud</strong></span> 
     </span>
     <span class='ocr_line' id='line_1_31' title="bbox 132 3157 1251 3272; baseline 0.004 -33"><span class='ocrx_word' id='word_1_252' title='bbox 132 3157 203 3239; x_wconf 80' lang='lat' dir='ltr'><strong>illos</strong></span> <span class='ocrx_word' id='word_1_253' title='bbox 217 3195 387 3237; x_wconf 79' lang='lat' dir='ltr'><strong>concionem</strong></span> <span class='ocrx_word' id='word_1_254' title='bbox 396 3175 593 3249; x_wconf 80' lang='lat' dir='ltr'><strong>habuisset</strong></span> <span class='ocrx_word' id='word_1_255' title='bbox 566 3196 610 3236; x_wconf 79' lang='grc' dir='ltr'><strong>ιιι</strong></span> <span class='ocrx_word' id='word_1_256' title='bbox 619 3186 653 3236; x_wconf 91' lang='lat' dir='ltr'><strong>ut</strong></span> <span class='ocrx_word' id='word_1_257' title='bbox 662 3178 730 3238; x_wconf 87' lang='lat' dir='ltr'><strong>rrtse</strong></span> <span class='ocrx_word' id='word_1_258' title='bbox 740 3178 906 3272; x_wconf 81' lang='lat' dir='ltr'><strong>flagitiosae,</strong></span> <span class='ocrx_word' id='word_1_259' title='bbox 915 3178 1087 3237; x_wconf 82' lang='lat' dir='ltr'><strong>rtasummae</strong></span> <span class='ocrx_word' id='word_1_260' title='bbox 1097 3180 1251 3261; x_wconf 86' lang='lat' dir='ltr'><strong>eloquen</strong></span> 
     </span>
    </p>

    <p class='ocr_par' dir='ltr' id='par_1_7' title="bbox 128 3267 1240 3347">
     <span class='ocr_line' id='line_1_32' title="bbox 128 3267 1240 3347; baseline 0.005 -16.033"><span class='ocrx_word' id='word_1_261' title='bbox 128 3269 198 3341; x_wconf 74' lang='lat' dir='ltr'><strong>tiae,</strong></span> <span class='ocrx_word' id='word_1_262' title='bbox 203 3278 299 3347; x_wconf 85' lang='lat' dir='ltr'><strong>atque</strong></span> <span class='ocrx_word' id='word_1_263' title='bbox 314 3268 542 3342; x_wconf 81' lang='lat' dir='ltr'><strong>Lacedaemonii,</strong></span> <span class='ocrx_word' id='word_1_264' title='bbox 553 3279 587 3330; x_wconf 94' lang='lat' dir='ltr'><strong>ut</strong></span> <span class='ocrx_word' id='word_1_265' title='bbox 598 3270 689 3341; x_wconf 86' lang='lat' dir='ltr'><strong>arunt</strong></span> <span class='ocrx_word' id='word_1_266' title='bbox 698 3290 729 3328; x_wconf 91' lang='grc' dir='ltr'><strong>ιιι</strong></span> <span class='ocrx_word' id='word_1_267' title='bbox 739 3290 803 3345; x_wconf 80' lang='lat' dir='ltr'><strong>cJus</strong></span> <span class='ocrx_word' id='word_1_268' title='bbox 812 3267 987 3329; x_wconf 78' lang='lat' dir='ltr'><strong>sententiam</strong></span> <span class='ocrx_word' id='word_1_269' title='bbox 997 3270 1182 3346; x_wconf 88' lang='lat' dir='ltr'><strong>rturressent</strong></span> <span class='ocrx_word' id='word_1_270' title='bbox 1193 3295 1240 3337; x_wconf 90' lang='lat' dir='ltr'><strong>se·</strong></span> 
     </span>
    </p>

    <p class='ocr_par' dir='ltr' id='par_1_8' title="bbox 95 3361 1325 4568">
     <span class='ocr_line' id='line_1_33' title="bbox 129 3361 1240 3441; baseline 0.006 -19.038"><span class='ocrx_word' id='word_1_271' title='bbox 129 3380 210 3425; x_wconf 88' lang='lat' dir='ltr'><strong>num</strong></span> <span class='ocrx_word' id='word_1_272' title='bbox 218 3361 337 3439; x_wconf 81' lang='lat' dir='ltr'><strong>quidam</strong></span> <span class='ocrx_word' id='word_1_273' title='bbox 348 3361 466 3441; x_wconf 86' lang='lat' dir='ltr'><strong>produt</strong></span> <span class='ocrx_word' id='word_1_274' title='bbox 477 3381 552 3441; x_wconf 88' lang='lat' dir='ltr'><strong>quos</strong></span> <span class='ocrx_word' id='word_1_275' title='bbox 562 3361 604 3420; x_wconf 89' lang='grc' dir='ltr'>ιιιι</span> <span class='ocrx_word' id='word_1_276' title='bbox 613 3374 642 3421; x_wconf 86' lang='lat' dir='ltr'><strong>et</strong></span> <span class='ocrx_word' id='word_1_277' title='bbox 652 3372 800 3435; x_wconf 86' lang='lat' dir='ltr'><strong>verentur</strong></span> <span class='ocrx_word' id='word_1_278' title='bbox 810 3372 841 3422; x_wconf 86' lang='lat' dir='ltr'><strong>ct</strong></span> <span class='ocrx_word' id='word_1_279' title='bbox 848 3371 997 3421; x_wconf 88' lang='lat' dir='ltr'><strong>metuunt</strong></span> <span class='ocrx_word' id='word_1_280' title='bbox 1008 3373 1055 3423; x_wconf 88' lang='lat' dir='ltr'><strong>est</strong></span> <span class='ocrx_word' id='word_1_281' title='bbox 1064 3383 1142 3423; x_wconf 89' lang='lat' dir='ltr'><strong>emm</strong></span> <span class='ocrx_word' id='word_1_282' title='bbox 1151 3369 1240 3430; x_wconf 89' lang='lat' dir='ltr'><strong>moris</strong></span> 
     </span>
     <span class='ocr_line' id='line_1_34' title="bbox 128 3443 1240 3533; baseline 0.004 -16"><span class='ocrx_word' id='word_1_283' title='bbox 128 3473 251 3525; x_wconf 83' lang='lat' dir='ltr'><strong>eorum,</strong></span> <span class='ocrx_word' id='word_1_284' title='bbox 264 3474 411 3513; x_wconf 88' lang='lat' dir='ltr'><strong>summurn</strong></span> <span class='ocrx_word' id='word_1_285' title='bbox 424 3455 637 3533; x_wconf 85' lang='lat' dir='ltr'><strong>magistratum,</strong></span> <span class='ocrx_word' id='word_1_286' title='bbox 650 3454 726 3515; x_wconf 85' lang='lat' dir='ltr'><strong>illius</strong></span> <span class='ocrx_word' id='word_1_287' title='bbox 739 3454 836 3514; x_wconf 86' lang='lat' dir='ltr'><strong>aetatis</strong></span> <span class='ocrx_word' id='word_1_288' title='bbox 852 3465 1049 3533; x_wconf 85' lang='lat' dir='ltr'><strong>cognomento</strong></span> <span class='ocrx_word' id='word_1_289' title='bbox 1067 3443 1240 3524; x_wconf 82' lang='lat' dir='ltr'><strong>honestare:</strong></span> 
     </span>
     <span class='ocr_line' id='line_1_35' title="bbox 135 3546 1241 3627; baseline 0.003 -18"><span class='ocrx_word' id='word_1_290' title='bbox 135 3547 310 3626; x_wconf 82' lang='lat' dir='ltr'><strong>deliguntur</strong></span> <span class='ocrx_word' id='word_1_291' title='bbox 323 3555 422 3606; x_wconf 88' lang='lat' dir='ltr'><strong>autem</strong></span> <span class='ocrx_word' id='word_1_292' title='bbox 436 3546 580 3620; x_wconf 88' lang='lat' dir='ltr'><strong>homines,</strong></span> <span class='ocrx_word' id='word_1_293' title='bbox 592 3546 643 3626; x_wconf 91' lang='lat' dir='ltr'><strong>qui</strong></span> <span class='ocrx_word' id='word_1_294' title='bbox 657 3566 676 3607; x_wconf 91' lang='lat' dir='ltr'><strong>a</strong></span> <span class='ocrx_word' id='word_1_295' title='bbox 688 3548 814 3627; x_wconf 87' lang='lat' dir='ltr'><strong>pueritia</strong></span> <span class='ocrx_word' id='word_1_296' title='bbox 826 3566 920 3627; x_wconf 83' lang='lat' dir='ltr'><strong>usqua</strong></span> <span class='ocrx_word' id='word_1_297' title='bbox 934 3546 973 3607; x_wconf 87' lang='lat' dir='ltr'><strong>ad</strong></span> <span class='ocrx_word' id='word_1_298' title='bbox 984 3558 1164 3611; x_wconf 88' lang='lat' dir='ltr'><strong>senectutem</strong></span> <span class='ocrx_word' id='word_1_299' title='bbox 1179 3572 1241 3613; x_wconf 91' lang='lat' dir='ltr'><strong>mo·</strong></span> 
     </span>
     <span class='ocr_line' id='line_1_36' title="bbox 136 3638 1242 3726; baseline 0.004 -25"><span class='ocrx_word' id='word_1_300' title='bbox 136 3640 390 3701; x_wconf 64' lang='lat' dir='ltr'><strong>deseruerunt:</strong></span> <span class='ocrx_word' id='word_1_301' title='bbox 410 3638 515 3698; x_wconf 89' lang='lat' dir='ltr'><strong>horum</strong></span> <span class='ocrx_word' id='word_1_302' title='bbox 530 3638 618 3720; x_wconf 84' lang='lat' dir='ltr'><strong>igitur</strong></span> <span class='ocrx_word' id='word_1_303' title='bbox 630 3660 706 3701; x_wconf 87' lang='lat' dir='ltr'><strong>unus</strong></span> <span class='ocrx_word' id='word_1_304' title='bbox 714 3640 857 3721; x_wconf 89' lang='lat' dir='ltr'><strong>prodiisse</strong></span> <span class='ocrx_word' id='word_1_305' title='bbox 869 3638 972 3711; x_wconf 77' lang='lat' dir='ltr'><strong>fertur,</strong></span> <span class='ocrx_word' id='word_1_306' title='bbox 987 3652 1018 3701; x_wconf 89' lang='lat' dir='ltr'><strong>et</strong></span> <span class='ocrx_word' id='word_1_307' title='bbox 1029 3642 1133 3703; x_wconf 86' lang='lat' dir='ltr'><strong>acriter</strong></span> <span class='ocrx_word' id='word_1_308' title='bbox 1144 3638 1242 3726; x_wconf 87' lang='lat' dir='ltr'><strong>objur-</strong></span> 
     </span>
     <span class='ocr_line' id='line_1_37' title="bbox 95 3730 1243 3817; baseline 0.008 -25"><span class='ocrx_word' id='word_1_309' title='bbox 95 3736 96 3743; x_wconf 76' lang='grc'>’</span> <span class='ocrx_word' id='word_1_310' title='bbox 135 3730 226 3815; x_wconf 72' lang='lat' dir='ltr'><strong>gesse</strong></span> <span class='ocrx_word' id='word_1_311' title='bbox 241 3731 494 3805; x_wconf 77' lang='lat' dir='ltr'><strong>Lacedaemonios,</strong></span> <span class='ocrx_word' id='word_1_312' title='bbox 514 3752 550 3792; x_wconf 86' lang='lat' dir='ltr'><strong>ac</strong></span> <span class='ocrx_word' id='word_1_313' title='bbox 565 3733 622 3793; x_wconf 87' lang='lat' dir='ltr'><strong>tale</strong></span> <span class='ocrx_word' id='word_1_314' title='bbox 636 3734 787 3813; x_wconf 86' lang='lat' dir='ltr'><strong>quoddam</strong></span> <span class='ocrx_word' id='word_1_315' title='bbox 801 3736 831 3795; x_wconf 89' lang='lat' dir='ltr'><strong>in</strong></span> <span class='ocrx_word' id='word_1_316' title='bbox 854 3752 906 3794; x_wconf 88' lang='lat' dir='ltr'><strong>eos</strong></span> <span class='ocrx_word' id='word_1_317' title='bbox 926 3732 1114 3793; x_wconf 88' lang='lat' dir='ltr'><strong>maledictum</strong></span> <span class='ocrx_word' id='word_1_318' title='bbox 1121 3733 1243 3817; x_wconf 88' lang='lat' dir='ltr'><strong>jecisse,</strong></span> 
     </span>
     <span class='ocr_line' id='line_1_38' title="bbox 127 3824 1244 3903; baseline 0.004 -16"><span class='ocrx_word' id='word_1_319' title='bbox 127 3844 199 3887; x_wconf 86' lang='lat' dir='ltr'><strong>-non</strong></span> <span class='ocrx_word' id='word_1_320' title='bbox 213 3824 265 3884; x_wconf 89' lang='lat' dir='ltr'><strong>diu</strong></span> <span class='ocrx_word' id='word_1_321' title='bbox 280 3825 416 3903; x_wconf 86' lang='lat' dir='ltr'><strong>Spartam</strong></span> <span class='ocrx_word' id='word_1_322' title='bbox 430 3824 493 3885; x_wconf 81' lang='lat' dir='ltr'><strong>fore</strong></span> <span class='ocrx_word' id='word_1_323' title='bbox 507 3827 544 3885; x_wconf 89' lang='lat' dir='ltr'><strong>ab</strong></span> <span class='ocrx_word' id='word_1_324' title='bbox 559 3825 656 3885; x_wconf 81' lang='lat' dir='ltr'><strong>hostili</strong></span> <span class='ocrx_word' id='word_1_325' title='bbox 669 3826 808 3887; x_wconf 85' lang='lat' dir='ltr'><strong>violentia</strong></span> <span class='ocrx_word' id='word_1_326' title='bbox 824 3826 1001 3885; x_wconf 90' lang='lat' dir='ltr'><strong>incolumem</strong></span> <span class='ocrx_word' id='word_1_327' title='bbox 1012 3840 1025 3885; x_wconf 85' lang='lat'><strong>:&#39;</strong></span> <span class='ocrx_word' id='word_1_328' title='bbox 1042 3827 1068 3887; x_wconf 87' lang='lat' dir='ltr'><strong>si</strong></span> <span class='ocrx_word' id='word_1_329' title='bbox 1086 3830 1194 3901; x_wconf 82' lang='lat' dir='ltr'><strong>talibus</strong></span> <span class='ocrx_word' id='word_1_330' title='bbox 1213 3834 1244 3891; x_wconf 89' lang='lat' dir='ltr'><strong>in</strong></span> 
     </span>
     <span class='ocr_line' id='line_1_39' title="bbox 134 3916 1243 3999; baseline 0 -16"><span class='ocrx_word' id='word_1_331' title='bbox 134 3920 284 3984; x_wconf 89' lang='lat' dir='ltr'><strong>concione</strong></span> <span class='ocrx_word' id='word_1_332' title='bbox 304 3920 474 3982; x_wconf 85' lang='lat' dir='ltr'><strong>suasoribus</strong></span> <span class='ocrx_word' id='word_1_333' title='bbox 491 3929 650 3979; x_wconf 78' lang='lat' dir='ltr'><strong>uterentur.</strong></span> <span class='ocrx_word' id='word_1_334' title='bbox 685 3920 855 3998; x_wconf 83' lang='lat' dir='ltr'><strong>Eademque</strong></span> <span class='ocrx_word' id='word_1_335' title='bbox 870 3938 961 3999; x_wconf 84' lang='lat' dir='ltr'><strong>opera</strong></span> <span class='ocrx_word' id='word_1_336' title='bbox 979 3922 1140 3983; x_wconf 84' lang='lat' dir='ltr'><strong>accersisse</strong></span> <span class='ocrx_word' id='word_1_337' title='bbox 1154 3916 1243 3983; x_wconf 79' lang='lat' dir='ltr'><strong>alium</strong></span> 
     </span>
     <span class='ocr_line' id='line_1_40' title="bbox 135 4007 1325 4095; baseline -0.004 -22"><span class='ocrx_word' id='word_1_338' title='bbox 135 4012 288 4095; x_wconf 86' lang='lat' dir='ltr'><strong>quendam</strong></span> <span class='ocrx_word' id='word_1_339' title='bbox 311 4012 577 4084; x_wconf 80' lang='lat' dir='ltr'><strong>Lacedaemonium,</strong></span> <span class='ocrx_word' id='word_1_340' title='bbox 598 4012 692 4071; x_wconf 87' lang='lat' dir='ltr'><strong>virum</strong></span> <span class='ocrx_word' id='word_1_341' title='bbox 712 4012 793 4071; x_wconf 84' lang='lat' dir='ltr'><strong>haud</strong></span> <span class='ocrx_word' id='word_1_342' title='bbox 813 4032 895 4072; x_wconf 89' lang='lat' dir='ltr'><strong>sane·</strong></span> <span class='ocrx_word' id='word_1_343' title='bbox 907 4007 1064 4087; x_wconf 81' lang='lat' dir='ltr'><strong>disertum,</strong></span> <span class='ocrx_word' id='word_1_344' title='bbox 1082 4016 1135 4074; x_wconf 90' lang='lat' dir='ltr'><strong>sed</strong></span> <span class='ocrx_word' id='word_1_345' title='bbox 1155 4016 1243 4075; x_wconf 85' lang='lat' dir='ltr'><strong>rebus</strong></span> <span class='ocrx_word' id='word_1_346' title='bbox 1323 4063 1325 4068; x_wconf 91' lang='lat'><em>.</em></span> 
     </span>
     <span class='ocr_line' id='line_1_41' title="bbox 135 4104 1244 4187; baseline 0.001 -21"><span class='ocrx_word' id='word_1_347' title='bbox 135 4106 219 4170; x_wconf 87' lang='lat' dir='ltr'><strong>bello</strong></span> <span class='ocrx_word' id='word_1_348' title='bbox 239 4104 507 4185; x_wconf 49' lang='lat' dir='ltr'><strong>gestienillustrcm,</strong></span> <span class='ocrx_word' id='word_1_349' title='bbox 523 4105 697 4186; x_wconf 86' lang='lat' dir='ltr'><strong>justitiaque</strong></span> <span class='ocrx_word' id='word_1_350' title='bbox 718 4116 750 4165; x_wconf 85' lang='lat' dir='ltr'><strong>et</strong></span> <span class='ocrx_word' id='word_1_351' title='bbox 771 4106 953 4165; x_wconf 85' lang='lat' dir='ltr'><strong>continentia</strong></span> <span class='ocrx_word' id='word_1_352' title='bbox 977 4118 1183 4187; x_wconf 80' lang='lat' dir='ltr'><strong>praestantem:</strong></span> <span class='ocrx_word' id='word_1_353' title='bbox 1207 4126 1244 4167; x_wconf 92' lang='lat' dir='ltr'><strong>ac</strong></span> 
     </span>
     <span class='ocr_line' id='line_1_42' title="bbox 130 4190 1243 4284; baseline -0.003 -23"><span class='ocrx_word' id='word_1_354' title='bbox 130 4194 272 4284; x_wconf 86' lang='lat' dir='ltr'><strong>jussisse,</strong></span> <span class='ocrx_word' id='word_1_355' title='bbox 286 4208 320 4258; x_wconf 92' lang='lat' dir='ltr'><strong>ut</strong></span> <span class='ocrx_word' id='word_1_356' title='bbox 343 4190 463 4259; x_wconf 84' lang='lat' dir='ltr'><strong>easdem</strong></span> <span class='ocrx_word' id='word_1_357' title='bbox 476 4198 643 4265; x_wconf 84' lang='lat' dir='ltr'><strong>sententias,</strong></span> <span class='ocrx_word' id='word_1_358' title='bbox 662 4218 735 4277; x_wconf 85' lang='lat' dir='ltr'><strong>quas</strong></span> <span class='ocrx_word' id='word_1_359' title='bbox 756 4195 839 4277; x_wconf 84' lang='lat' dir='ltr'><strong>prior</strong></span> <span class='ocrx_word' id='word_1_360' title='bbox 852 4198 901 4259; x_wconf 84' lang='lat' dir='ltr'><strong>ilie</strong></span> <span class='ocrx_word' id='word_1_361' title='bbox 922 4210 1020 4259; x_wconf 86' lang='lat' dir='ltr'><strong>orator</strong></span> <span class='ocrx_word' id='word_1_362' title='bbox 1038 4199 1168 4266; x_wconf 83' lang='lat' dir='ltr'><strong>dixisset,</strong></span> <span class='ocrx_word' id='word_1_363' title='bbox 1189 4218 1243 4277; x_wconf 91' lang='lat' dir='ltr'><strong>pro</strong></span> 
     </span>
     <span class='ocr_line' id='line_1_43' title="bbox 126 4290 1245 4371; baseline -0.004 -15"><span class='ocrx_word' id='word_1_364' title='bbox 126 4312 194 4356; x_wconf 79' lang='lat' dir='ltr'><strong>sua</strong></span> <span class='ocrx_word' id='word_1_365' title='bbox 206 4290 280 4351; x_wconf 76' lang='lat' dir='ltr'><strong>virili</strong></span> <span class='ocrx_word' id='word_1_366' title='bbox 294 4301 445 4369; x_wconf 82' lang='lat' dir='ltr'><strong>utcunque</strong></span> <span class='ocrx_word' id='word_1_367' title='bbox 459 4299 623 4371; x_wconf 86' lang='lat' dir='ltr'><strong>repeteret:</strong></span> <span class='ocrx_word' id='word_1_368' title='bbox 646 4301 688 4364; x_wconf 91' lang='lat' dir='ltr'><strong>ut,</strong></span> <span class='ocrx_word' id='word_1_369' title='bbox 701 4290 1037 4370; x_wconf 79' lang='lat' dir='ltr'><strong>inqu&#39;it‚&#39;Lacedrcmonii</strong></span> <span class='ocrx_word' id='word_1_370' title='bbox 1046 4291 1088 4349; x_wconf 84' lang='lat' dir='ltr'><strong>&#39;de</strong></span> <span class='ocrx_word' id='word_1_371' title='bbox 1108 4290 1160 4348; x_wconf 90' lang='lat' dir='ltr'><strong>viri</strong></span> <span class='ocrx_word' id='word_1_372' title='bbox 1174 4292 1245 4352; x_wconf 89' lang='lat' dir='ltr'><strong>boni</strong></span> 
     </span>
     <span class='ocr_line' id='line_1_44' title="bbox 127 4384 1245 4465; baseline -0.004 -15"><span class='ocrx_word' id='word_1_373' title='bbox 127 4384 286 4451; x_wconf 84' lang='lat' dir='ltr'><strong>sententia</strong></span> <span class='ocrx_word' id='word_1_374' title='bbox 297 4386 472 4457; x_wconf 85' lang='lat' dir='ltr'><strong>decernant,</strong></span> <span class='ocrx_word' id='word_1_375' title='bbox 486 4385 660 4465; x_wconf 82' lang='lat' dir='ltr'><strong>ignavorum</strong></span> <span class='ocrx_word' id='word_1_376' title='bbox 675 4394 773 4445; x_wconf 84' lang='lat' dir='ltr'><strong>autem</strong></span> <span class='ocrx_word' id='word_1_377' title='bbox 788 4397 876 4465; x_wconf 83' lang='lat' dir='ltr'><strong>atque</strong></span> <span class='ocrx_word' id='word_1_378' title='bbox 886 4387 1084 4465; x_wconf 89' lang='lat' dir='ltr'><strong>improborum</strong></span> <span class='ocrx_word' id='word_1_379' title='bbox 1095 4384 1245 4445; x_wconf 81' lang='lat' dir='ltr'><strong>hominnm</strong></span> 
     </span>
     <span class='ocr_line' id='line_1_45' title="bbox 137 4476 1246 4568; baseline -0.001 -26"><span class='ocrx_word' id='word_1_380' title='bbox 137 4500 178 4542; x_wconf 83' lang='lat' dir='ltr'><strong>ne</strong></span> <span class='ocrx_word' id='word_1_381' title='bbox 191 4498 295 4568; x_wconf 78' lang='lat' dir='ltr'><strong>vocem</strong></span> <span class='ocrx_word' id='word_1_382' title='bbox 307 4478 426 4558; x_wconf 84' lang='lat' dir='ltr'><strong>quidem</strong></span> <span class='ocrx_word' id='word_1_383' title='bbox 440 4478 560 4541; x_wconf 88' lang='lat' dir='ltr'><strong>auribus</strong></span> <span class='ocrx_word' id='word_1_384' title='bbox 574 4477 740 4539; x_wconf 82' lang='lat' dir='ltr'><strong>admittent.</strong></span> <span class='ocrx_word' id='word_1_385' title='bbox 769 4479 845 4539; x_wconf 75' lang='lat' dir='ltr'><strong>Haec</strong></span> <span class='ocrx_word' id='word_1_386' title='bbox 860 4498 951 4559; x_wconf 73' lang='lat' dir='ltr'><strong>senex</strong></span> <span class='ocrx_word' id='word_1_387' title='bbox 965 4476 1023 4546; x_wconf 85' lang='lat' dir='ltr'><strong>ille,</strong></span> <span class='ocrx_word' id='word_1_388' title='bbox 1039 4486 1159 4556; x_wconf 87' lang='lat' dir='ltr'><strong>apuer&#39;o</strong></span> <span class='ocrx_word' id='word_1_389' title='bbox 1172 4488 1246 4541; x_wconf 85' lang='lat' dir='ltr'><strong>tem·</strong></span> 
     </span>
    </p>

    <p class='ocr_par' dir='ltr' id='par_1_9' title="bbox 653 4569 712 4629">
     <span class='ocr_line' id='line_1_46' title="bbox 653 4569 712 4629; baseline 0 0"><span class='ocrx_word' id='word_1_390' title='bbox 653 4569 670 4601; x_wconf 76' lang='lat'><strong>⁴*</strong></span> <span class='ocrx_word' id='word_1_391' title='bbox 695 4591 712 4629; x_wconf 85' lang='lat' dir='ltr'><strong>r</strong></span> 
     </span>
    </p>
   </div>
   <div class='ocr_carea' id='block_1_5' title="bbox 0 0 1507 4950">
    <p class='ocr_par' dir='ltr' id='par_1_10' title="bbox 0 0 1507 4950">
     <span class='ocr_line' id='line_1_47' title="bbox 0 0 1507 4950; baseline 0 0"><span class='ocrx_word' id='word_1_392' title='bbox 0 0 1507 4950; x_wconf 95' lang='lat' dir='ltr'><strong> </strong></span> 
     </span>
    </p>
   </div>
  </div>
 </body>
</html>
