2967 4950
426 330 643 422 inversus
665 332 973 397 nnncnurerunr.
1008 331 1031 431 J
1182 341 1242 401 oro

647 500 736 560 nux.

178 624 316 673 Deisnctnsn
325 622 389 675 intus
400 634 544 690 proponunto
556 645 599 677 sno
609 628 737 678 erbitretn:
754 628 860 677 cederes
865 636 941 678 entem
952 628 1067 692 postridie
1077 645 1143 692 quern
1152 644 1242 693 propo*

143 702 240 759 suerint,
250 708 306 749 ente
318 700 374 751 esus
384 711 498 762 exortunr,
511 706 631 753 efferente.
649 705 701 753 Viri
712 704 949 753 consedentium
959 707 1121 770 utwsdnnto,
1130 708 1239 756 rnniieres

142 792 205 841 pose
215 786 351 842 sequatur.
386 781 480 830 Mulieri
492 790 567 831 autern
579 784 643 834 neiss
655 790 705 831 ests
716 783 740 829 in
750 784 810 829 bone
819 782 924 833 deieneti
935 781 1027 844 ingredi
1034 798 1043 841 ;
1060 782 1163 845 reaque
1173 782 1242 845 sequi
1322 817 1327 829 .

145 854 254 913 mesen,
266 870 319 905 cunr
334 856 360 904 in
372 864 517 907 nnouunrents
527 859 627 915 ducitur,
638 858 705 907 eneis
717 857 842 920 ssxsgisss
850 858 944 918 minori,
958 860 988 908 iis
999 860 1103 922 exceptis
1119 876 1170 922 qun
1179 860 1241 914 intre

143 932 250 979 sobrinus
262 940 327 981 eunt:
347 948 390 981 neo
406 933 430 981 in
449 936 507 982 bons
526 935 629 983 defuncti
645 935 799 997 ingrediatur,
816 942 938 998 postquem
953 937 1040 984 eretum
1050 937 1151 986 oederer
1162 935 1240 990 inerit,

144 1008 230 1056 mulier
240 1010 296 1066 ulis,
303 1008 332 1058 iis
343 1010 512 1073 exceptisque
522 1010 582 1059 intre
594 1010 697 1060 sobrinus
706 1018 767 1060 suut.

147 1121 218 1181 Non
244 1124 313 1184 sinit
331 1124 456 1201 ingredi,
477 1144 536 1201 quo
553 1125 583 1181 in
604 1125 672 1185 loco
693 1126 819 1187 cadaver
842 1120 1150 1200 inneneuuendiun
1172 1148 1238 1189 mu-

140 1214 242 1275 lierem
269 1214 326 1275 nisi
352 1225 493 1296 cognatos
520 1236 612 1294 usque
640 1218 679 1278 ad
707 1218 915 1295 sobrinitatem,
942 1230 974 1281 et
999 1220 1039 1279 od
1069 1221 1237 1301 sepulcrum

141 1326 236 1386 nsque
257 1308 393 1377 ,comitari
419 1308 539 1369 eosdem
563 1310 640 1371 sinit.
681 1312 750 1371 Jom
773 1312 976 1397 Phylomcche
998 1313 1167 1376 Polemonis
1187 1335 1236 1380 soz

140 1418 197 1472 ror,
225 1401 316 1481 petris
340 1402 478 1481 Hsgnioe,
507 1421 567 1462 non
598 1406 777 1465 consobrina
801 1406 859 1465 fuit
886 1405 1023 1485 Hagnioe,
1049 1405 1102 1467 sed
1129 1406 1238 1477 emitur

141 1510 223 1553 soror
242 1493 320 1554 eninr
342 1493 399 1555 fuis
421 1494 587 1555 Polemonis
614 1498 705 1576 petris
729 1497 877 1577 Hagnioe:
898 1497 1059 1559 Eubulides
1082 1507 1180 1561 eutem
1200 1500 1236 1559 fi·

137 1584 192 1645 iius
206 1585 272 1665 ejus
284 1585 412 1647 mulieris
426 1588 515 1649 irater
525 1590 665 1667 patruelis
680 1589 735 1649 fuit
749 1591 886 1670 Hagniae,
896 1595 979 1667 cujus
998 1602 1044 1651 est
1064 1590 1237 1653 hareditas:

140 1675 297 1739 Eubulidae
309 1700 396 1760 porro
409 1680 469 1741 filis
482 1680 538 1741 ruit
550 1682 638 1760 hujus
652 1683 734 1762 pueri
747 1693 851 1745 motor.
887 1684 1037 1765 Cognatas
1050 1684 1141 1745 hasce
1149 1685 1236 1762 jubet

138 1778 168 1832 et
181 1771 288 1862 edesse
302 1772 492 1853 propositioni
505 1774 636 1835 defuncti
653 1783 683 1835 et
699 1775 737 1835 ad
757 1775 922 1857 sepulcrum
937 1776 1079 1850 comitari,
1091 1796 1154 1837 nou
1166 1778 1235 1837 Ma·

138 1866 242 1927 wenti
262 1874 395 1937 matrem,
408 1885 504 1945 neque
526 1866 706 1947 Theopompi
723 1887 856 1928 uxorem.
895 1868 999 1947 Neque
1026 1868 1103 1928 enim
1128 1887 1235 1949 cogne-

137 1966 176 2017 tsn
189 1958 255 2019 ister
275 1968 345 2019 sunt
362 1958 507 2039 Hagnioe:
529 1958 582 2019 sed
594 1957 713 2019 fuerunt
726 1978 765 2019 ex
782 1960 841 2020 aiio
858 1960 935 2019 tribu
955 1960 1139 2036 Acamantiu,
1152 1972 1183 2021 et
1197 1981 1235 2023 ex

136 2050 192 2113 elio
211 2052 369 2133 municipio
391 2050 565 2132 Prospaltio,
584 2051 659 2113 odeo
678 2053 722 2113 uti
755 2070 875 2131 prorsus
898 2071 956 2111 non
973 2051 1238 2115 ¹animadverterint

138 2142 315 2207 defuncturo
332 2164 397 2209 esee
418 2144 575 2224 Hagniem.
617 2144 694 2203 Rern
715 2144 803 2223 igitur
824 2144 873 2203 isti
893 2164 981 2226 supro
1001 2144 1119 2206 modum
1137 2146 1234 2227 impu·

137 2237 257 2298 dentem
267 2236 435 2308 moliuntur,
445 2238 470 2297 si
482 2238 514 2297 iu
525 2256 561 2297 en
574 2236 710 2316 opinione
724 2247 795 2297 sunt
806 2238 970 2317 oportuisse
981 2258 1036 2298 nos
1049 2247 1080 2299 et
1093 2236 1233 2300 mulieres

137 2339 253 2390 nostros
275 2328 426 2389 caderetis
439 2329 574 2408 Hagnise,
594 2347 661 2388 curn
684 2327 815 2401 obiisset,
824 2328 962 2390 heoredes
981 2349 1057 2404 esse,
1071 2338 1102 2391 et
1122 2329 1234 2409 persol-

136 2438 205 2483 vere
218 2421 318 2482 omnin
336 2420 427 2502 justa,
442 2430 475 2482 ut
497 2429 639 2499 cognatos
660 2429 690 2482 et
712 2438 819 2502 genere
840 2422 1004 2501 proximos:
1032 2422 1233 2483 hoereditatem

136 2527 234 2578 autem
259 2515 393 2584 defuncti
416 2515 543 2596 Hagniae
569 2525 668 2578 tenere
692 2516 909 2585 Macortntum3
943 2517 994 2596 qui
1017 2527 1064 2577 est
1086 2517 1233 2583 einruilia

136 2609 248 2680 Stretii,
261 2617 293 2668 et
305 2608 515 2688 ex'Apoiexide
526 2607 681 2688 Prospeltii
695 2608 764 2682 filia,
778 2609 935 2670 Mocortoti
948 2629 1056 2670 sorore.
1099 2609 1160 2670 Sed
1172 2610 1232 2672 hoo

135 2720 231 2780 neque
247 2701 372 2780 justum,
386 2719 482 2780 neque
499 2700 544 2761 ies
560 2711 616 2773 est,
635 2701 767 2762 indices.
810 2702 888 2781 Lege
900 2694 971 2761 mihi
990 2703 1041 2763 ilis
1058 2722 1096 2764 ex
1113 2703 1232 2766 oraculo

135 2791 281 2874 Apollinis
297 2791 453 2870 Delphico,
464 2804 498 2853 ut
510 2793 690 2872 intelligatis,
711 2789 781 2854 eum
799 2794 903 2856 endem
921 2795 1020 2857 dicere
1038 2795 1077 2856 de
1098 2795 1230 2874 cognatis

81 2883 90 2896 “
133 2905 202 2966 quse
215 2885 331 2966 legibus
341 2885 457 2947 Solonis
470 2885 665 2949 continentur.

557 3037 799 3103 ORACULUM.

170 3169 243 3227 Quod
254 3169 308 3218 reris
318 3171 464 3231 feustnrnqne
473 3169 512 3227 eit,
522 3170 604 3232 querit
612 3170 712 3234 populus
720 3167 868 3217 Atheniensis
876 3168 908 3215 de
918 3173 1009 3215 ostento
1016 3168 1079 3229 quod
1089 3166 1112 3214 in
1123 3167 1230 3229 culosp·

134 3245 226 3310 pessis,
237 3246 344 3307 quidum
353 3247 468 3308 egendum
477 3247 510 3294 sit
519 3246 708 3302 Atheniensihue,
718 3252 759 3292 'sut
769 3245 807 3291 cni
818 3244 863 3290 deo
875 3244 1048 3292 seeriicendunr
1058 3253 1099 3292 sut
1108 3251 1164 3293 vois
1173 3260 1230 3293 nnn·

133 3325 250 3386 oupsnds,
261 3331 286 3371 nt
297 3325 387 3371 inustus
398 3323 429 3370 sit
439 3324 524 3370 ostenti
535 3331 638 3372 eventus.
671 3323 774 3370 Prodest
784 3321 963 3368 Atheniensibus
978 3323 1009 3369 de
1028 3327 1119 3370 ostento
1129 3322 1190 3383 quod
1205 3323 1232 3372 irs

135 3403 197 3452 eoeio
208 3399 327 3464 sppsruit,
340 3398 489 3448 secrifiosndo
499 3400 567 3447 litere
578 3397 634 3448 Jovi
646 3415 744 3456 surnnro,
755 3398 868 3445 Minervoe
880 3413 986 3455 summio,
1001 3398 1109 3457 Herculi,
1124 3394 1231 3462 Apoiiipi

135 3478 250 3528 sereniori
256 3496 264 3538 ;
280 3484 304 3525 et
314 3473 406 3524 mittere
418 3477 447 3523 sd
457 3476 642 3541 Amphictyones
655 3477 685 3524 de
696 3477 787 3524 fortune
796 3475 863 3522 bons.
891 3475 994 3538 Apollini
1005 3475 1174 3537 compitalitio,
1185 3477 1231 3524 Iss-

134 3555 308 3613 sone,1›isnae‚
320 3560 344 3602 st
361 3553 463 3616 compito
481 3553 566 3610 suffire,
577 3565 602 3601 et
612 3559 713 3601 oreterss
728 3557 831 3600 etstnerc
843 3559 868 3599 et
879 3553 977 3613 seltere;
995 3557 1020 3599 et
1033 3566 1130 3600 corones
1140 3559 1233 3615 gesture

132 3632 211 3698 petrio
223 3629 330 3688 ritn,diis
342 3627 473 3692 deabusque
481 3629 597 3692 Olympiis
610 3630 725 3686 omnibns,
737 3629 829 3677 dextris
840 3627 984 3691 sinistrisque
994 3628 1089 3677 sublatio
1099 3627 1232 3678 meminisse

132 3709 305 3765 munificentia,
315 3705 392 3770 petrio
399 3707 445 3754 ritu
454 3707 518 3755 heroi
523 3707 634 3770 principi,¹
639 3723 653 3755 e
662 3722 707 3770 quo
715 3705 870 3769 cognominsti
877 3705 943 3762 estis,
950 3721 1016 3753 soors
1025 3705 1100 3753 iecere
1107 3713 1232 3754 ermenero

133 3787 229 3844 offerre,
240 3791 265 3833 et
278 3784 405 3848 pereotsiis
415 3783 530 3832 defunctis
539 3783 645 3848 prsestnri
656 3782 722 3831 stetis
731 3781 815 3830 diebus
826 3782 955 3843 coopertis
966 3783 1092 3830 secundun
1101 3780 1215 3830 institute.

132 3899 263 3973 Auditis,
277 3897 409 3971 Judiees,
423 3896 528 3958 eedem
549 3896 629 3976 loqui
653 3895 793 3957 Solonem
814 3896 846 3954 in
868 3895 1075 3973 legibus,un
1094 3894 1184 3956 deum
1200 3895 1231 3954 in

133 3992 265 4064 oraculo,
274 3992 426 4071 jubentem
438 4000 473 4050 ut
494 3989 637 4050 defunctis
651 3988 770 4068 cognati
789 3988 871 4049 etatis
887 3988 990 4048 diebus
1010 3987 1129 4048 inferias
1148 3988 1231 4048 dent.

132 4086 175 4146 At
194 4084 268 4144 nihil
285 4085 391 4146 horum·
410 4101 489 4144 curre
509 4083 567 4144 fuit
581 4083 783 4162 Theopompo,
795 4091 848 4142 unt
868 4081 1053 4142 Macartnto:
1083 4079 1138 4142 sed
1158 4077 1231 4138 iilud

134 4179 292 4249 duntaxat,
306 4186 341 4237 ut
353 4197 390 4238 ee
401 4186 536 4240 tenerent
548 4196 615 4255 queo
628 4173 668 4236 od
681 4193 733 4236 eos
747 4193 807 4236 uon
820 4175 1008 4256 pertinerent,
1021 4183 1053 4233 et
1060 4179 1230 4252 queruntur,

131 4269 189 4330 sihi
201 4289 283 4330 nuno
294 4269 405 4330 moueri
419 4267 647 4332 controversiam
657 4266 695 4328 de
708 4265 888 4341 haereditare,
901 4285 988 4346 quam
998 4265 1088 4344 longo
1101 4272 1232 4340 tempore
1284 4333 1289 4342 ,

133 4373 300 4436 tenuerunt.
342 4363 407 4443 Ego
422 4371 500 4422 uero
521 4361 564 4423 sic
587 4359 723 4432 existimo
744 4359 912 4433 convenire,
925 4356 1057 4429 Judices,
1078 4363 1111 4416 ut
1131 4354 1157 4414 io
1180 4352 1232 4432 qui

132 4456 231 4520 eliens
249 4456 358 4536 injuste
371 4457 466 4518 tenuit
479 4475 538 4518 nou
553 4463 693 4536 queratur
705 4473 736 4514 se
752 4472 787 4516 es
800 4452 909 4514 diutius
927 4449 1077 4511 tenuisse:
1098 4446 1151 4510 sed
1165 4463 1232 4528 gra·
