2967 4950
468 333 656 416 tronum
677 323 944 416 conmonuit.
1185 321 1240 414 tn

671 584 764 648 tlte·
818 623 823 630 ·

194 703 227 765 Si
246 702 338 775 scitis,
353 701 558 772 Athenienses,
579 701 649 781 quid
672 701 710 764 de
733 703 822 763 rebus
844 702 908 762 istis
929 702 1010 762 lactu
1033 701 1072 762 sit
1092 701 1245 783 optimum,

148 806 310 878 peccatum
326 803 371 856 est
384 814 435 878 eas
449 795 487 854 ad
502 793 723 855 deliberandum
736 814 898 875 proponere
911 815 919 854 r
934 813 1001 855 nam
1014 814 1085 874 quaes
1101 794 1157 876 ipsi
1177 806 1246 868 aute

149 889 271 951 auditas
285 887 445 948 sententias
458 895 595 967 tanquam
608 881 719 967 optima
730 886 870 968 probatis,
881 886 1021 969 quors'um
1034 881 1142 964 eisdem
1163 872 1249 973 a'udi7

150 981 240 1044 endis
250 980 359 1041 frustra
372 979 495 1040 obtundi
508 977 632 1040 attinet?
655 979 707 1038 Sin
720 979 912 1040 consideratis
927 988 958 1040 et
971 979 1148 1060 deliberatis,
1162 981 1247 1060 quasi

151 1093 195 1134 ex
206 1063 253 1132 llis
272 1092 338 1153 quae
352 1071 486 1133 dicentur
501 1057 688 1133 statuentium
713 1072 761 1144 sit,
781 1092 841 1131 non
855 1081 966 1132 rectum
986 1081 1031 1132 est
1046 1072 1070 1131 si
1089 1071 1139 1153 qui
1156 1073 1234 1134 telin

151 1165 200 1226 eis
214 1165 382 1226 nonfacere
396 1165 511 1226 dicendi
531 1171 714 1246 potestatem.
757 1153 805 1224 Sic
819 1163 897 1224 enim
906 1163 939 1223 fit
950 1174 985 1222 ut
997 1165 1035 1223 ab
1048 1164 1123 1238 aliis,
1138 1164 1163 1224 si
1177 1085 1249 1248 quid

151 1257 226 1318 utile
239 1258 451 1338 excogitarunt,
465 1275 501 1318 eo
518 1278 571 1318 vos
589 1259 708 1319 omnino
729 1255 896 1336 privemini:
918 1255 977 1329 alii,
990 1255 1106 1316 omissis
1122 1256 1168 1318 his
1181 1279 1248 1340 quae
1276 1337 1279 1342 Ι

150 1351 184 1411 in
209 1352 303 1411 animo
317 1349 475 1422 habebant,
491 1369 526 1411 ea
540 1349 684 1410 suadeant
706 1369 772 1428 quae
784 1370 838 1410 vos
860 1363 966 1430 cupere
986 1345 1151 1432 opinantur.
1194 1351 1250 1413 Est

151 1452 254 1504 autem
276 1463 376 1506 corum
397 1443 447 1522 qui
466 1463 560 1503 errare
581 1443 693 1516 volunt,
715 1442 833 1523 adigere
852 1449 995 1506 oratorem
1010 1442 1049 1503 ad
1062 1434 1176 1524 eaquae
1194 1464 1248 1508 tos

151 1525 245 1598 vultis
258 1524 402 1605 dicenda;
425 1535 654 1607 deliberantium,
670 1523 770 1596 adduc
783 1556 848 1615 quae
860 1532 924 1615 ejus
939 1535 977 1595 sit
989 1535 1144 1610 sententia,
1157 1556 1250 1617 eaque

152 1628 179 1688 si
193 1636 275 1688 recta
287 1629 324 1689 sit
337 1628 389 1687 uti.
432 1627 508 1688 Dico
525 1638 623 1687 autem
636 1621 712 1699 brec,
725 1627 879 1713 nonquod
895 1627 943 1688 his
956 1649 1023 1707 quae
1038 1616 1119 1689 vobis
1131 1624 1252 1713 placent

152 1719 301 1781 contraria
323 1717 445 1780 suadere
469 1716 575 1780 velim:
605 1719 660 1780 s'ed
682 1721 752 1798 quia
777 1719 851 1780 sslud
877 1721 947 1805 scio,
969 1721 994 1780 si
1015 1718 1251 1797 contradicentes

153 1811 259 1874 audire
281 1812 394 1885 noletis,
407 1824 459 1872 eos
478 1811 605 1873 dicturos
617 1832 670 1874 vos
688 1831 754 1873 esse
767 1811 919 1894 deceptos3
933 1812 978 1874 sin
992 1806 1141 1875 audieritis
1161 1827 1192 1878 et
1204 1836 1251 1878 as·

154 1905 239 1968 sensi
250 1925 309 1966 non
322 1904 444 1980 fueritis,
458 1923 526 1965 mox
539 1904 688 1985 apparebit
702 1923 755 1964 eos
769 1904 912 1967 deteriora
925 1905 1043 1966 dedisse
1057 1907 1190 1969 consilia.

686 2062 724 2119 X,

199 2173 331 2237 Arbitror
344 2191 446 2238 omncs
459 2196 519 2252 vos,
536 2177 744 2248 Athenienses,
769 2176 942 2261 intelligere,
962 2195 1015 2236 vos
1036 2169 1127 2237 lindie
1146 2197 1253 2242 conve·

154 2271 240 2332 nisse
261 2283 320 2330 non
342 2278 376 2329 ut
397 2265 491 2330 ullum
513 2259 688 2329 maleficium
710 2267 849 2350 paulatia,
862 2269 914 2329 sed
931 2275 966 2328 ut
984 2267 1021 2328 de
1043 2268 1167 2348 negotiis
1188 2262 1254 2333 istis

155 2360 336 2426 deliberetis.
379 2359 586 2423 decusationes
603 2359 692 2441 igitur
715 2370 816 2422 omnes
842 2358 1009 2421 differendae
1031 2371 1111 2435 sunt,
1132 2382 1168 2423 ac
1191 2374 1255 2426 tum

157 2456 242 2541 apud
255 2476 309 2517 vos
327 2451 482 2517 dicendum
496 2461 597 2516 contra
611 2470 678 2515 eum
693 2470 782 2534 quem
796 2446 851 2515 sibi
868 2451 1067 2532 unusquisque
1080 2474 1256 2539 oppugnan-

157 2544 234 2612 dum
252 2538 396 2620 censebit,
409 2563 477 2608 cum
495 2546 639 2628 Judicium
662 2546 699 2607 de
723 2546 823 2626 aliquo
843 2539 1005 2606 iaciemus:
1034 2545 1164 2633 quodsi
1188 2547 1254 2629 quis

157 2642 235 2705 utile
253 2641 361 2721 aliquid
374 2640 455 2701 dictu
469 2649 521 2701 aut
531 2639 713 2701 conducibile
725 2639 825 2712 habet,
838 2638 870 2697 id
883 2653 962 2699 nunc
974 2639 1158 2720 pronunciet.
1178 2638 1257 2716 Nam

159 2744 303 2799 accusare
316 2750 416 2795 eorum
431 2740 486 2807 est,
500 2734 550 2813 qui
564 2746 610 2794 res
625 2741 723 2815 gestas
737 2732 876 2812 culpant:
906 2730 1019 2793 consilii
1027 2752 1102 2811 ‚vero
1122 2733 1258 2815 capiendi

159 2824 336 2892 deliberatio
350 2823 387 2887 de
408 2826 495 2887 rebus
508 2822 700 2907 presentibus
718 2824 770 2887 aut
788 2819 893 2884 futuris
907 2823 1086 2909 instituitur.
1127 2822 1257 2889 Proinde

159 2937 225 2985 non
238 2914 363 2983 convicit·
373 2928 424 2980 aut
435 2906 670 2999 reprebedsionis
682 2917 739 2978 hoc
753 2927 880 2997 tempus,
893 2913 945 2976 sed
959 2905 1048 2976 dandi
1061 2915 1173 2978 consilii
1187 2906 1258 2979 mibi

160 3008 230 3079 esse
243 3008 369 3076 videtur.
407 3006 496 3073 Dabo
519 3010 608 3093 igitur
631 3027 751 3090 operam
769 3021 806 3068 rte
826 3008 889 3088 ipse
906 2999 942 3067 id
951 3007 1142 3080 committam,
1155 3009 1185 3068 in
1199 3026 1258 3091 quo

161 3096 449 3189 aliosreprehendm
472 3113 511 3175 et,
524 3103 558 3163 nt'
570 3120 636 3184 quae
652 3098 684 3161 in
705 3100 863 3183 praesentia
880 3094 961 3160 factu
972 3092 1127 3158 utilissima
1139 3117 1259 3176 censeo,

161 3198 315 3265 suadeam.

686 3349 740 3409 Xl.
850 3380 854 3385 ’

209 3460 368 3543 Neminem
386 3460 561 3553 negaturum
580 3466 691 3549 opinor,
712 3460 915 3537 dtllenienses,
938 3458 1062 3549 irirprobi
1078 3473 1110 3523 et
1126 3453 1261 3526 mal'e'r'oll

165 3572 234 3632 esse
256 3564 390 3638 bominis,
414 3564 457 3625 sic
471 3564 598 3644 aliquem
619 3578 657 3623 ex
670 3549 889 3640 magistratibus
902 3556 954 3617 vel
969 3570 1069 3616 amare
1082 3554 1128 3617 vel
1151 3554 1261 3634 odisse,

165 3671 213 3734 ut,
225 3651 360 3739 neglecta
373 3644 484 3737 reipub·
498 3656 634 3730 utilitate,
655 3646 812 3717 conciones
832 3651 938 3731 partim
960 3664 997 3709 ex
1012 3642 1091 3722 odio,
1105 3646 1263 3729 pertimere

165 3752 354 3816 emulatione
367 3750 491 3811 habeat:
512 3769 578 3829 quoe
592 3748 710 3829 quidam
721 3762 885 3809 conscenso
895 3751 1039 3821 suggestu
1050 3741 1173 3802 faciunt.
1195 3742 1264 3824 Ego

165 3865 238 3908 vero
250 3846 297 3906 his
316 3852 432 3906 tantum
447 3840 552 3915 dicam,
566 3861 617 3903 eos
631 3840 724 3903 videri
742 3838 824 3910 mihi,
838 3836 894 3897 etsi
912 3834 971 3894 mle
992 3833 1102 3915 aliquid
1122 3836 1265 3925 iecerunt,

165 3937 228 4000 bon
254 3926 400 3999 summum
418 3945 573 4019 peccatum
594 3931 786 4002 commisisse,
801 3929 854 3991 sed
873 3922 952 3988 illud
968 3926 1265 4016 essegravis'simum,

167 4030 250 4115 quod
261 4050 323 4113 prae
338 4050 370 4092 se
382 4030 482 4091 ferunt
495 4048 526 4089 se
540 4042 692 4107 nunquam
710 4024 799 4087 etiam
819 4020 903 4083 aliter
922 4017 1019 4082 lacere
1038 4013 1157 4113 paratos
1178 4037 1264 4089 esse:

166 4122 253 4190 vobis
266 4134 367 4187 autem·
378 4122 529 4196 sumerim,
542 4139 592 4195 ne,
606 4120 723 4201 abjecta
734 4111 824 4179 vesal
838 4132 918 4190 cura,
934 4112 1006 4175 satis
1023 4112 1055 4173 id
1068 4130 1133 4203 esse
1145 4110 1267 4193 putetis,

169 4236 285 4281 sumere
306 4218 344 4278 de
367 4208 435 4277 istis'
451 4222 565 4295 poedas,
577 4214 628 4274 ubi
641 4202 725 4274 vobis
746 4210 849 4271 visum
864 4202 963 4280 luerit,
979 4205 1035 4267 nisi
1048 4206 1136 4266 etiam
1154 4203 1195 4263 eis
1214 4197 1268 4264 ob·

168 4299 279 4413 distatis
293 4309 416 4374 summis
427 4300 545 4381 viribus,
565 4318 595 4369 et
609 4294 857 4393 quemadmodum
870 4295 909 4392 de
932 4292 1051 4394 lt'epirb'.
1073 4286 1268 4394 deliberantes

170 4396 267 4479 decet,
289 4394 418 4493 privatis·
432 4390 668 4464 contentionibus
691 4398 824 4485 sublatis,
837 4385 914 4489 quid
926 4395 1043 4478 publice
1062 4390 1188 4492 mamare
1200 4397 1268 4475 p'r'o'·

171 4486 303 4560 llrtul'um
330 4487 368 4559 sit
393 4484 608 4559 consideretis:
639 4491 828 4575 cogitandum
856 4483 1138 4568 colmanusque
1167 4487 1270 4561 unum‘,
