2967 4950
510 281 920 349 iscrnsrrrronrmr.
1025 241 1029 252 ’
1091 237 1112 301 t
1180 261 1257 344 ‘mr
1361 317 1363 320 -

162 440 192 500 in
207 412 308 501 irrbem
321 438 494 515 reduxisset,
507 443 608 523 primis
622 443 740 521 quidem
754 431 937 522 temporibus
949 433 1157 501 tremebundus
1173 431 1263 498 homo

163 534 228 606 fnit,
242 543 274 594 et
283 534 490 594 semimortuus
503 536 534 594 in
544 537 718 596 concionem
731 531 904 614 progressus
917 533 1076 612 postulavit
1088 539 1122 591 ut
1135 551 1167 590 se
1180 531 1264 610 pacis
1301 547 1302 552 ’
1381 611 1383 620 Ι

162 621 319 688 'custodem
339 621 486 688 cremetis.
516 629 579 688 Vos
593 639 698 688 autem
720 629 804 688 initio
824 647 862 686 ne
883 639 990 686 nomen
1012 625 1130 704 quidem
1153 625 1264 685 Demo·

164 717 275 777 sthenis
301 719 427 780 decretis
451 720 578 782 adscribi
603 719 786 799 permisistis,
814 719 865 779 sed
888 717 946 780 hoc
969 719 1107 801 negotium
1128 717 1277 776 Nausicli·

163 801 423 890 mandastisr‘jsni
432 831 501 872 sero
513 813 569 872 iste
579 811 665 871 etisin
675 810 879 872 coronsmeibi
890 809 988 868 deberi
999 803 1160 868 contendit.
1181 807 1265 868 Mor·
1351 849 1364 860 .

164 910 217 961 tuo
235 901 341 962 deinde
354 902 500 983 Philipps,
514 914 546 963 et
564 901 732 969 Alexandro
752 902 790 962 ad
811 902 894 980 regni
914 901 1131 963 successionem
1151 907 1266 972 vocato,
1339 921 1356 935 ⁵

164 988 279 1054 rursum
289 995 346 1054 iste
359 996 523 1074 praestigiss
536 1005 567 1056 et
586 1005 725 1074 portenta
742 994 877 1067 moliens,
897 993 1006 1054 sacella
1024 991 1169 1053 exstruxit
1188 988 1267 1050 Pau·
1311 1018 1316 1033 ·

165 1087 266 1159 sanim,
289 1096 321 1145 et
339 1097 473 1147 senatum
491 1087 523 1147 in
543 1087 745 1166 gratulationis
767 1097 798 1148 et
817 1086 951 1147 sacrificii
975 1085 1008 1143 ob
1029 1086 1119 1144 mrem
1141 1085 1269 1142 nuncium

167 1177 237 1236 lacti
250 1178 360 1238 crimen
372 1179 508 1258 conjecit,
521 1179 690 1240 Alexandro
701 1179 800 1240 autern
824 1178 961 1256 Margitse
974 1195 1138 1255 cognomen
1151 1173 1271 1248 indidit

168 1288 315 1348 ensnsqne
323 1281 369 1331 est
376 1271 528 1345 affirmare,
536 1280 685 1349 nunquam
696 1291 763 1331 eum
773 1291 790 1330 e
799 1259 977 1330 Macedonis
989 1265 1094 1347 pedem
1106 1267 1279 1337 elaturum}

167 1360 240 1419 satis
249 1357 319 1420 'vero
327 1361 505 1434 habiturum,
514 1363 539 1421 si
550 1361 641 1420 Pellse
651 1362 853 1422 deambularet
863 1372 894 1421 et
903 1361 971 1420 exte
982 1359 1148 1438 inspiceret.
1170 1359 1269 1436 Atque

167 1451 234 1509 brec
247 1469 279 1510 se
299 1451 397 1512 dicere
407 1453 598 1532 proedicabst,
610 1472 671 1512 non
685 1455 855 1530 conjectura
868 1453 998 1524 ductum,
1012 1451 1065 1510 sed
1088 1450 1170 1528 quod
1188 1459 1270 1536 certo

168 1542 266 1615 sciret,
278 1541 414 1602 virtutem
427 1542 556 1602 nonnisi
572 1544 715 1622 sanguine
727 1543 900 1623 comparari,
918 1545 981 1624 ipse
994 1542 1111 1622 penitus
1126 1543 1269 1620 sanguine

170 1633 338 1706 destitutus,
362 1644 393 1694 et
412 1635 614 1694 Alexandrum
633 1655 694 1694 non
707 1655 744 1694 ex
766 1635 926 1694 Alexandri
946 1635 1074 1712 ingenio,
1097 1634 1151 1694 sed
1165 1643 1269 1714 suspte

138 1756 143 1762 ·
171 1723 290 1804 ignavia
313 1727 474 1793 dimensus,
515 1728 591 1787 Cum
613 1729 683 1788 ve‘ro
710 1728 903 1787 censuissent·
915 1727 977 1806 jam
1000 1727 1135 1786 Thessali
1158 1726 1270 1787 ciritsti

171 1825 279 1876 nostroe
290 1817 401 1876 bellom
415 1817 606 1892 inserendum,
627 1828 657 1877 et
672 1819 791 1893 juvenis
805 1818 956 1898 principio,
971 1837 1066 1896 neque
1079 1818 1194 1896 injuria,
1207 1818 1270 1878 irri-

170 1919 251 1968 tatus
264 1919 352 1982 esset,
365 1929 493 1989 cumque
502 1920 601 1971 castra
607 1910 671 1989 jam
685 1910 724 1970 ad
737 1909 858 1969 Thebas
872 1910 1109 1981 admoverentur,
1122 1909 1239 1986 legatus
1252 1925 1273 1970 s

88 2066 93 2074 ,
107 2025 111 2029 ·
173 2001 255 2061 vobis
268 2001 400 2062 delectus
422 2001 616 2061 Demosthenes
629 2014 744 2080 arrepta
758 2003 860 2081 luges
882 2002 979 2061 medio
994 2001 1161 2061 Cithoerone
1175 2009 1272 2061 rever-

172 2112 222 2152 sus
234 2102 291 2164 est,
306 2112 401 2171 neque
414 2094 444 2152 in
456 2112 533 2174 pace
547 2093 682 2171 nequeln
692 2093 770 2153 bello
781 2082 880 2160 utilem
892 2111 925 2152 se
938 2093 1031 2166 civem
1045 2094 1114 2168 reip.
1125 2093 1270 2172 prebens.

174 2185 214 2244 Et
226 2185 305 2265 qued
318 2195 365 2245 est
377 2186 506 2245 omnium
520 2177 751 2258 acerbissimum,
766 2205 818 2244 vos
832 2204 899 2244 eum
913 2203 973 2244 non
983 2183 1162 2263 prodidistis,
1176 2199 1272 2263 neque

170 2277 206 2336 in
215 2278 360 2356 judicium
375 2297 474 2338 eoram
494 2277 616 2339 consilio
631 2277 802 2336 Graecorum
816 2277 924 2337 sdduci
937 2275 1124 2356 permisistis:
1147 2276 1197 2336 ille
1219 2293 1272 2336 au*

175 2380 233 2427 tem
247 2387 299 2433 vos
308 2374 369 2443 jam
383 2369 473 2448 plane
487 2368 627 2447 prodidit,
644 2370 670 2427 si
689 2368 807 2448 quidem
821 2387 891 2428 vere
905 2377 975 2426 sunt
985 2385 1051 2444 quae
1065 2366 1211 2428 dicuntur.

216 2463 266 2519 51.
288 2460 332 2521 Ut
344 2461 422 2521 enim
435 2462 517 2520 aiunt
527 2459 630 2551 paralii
643 2460 719 2539 iique
728 2461 778 2539 qui
791 2459 881 2539 legati
895 2460 936 2547 sd-
943 2459 1144 2519 Alexandrum
1154 2460 1276 2539 profecti

175 2561 314 2613 sunt-et
323 2552 365 2613 rei
375 2552 478 2612 merito
491 2571 563 2611 sane
578 2552 734 2613 adhibetur
742 2551 868 2625 fides-,
877 2562 923 2611 est
934 2550 1063 2611 Aristion
1075 2553 1194 2629 quidam
1201 2554 1274 2632 l’ls·

175 2646 282 2715 tricus,
311 2644 471 2703 Aristobuli
488 2642 788 2723 *pharmacopoloessi
809 2643 874 2721 quis
895 2644 969 2703 sorte
984 2654 1111 2704 vestrum
1131 2648 1275 2723 cognorit,
1340 2664 1342 2668 ·

176 2736 263 2804 filins.
295 2737 326 2795 ls
348 2736 506 2814 aliquando
529 2736 713 2809 adolescens,
733 2755 802 2795 cum
823 2736 884 2797 suis
905 2736 1070 2815 aequalibus
1084 2737 1180 2797 forms
1199 2756 1276 2817 pras'·

177 2836 278 2901 staret,
292 2827 341 2886 din
356 2828 606 2888 inDemosthenis
619 2829 707 2889 domo
720 2828 939 2889 diversabatur:
960 2829 1029 2905 qnid
1042 2848 1116 2889 vern
1130 2840 1184 2892 eut
1196 2830 1277 2890 feee-

138 2917 142 2922 ’
177 2918 215 2977 rit
227 2928 393 2996 autpassns
403 2918 451 2987 sit,
465 2938 532 2978 cum
543 2919 664 2977 dubium
679 2930 766 2996 atque
779 2918 923 2978 incertum
937 2919 985 2991 sit,
999 2928 1061 2978 tum
1070 2938 1122 3001 res
1140 2920 1212 2979 mibi
1222 2940 1277 2982 ns·

177 3026 324 3093 quaquam
337 3008 419 3068 dictu
434 3020 479 3075 est
491 3009 624 3070 honestas
665 3009 723 3069 Hic
736 3010 835 3089 igitur,
848 3020 882 3068 ut
896 3028 953 3087 ego
967 3010 1066 3083 audio,
1079 3029 1147 3070 cum
1159 3021 1191 3071 et
1209 3014 1276 3091 quis

179 3110 258 3161 esset
274 3110 308 3159 'et
327 3101 475 3180 quomodo
494 3110 580 3161 antes
598 3101 703 3164 vixerit
724 3100 833 3161 nemini
851 3112 932 3161 esset
951 3112 1142 3181 compertum,
1160 3103 1192 3162 in
1206 3105 1277 3164 Ale'-

179 3192 284 3253 xsndri
298 3193 420 3271 gretiam
431 3193 619 3272 subrepitet
629 3211 697 3252 cum
710 3212 746 3251 eo
759 3192 937 3252 familiariter
957 3202 1098 3254 versatur.
1124 3193 1182 3253 Per
1197 3195 1277 3257 ltnnc

180 3284 398 3344 Demosthenes
411 3284 507 3345 missis
520 3284 560 3344 ad
574 3282 775 3344 Alexandrum
788 3283 889 3357 literis,
905 3284 1014 3363 aliquid
1027 3284 1147 3345 tandem
1170 3285 1278 3355 seeum

179 3377 249 3437 tatis
268 3387 374 3437 nactus
394 3387 441 3446 est
462 3385 493 3437 et
515 3376 618 3455 gratim
636 3366 912 3448 reconciliationem,
931 3376 1087 3453 multisque
1106 3396 1174 3437 enm
1193 3372 1279 3439 blan-

180 3470 259 3531 ditiis
274 3468 453 3529 demulcirit.
495 3468 569 3529 lnde
583 3477 681 3529 eutem
696 3476 837 3546 spectate,
859 3486 947 3546 qnam
960 3468 1046 3529 valde
1059 3483 1106 3529 res
1124 3470 1163 3530 sit
1183 3470 1279 3530 crimi-

182 3556 292 3622 nationi
307 3570 515 3622 consentanea.

222 3656 273 3715 52.
295 3653 372 3712 Nam
386 3651 503 3730 siquid
517 3651 618 3712 borum
633 3670 732 3712 revera
754 3651 874 3711 sentiret
888 3651 1119 3724 Demosthenes,
1133 3652 1159 3713 si
1179 3653 1280 3713 hostili

181 3743 213 3803 in
226 3743 437 3816 Alexandrum,
445 3742 488 3801 uti
496 3742 601 3821 jactat,
615 3752 694 3803 esset
712 3742 821 3815 animo,
834 3743 894 3805 trie
903 3744 930 3801 ei
943 3742 1136 3820 pulcherrime
1148 3753 1294 3824 tempore‘

183 3835 283 3894 oblata
296 3844 374 3907 sunt,
387 3852 510 3912 quorum
531 3832 613 3892 nullo
631 3842 665 3891 nt
681 3832 796 3891 ridetur
817 3851 948 3911 unquam
963 3843 1009 3893 est
1031 3853 1114 3895 usus.
1149 3836 1279 3895 Primum

183 3944 251 3985 cum
272 3926 409 4003 inregno
430 3942 490 3983 non
513 3924 557 3983 ita
576 3923 689 4003 pridem
710 3922 887 3983 constitutus
906 3923 1085 3999 Alexander,
1109 3926 1169 3987 suis
1192 3927 1281 3985 rebus
1323 3962 1348 3996 .·

184 4017 316 4076 nondum
328 4015 401 4075 satis
414 4016 595 4093 compositis,
608 4015 638 4074 in
652 4014 754 4074 Asiam
768 4014 923 4083 transiretr
946 4016 1101 4078 Persarum
1117 4024 1214 4076 autem
1232 4037 1283 4077 rex

184 4109 291 4180 clssse,
304 4105 440 4186 pecunie,
457 4103 589 4185 peditatu
602 4106 728 4178 floreret,
741 4105 923 4184 libenterque
936 4127 989 4167 ros
1002 4109 1033 4167 in
1048 4107 1216 4167 societatem
1233 4112 1283 4168 ‘re-

186 4200 314 4279 cepisset
320 4207 439 4278 propter
451 4216 488 4259 ea
501 4217 569 4275 quse
582 4197 636 4256 sibi
649 4196 894 4277 ipsi'ingrnebsnt
907 4198 1047 4277 pericula.
1075 4196 1155 4256 Num
1170 4206 1203 4259 tu
1217 4216 1283 4259 ora·

144 4279 156 4289 ⁰
185 4294 294 4355 tionem
313 4303 385 4351 tunc
406 4310 496 4351 unam
508 4290 647 4363 habuisti,
662 4289 888 4361 Demosthenes,
910 4291 1036 4350 ullumve
1050 4290 1199 4351 decretum
1211 4310 1283 4351 con·

187 4385 355 4480 scripsistit
373 4385 427 4446 Vis
450 4403 557 4464 ponam
578 4384 716 4445 metuisse
735 4393 766 4445 ts
780 4393 889 4461 tuoque
905 4381 1025 4461 ingenio
1048 4380 1286 4446 obsecundasse?
