2967 4950
478 333 707 396 .uuvnnsus
729 329 958 398 montrum.
1081 320 1101 338 ·’
1210 336 1274 395 an

166 487 1277 570 milleamplroraaneqnevolueruntueque'cogitaruntimpcuarcinnavem

165 602 207 643 ex
226 581 409 664 syngrapha.
441 583 605 656 Etfutme
626 602 699 646 vera
716 583 815 644 dicere
833 577 959 657 conatet,
980 601 1056 661 cape
1075 581 1274 643 testimonium

164 693 270 736 eorum
281 676 333 756 qui
345 675 532 746 eudamuavi
545 695 614 736 curn
625 676 667 736 eia
680 676 758 739 vecti
772 686 849 736 aunt

564 865 874 958 rusrruouuuu.

171 997 183 1004 ”
195 997 323 1048 Euander
334 1005 435 1048 tentatur
446 1015 472 1047 aa
483 1000 623 1061 gubernatae
635 1015 718 1048 navam
730 1017 782 1062 quan
793 1001 906 1064 Hyblraii
923 1008 982 1059 aaut,
998 1008 1022 1049 et
1034 1003 1095 1050 acira
1105 1000 1274 1064 Apollodorum

171 1077 255 1124 vehare
266 1076 316 1124 riui
327 1075 431 1123 Mandaei
442 1078 565 1138 amptum
575 1076 758 1138 quadringentae
769 1077 936 1139 quinquaginta
947 1087 971 1126 et
985 1094 1030 1125 non
1047 1080 1136 1142 plures,
1148 1079 1206 1126 aliur
1219 1093 1276 1129 raro

168 1153 275 1200 nuncium
296 1152 373 1200 nullan
383 1154 482 1200 acxiano
496 1153 521 1200 in
536 1169 565 1201 eo
576 1151 673 1215 navigio
683 1153 852 1214 Apollodorum
865 1155 891 1202 in
906 1157 1013 1203 Pontum.
1047 1155 1149 1217 Hippian
1160 1156 1188 1204 F.
1200 1156 1276 1205 Ana·

165 1228 237 1292 mippi
249 1229 444 1279 Halicarnasseus
455 1235 554 1279 tentatur
565 1245 591 1278 uo
606 1245 652 1279 una
663 1217 757 1280 ventum
770 1231 797 1278 iu
807 1231 919 1292 Hyblauii
938 1247 1007 1288 nave,
1015 1233 1172 1294 perlustrante
1181 1249 1276 1290 navam,

164 1314 318 1375 zetoopnoaaa
328 1308 499 1370 Apollodorum
510 1307 653 1356 Phaselitum
664 1309 751 1356 vehare
761 1309 785 1356 in
796 1309 891 1370 navigio
902 1309 1023 1356 Mondaia
1034 1311 1136 1358 Pontum
1148 1310 1196 1358 vini
1208 1313 1276 1361 Mau·

172 1383 217 1430 daei
232 1385 358 1445 amphoras
377 1385 557 1446 quadringentas
577 1383 754 1446 quinquaginta,
775 1400 834 1432 ouua
855 1392 969 1446 proeteraa
986 1386 1085 1434 nullum.
1124 1388 1215 1434 Praetor
1231 1387 1275 1437 luou

168 1459 272 1506 nantas
283 1467 320 1506 est
332 1461 413 1506 eadem
425 1476 450 1507 uc
461 1460 555 1507 audisne
567 1476 597 1506 cx
609 1460 661 1507 aliia
674 1461 794 1509 Archadaa
806 1462 833 1508 F.
843 1461 990 1508 Muctunidra
1005 1460 1173 1517 dalamantia,
1186 1463 1276 1510 Soatra·

169 1543 210 1584 tus
223 1539 251 1584 F.
260 1537 367 1613 l’lrilippi
380 1537 644 1593 Hiatiaeua,l’l1iltiadea
654 1536 728 1584 Clarii
742 1537 773 1585 1².
782 1537 953 1598 Xypotoannin
964 1537 1094 1599 Dionysius
1106 1537 1136 1584 1².
1151 1536 1276 1586 Democra-

168 1612 229 1660 tidra
241 1613 374 1660 Chollidca.

175 1727 220 1788 De
239 1729 299 1788 nini
321 1729 408 1808 igitur
422 1749 555 1804 numero,
576 1741 718 1810 quantum
733 1752 784 1791 eos
803 1730 954 1811 imponere
970 1732 1001 1791 in
1020 1751 1125 1792 navem
1139 1733 1277 1811 oportuit,

100 1838 123 1882 x
174 1819 237 1885 haec
266 1833 403 1901 egerunt,
416 1823 514 1881 atatim
539 1825 576 1884 ab
600 1842 636 1882 eo
656 1825 719 1903 ipso
738 1823 820 1902 quod
840 1824 964 1903 primum
985 1824 1125 1904 scriptum
1148 1826 1205 1883 fuit
1224 1844 1275 1884 au-

176 1913 280 1994 spicati
295 1914 444 1993 negligere
457 1923 489 1972 et
501 1932 561 1972 non
572 1927 711 1993 praestare
725 1935 761 1988 ea
776 1935 843 1995 quae
859 1915 968 1993 scripta
982 1923 1063 1974 aunt.

170 2005 173 2008 ’
213 2010 243 2067 5.
255 2006 331 2066 Post
341 2007 417 2080 haec,
429 2006 458 2064 in
471 2007 638 2086 syngrapha
651 2007 828 2085 continetur,
837 2006 1031 2086 oppignerare
1041 2026 1092 2065 eos
1102 2004 1167 2066 haec
1176 2005 1280 2082 libera,

171 2097 241 2160 'cum
255 2097 366 2157 nemini
380 2098 538 2180 quicquam
552 2097 689 2186 debeant,
703 2107 733 2158 et
748 2099 832 2158 adea
843 2085 1123 2176 mutui‘accepturos
1138 2098 1279 2158 anemine

175 2193 341 2272 quicquam.
384 2189 459 2249 Haec
471 2189 577 2269 apertis
592 2189 698 2262 verbis,
711 2190 844 2262 ludices,
860 2189 970 2270 scripta
983 2198 1062 2249 sunt.
1092 2190 1133 2248 At
1147 2189 1196 2249 iati
1208 2186 1280 2269 qnid

170 2279 329 2346 'feceruntt
364 2281 509 2362 Neglecta
534 2283 710 2362 syngraphae
729 2283 889 2364 scriptura,
912 2292 1086 2342 mutuantur
1110 2283 1281 2362 aquodam

177 2376 378 2446 adolescente,
403 2395 454 2454 per
477 2373 622 2448 fraudem,
645 2375 731 2453 quani
754 2375 864 2434 nemini
883 2375 1040 2457 quicquam
1056 2376 1218 2442 debereut;
1241 2385 1281 2448 et,

177 2490 242 2530 curn
265 2469 352 2529 nobis
375 2467 509 2547 injuriam
527 2467 671 2541 fecerunt,
685 2468 763 2528 clam
787 2467 825 2527 ad
848 2478 950 2527 nostra
965 2467 1101 2541 mutuati,
1114 2479 1176 2527 tum
1200 2468 1281 2531 illum

170 2560 395 2622 'adolescentem
419 2560 593 2620 creditorem
616 2561 808 2640 deceperunt,
821 2560 859 2620 ad
878 2579 990 2620 merces
1007 2580 1069 2620 non
1087 2560 1195 2620 liberas
1216 2578 1282 2621 mu·

98 2716 110 2731 ,
171 2640 262 2715 'tuati
305 2654 389 2713 'Palla
411 2664 481 2713 sunt
503 2654 625 2713 istorum
647 2652 794 2725 facinora3
813 2653 867 2713 sed
887 2653 947 2712 doli
962 2673 1063 2712 omnen
1077 2662 1147 2712 sunt
1166 2652 1281 2713 Lacriti.

179 2748 220 2806 Ut
242 2756 343 2807 autem
366 2764 435 2808 vera
458 2764 506 2806 me
527 2746 635 2818 dicere,
649 2754 680 2805 et
698 2748 789 2808 istum
811 2747 929 2826 iusuper
956 2756 1061 2807 contra
1084 2744 1282 2826 syngrapham

178 2848 345 2899 mutuatum
368 2858 434 2898 esse
454 2847 583 2909 constet,
611 2838 810 2897 testimonium
838 2840 922 2899 vobis
951 2837 1119 2898 recitabitur
1144 2839 1206 2921 ejun
1233 2839 1283 2919 qui

156 2943 284 3019 ¹postea
298 2930 451 2995 mutuavit.
493 2930 598 2989 Recita
611 2930 820 2989 testimonium.
1245 2939 1270 2945 “’

577 3087 884 3195 TESTIMOillUM.

212 3280 301 3329 Aratus
320 3278 516 3326 Haliacmonem
536 3282 637 3325 tentatur
656 3294 681 3325 aa
699 3284 819 3325 mutuam
829 3275 975 3337 Apollodoro
990 3276 1099 3324 undecim
1113 3277 1203 3339 manti
1212 3276 1286 3327 minan

182 3358 211 3405 ud
224 3372 325 3413 meroen,
337 3354 431 3417 quanin
442 3355 555 3416 Hyblesii
570 3370 629 3403 uara
639 3354 664 3403 iu
676 3356 777 3403 Pontum
789 3354 1012 3414 veheret„quaaqua
1026 3353 1060 3402 ibi
1076 3370 1121 3415 pro
1133 3354 1176 3407 ,ltin
1187 3352 1287 3407 unamin-

182 3442 232 3496 nat5
248 3448 324 3495 neque
334 3434 410 3480 aniana
419 3432 530 3481 uetuisse
539 3431 603 3479 illurn
615 3437 745 3479 mutuatum
753 3433 783 3478 ab
794 3430 915 3477 Androule
925 3436 1055 3491 argeutum.
1086 3432 1183 3493 Alioqui
1198 3448 1225 3481 aa
1239 3449 1285 3483 non

183 3518 340 3559 mutuaturum
353 3508 431 3581 luinaa¹
438 3508 583 3572 Apollodoro
594 3517 723 3569 argeutum.
1015 3505 1023 3516 “

175 3624 318 3685 fraudes
329 3624 420 3701 igitur
430 3622 552 3682 istorum
565 3622 718 3681 homiuum
732 3620 903 3699 hujusmodi
916 3630 995 3681 sunt.

223 3718 253 3785 6,
275 3715 436 3793 Scriptum¹
448 3723 546 3781 autem
561 3723 606 3777 eut
618 3723 685 3793 pont
703 3712 780 3782 haec,
795 3712 930 3784 ludicen,
942 3714 974 3771 in
994 3714 1183 3793 syngrapha:
1202 3729 1287 3795 pout·

174 3826 273 3888 ¹quam
294 3809 325 3871 in
347 3805 445 3866 Ponto
466 3821 539 3884 quae·
558 3805 883 3875 vebautvendiderint,
900 3815 935 3865 ut
956 3804 1031 3865 alian
1053 3825 1175 3867 merces.
1188 3821 1288 3870 emant

176 3918 350 3977 ‚navemque
363 3907 488 3969 onerent
500 3918 595 3978 caque
609 3917 699 3981 onera
716 3898 854 3970 Atheuaa
866 3896 1047 3975 pervehunt:
1069 3907 1112 3971 et,
1130 3900 1180 3961 ubi
1194 3901 1287 3962 Athe-

186 4013 239 4053 nas
254 3992 453 4073 pervenerint,
467 4000 502 4051 ut
519 3992 596 4055 intra
608 3990 785 4069 vigesimum
805 3990 884 4051 diem
903 3990 1012 4051 lectum
1029 3990 1112 4052 nobis
1135 4002 1289 4071 argentum

187 4086 320 4157 reddant,
342 4094 499 4163 antequam
524 4092 623 4145 autem
645 4082 838 4155 reddiderint,
865 4082 896 4143 in
923 4091 1026 4144 nostra
1048 4093 1320 4161 potentatu-ease.

177 4194 555 4257 ‚merceaomnescaaque
584 4175 728 4235 immunes
751 4176 790 4234 ab
808 4173 857 4237 luia
879 4174 1063 4253 praeatandaa
1084 4176 1290 4248 uobia,douec

188 4278 321 4331 nostrum
346 4267 549 4347 receperimus.
589 4268 679 4353 'llaec
701 4268 744 4326 ita
766 4276 903 4327 accurate
924 4266 955 4325 iu
979 4266 1149 4345 syngrapha
1166 4270 1291 4349 ‘scripta

177 4373 275 4423 aunt:
295 4360 346 4421 isti
366 4369 474 4431 autem,
494 4359 630 4433 Judicea,
649 4358 698 4423 hic
714 4358 761 4419 vel
781 4358 813 4423 in
831 4360 935 4439 primia
949 4358 1249 4423 -iuuoleutiumauam
1262 4374 1291 4422 et

180 4452 398 4543 &impudentiam
420 4451 623 4528 ostenderunt,
637 4472 693 4513 nec
716 4451 878 4531 perscripta
899 4452 930 4514 iu
949 4450 1186 4535 ayngrapha'vel
1208 4454 1291 4512 mini-
