2967 4950
479 314 698 390 invadens
723 330 924 391 snunrnu.
1003 306 1008 311 ’
1073 417 1075 425 y
1185 330 1253 393 aaa

145 488 273 543 ratarum
295 501 385 561 agere
405 483 666 564 in'possessoresa
686 482 794 545 deinde
814 483 933 546 relictas
949 478 1065 551 tabulas
1079 475 1254 547 attestimo⁴

149 573 226 634 uiurn
239 574 444 654 Aristogenis.'
482 576 598 647 Recita.
630 599 634 603 ·
911 570 914 581 ’

372 760 462 855 anx.
489 794 674 878 ¹rursus.
716 792 1021 858 nasamonium.

155 942 218 998 24.
239 941 364 1001 Docebo
384 959 438 1000 vos
458 940 557 1013 etiarn,
571 940 706 1012 ludices,
725 939 895 1019 singulatim
909 946 946 1001 ea
958 941 997 1001 de
1010 941 1115 1021 quibus
1133 958 1251 1001 accuso.

134 1031 282 1105 ,Phialam
294 1042 448 1113 acceptam
462 1052 480 1092 a
494 1032 648 1113 Pol'yeucti
661 1052 763 1104 uxore,
776 1051 865 1112 quam
880 1051 950 1092 cum
965 1033 1058 1093 aureis
1070 1031 1251 1095 ornamentis

149 1124 385 1203 oppignerarant,
397 1144 456 1185 nou
465 1126 613 1205 protulere
626 1126 760 1205 quamvis
770 1134 927 1203 receptam,
939 1135 974 1185 ut
985 1124 1069 1191 robis
1077 1124 1253 1205 Demophy-
1354 1116 1357 1123 ’

148 1214 194 1275 lus
206 1218 256 1277 cui
271 1218 466 1298 oppignerata
483 1218 536 1277 illa
552 1219 670 1279 fuerant
683 1218 854 1279 testabitur:
876 1215 1095 1276 tabernaculum
1110 1227 1255 1296 praeterea

148 1311 227 1388 quod
241 1311 367 1381 habent,
382 1331 452 1371 nam
472 1311 503 1369 id
521 1331 638 1391 quoque
660 1321 814 1392 acceptum
832 1330 893 1371 non
914 1310 1082 1390 proferunt:
1104 1309 1162 1369 alia
1181 1310 1253 1369 item
1301 1350 1305 1357 -

148 1422 245 1480 quam·
256 1402 362 1462 multa·
373 1403 436 1482 ejus
459 1399 594 1483 generisi
617 1414 767 1483 postremo
784 1423 853 1463 cum
869 1423 944 1463 uxor
963 1422 1029 1463 mea
1047 1403 1124 1482 patri
1143 1404 1253 1475 ruinam

148 1494 263 1574 argenti
276 1494 316 1554 ad
329 1494 470 1555 Nemesin
483 1496 641 1557 contulerit
656 1505 687 1556 et
704 1516 757 1574 pro
772 1514 808 1556 eo
821 1495 994 1575 erogaverit,
1007 1514 1063 1557 nec
1086 1493 1177 1574 hujus
1198 1492 1253 1557 iur-

147 1608 250 1667 pensae
270 1599 386 1668 partem
411 1588 556 1649 sustinere
579 1590 657 1649 vult:
679 1589 734 1649 sed
757 1590 815 1649 alia
836 1599 987 1668 precepta
1005 1587 1107 1661 babet,
1128 1589 1254 1651 aliorum

147 1691 247 1759 partes
267 1682 432 1759 recipitea
444 1701 518 1743 ¹uero
537 1701 611 1761 quaa
628 1682 671 1741 ita
690 1681 958 1741 manifeste'debet
975 1701 1034 1742 non
1058 1681 1168 1741 reddit.
1188 1704 1190 1709 ·
1208 1682 1258 1743 Ut
1320 1710 1324 1715 ·

147 1772 235 1850 igitur
249 1792 347 1853 neque
360 1774 425 1833 baec
437 1774 707 1853 praetermittantur,
722 1792 795 1852 cape
810 1772 879 1833 mibi
898 1792 1002 1835 eurum
1018 1772 1151 1838 omnium
1170 1774 1256 1835 testi,

148 1882 261 1923 maura.
1250 1890 1256 1895 ··

559 2084 836 2147 unanimorum.
950 2145 953 2149 ᾗ
1065 2050 1071 2060 ’

192 2245 224 2300 5.
244 2242 391 2302 Fortassis
415 2250 524 2313 autern,
539 2242 789 2316 Judices,'contra
810 2240 875 2300 haec
892 2240 964 2300 nihil
987 2238 1066 2302 dicet
1085 2241 1255 2321 Spudias-

150 2335 342 2413 nequeenim
361 2336 469 2415 poterit
487 2355 655 2415 quanquam
676 2336 723 2395 'est
741 2334 919 2407 callidus-,
936 2333 990 2393 sed
1008 2332 1200 2413 Polyeuctum
1223 2344 1257 2395 et

149 2430 214 2503 ejus
228 2444 353 2488 uxorem
364 2428 576 2500 criminabitur,
594 2447 702 2508 eosque
720 2428 802 2487 dicet
818 2446 836 2486 a
848 2446 896 2486 me
917 2426 1063 2505 adductos
1077 2425 1142 2487 haec
1156 2426 1258 2492 omnia

150 2520 259 2580 iecisse
272 2521 303 2579 in
316 2540 413 2580 meam
428 2521 564 2599 gratiam,
579 2532 667 2599 atque
688 2521 763 2580 adeo
788 2539 820 2578 se
833 2519 943 2578 -multis
967 2519 1034 2578 aliis
1048 2511 1257 2581 affectuum<

109 2647 118 2656 -
151 2611 316 2685 mnis,mibi
330 2612 408 2673 diem
421 2613 547 2674 dixisse:
562 2634 632 2673 nam
642 2612 708 2673 baec
722 2623 753 2673 et
766 2613 846 2692 apud
858 2612 997 2672 arbitrum
1011 2612 1107 2671 dicere
1118 2612 1254 2672 instituit.

153 2706 218 2782 Ego
235 2725 317 2779 vero,
338 2705 471 2779 Judices,
483 2707 610 2787 primum
624 2726 684 2766 non
698 2724 814 2784 aequam
835 2724 900 2765 esse
914 2724 1030 2784 censeo.
1040 2704 1129 2764 talem
1152 2705 1255 2765 defeu-

151 2798 275 2870 sionem,
290 2817 387 2877 neque
404 2799 572 2872 convenire,
586 2798 611 2859 si
624 2800 691 2879 quis
700 2796 804 2878 'aperte
818 2797 1008 2870 convincitur,
1021 2807 1056 2857 ut
1068 2799 1184 2857 retortis
1199 2800 1258 2858 cri·

153 2888 285 2948 minibus·
302 2899 425 2950 accuset
443 2901 472 2950 et
492 2892 704 2951 calumnietur:
739 2909 808 2949 nam
829 2889 879 2949 illa
901 2891 1077 2968 quidem,''si
1097 2893 1201 2969 quael
1222 2891 1257 2954 fit

153 2980 273 3060 injuria,
292 2980 429 3041 nimirum
452 2976 628 3054 ulciscetur,
642 2982 830 3043 horumvero
852 2982 934 3042 dabit
954 3002 1064 3061 paenas.
1106 2983 1166 3050 Qui
1177 2985 1256 3046 euim
1315 2978 1318 2987 ’

156 3091 217 3151 ego
225 3092 303 3133 nunc
314 3074 437 3134 istorum
450 3075 612 3135 calumnias
626 3075 774 3147 refutabo,
787 3074 823 3134 iis
837 3074 953 3133 omissis
963 3073 1002 3133 de
1011 3074 1117 3151 quibus
1124 3093 1177 3137 ros
1187 3095 1256 3152 pro.

155 3164 356 3227 nunciabitist
390 3167 509 3228 Deinde
520 3169 609 3228 miror
622 3185 779 3247 quamnam
793 3169 977 3238 ob'oausam,
991 3165 1137 3243 siquidem
1147 3166 1216 3228 vere'
1227 3179 1260 3228 et

149 3259 217 3338 jure
241 3278 386 3320 accusare
406 3281 453 3320 me
476 3260 582 3340 potuit,
596 3267 666 3321 'cum
687 3278 741 3319 nos
756 3258 850 3318 'amici
871 3257 1056 3320 reconciliare
1079 3257 1203 3334 vellent,
1225 3269 1260 3324 et
1285 3283 1286 3288 ¹

154 3351 251 3412 multa
262 3353 355 3413 verba
374 3342 455 3412 iacta
475 3363 588 3432 essent,
601 3353 632 3412 in
651 3353 764 3412 illorum
779 3351 903 3410 decretis
923 3351 1111 3438 acquiescere
1129 3357 1191 3414 n'orr
1202 3371 1259 3434 po«

154 3444 243 3504 tuerit
251 3443 272 3502 l*
295 3445 335 3504 At
348 3445 467 3525 quinam
482 3456 521 3509 ¹et
536 3465 617 3505 meas
630 3456 661 3507 et
677 3445 754 3506 illius
778 3444 976 3528 accusationis
987 3441 1078 3504 falsas
1092 3445 1258 3526 redargutae

153 3547 223 3597 sent
245 3537 372 3611 facilius,
384 3557 476 3619 quam
493 3537 524 3596 hi
545 3540 594 3618 qui
617 3540 705 3598 rebus
726 3539 808 3598 hisce
835 3539 969 3599 omnibus
989 3537 1256 3621 interfuerant,qui

154 3645 245 3708 reque
256 3628 408 3690 uobiscum
421 3639 528 3690 norant
540 3630 708 3708 omniaqui
719 3649 892 3690 communes
902 3630 1033 3709 utrisque
1052 3629 1140 3692 amici
1151 3632 1258 3699 erautl

155 3721 219 3783 Sed
228 3723 417 3802 perspicuum
427 3732 559 3797 est,cum
569 3724 607 3782 ab
616 3723 821 3808 eismaniseste
829 3722 1033 3802 coarguendus
1044 3721 1178 3796 esset,ad
1187 3743 1257 3786 eum

154 3813 276 3888 modum
285 3815 446 3895 transigere
457 3832 514 3876 ere
526 3815 604 3875 illius
613 3835 676 3876 non
687 3814 789 3876 tuisse.
810 3813 920 3894 Neque
928 3815 1006 3890 enim
1018 3827 1122 3897 putare
1131 3816 1258 3891 debetis,

153 3905 293 3981 Judices,
313 3927 365 3968 eos
382 3901 435 3986 qui
452 3901 633 3973 brecomn'ia
645 3906 755 3981 sciunt,
771 3925 850 3967 nunc
865 3925 919 3966 suo
932 3906 1004 3966 mihi
1015 3907 1148 3988 pericula
1158 3907 1258 3972 dicere

151 4000 368 4073 testimouium,
379 4009 443 4060 tum
453 3999 643 4081 verojuratos
658 3999 739 4060 aliud
751 3998 845 4060 luisse
856 3999 894 4059 de
906 3998 957 4060 lite
969 4000 1223 4080 pronunciatores.
1253 4024 1258 4030 ·

181 4095 229 4156 ’6.
248 4093 341 4161 Quod
353 4093 383 4154 si
391 4090 452 4154 tale
463 4093 537 4154 nibil
546 4093 623 4154 inter
636 4112 692 4174 nos
705 4093 929 4165 intercessisset,
942 4113 980 4153 ne
992 4102 1056 4154 tum
1069 4092 1187 4172 quidem
1198 4094 1258 4154 dita

153 4184 234 4246 licile
247 4193 325 4250 esset
336 4193 479 4256 statuere,
488 4193 553 4245 uter
572 4204 641 4245 rera
654 4185 774 4246 diceret.
793 4241 795 4246 ,
817 4185 895 4246 Nam
909 4184 1088 4258 decadibus,
1102 4183 1128 4244 si
1147 4184 1188 4244 ait
1202 4184 1260 4244 ime

152 4275 245 4356 pulsu
258 4295 326 4336 meo
338 4276 540 4357 Polyeuotum
560 4275 720 4336 mandasse
739 4285 773 4336 ut
791 4275 881 4356 libelli
894 4275 972 4336 mille
992 4275 1198 4337 drachmarum
1212 4276 1259 4336 in-

113 4403 118 4410 =
155 4367 239 4444 dices
247 4377 478 4448 apponerentur,
486 4378 518 4428 at
527 4387 589 4430 non
597 4368 687 4428 etiarn
696 4368 826 4428 testibus
837 4366 1125 4448 persuasissnimirum,
1133 4368 1260 4450 Spuma,

155 4471 189 4520 at
201 4460 343 4522 iumearu
353 4462 477 4542 gratiam
492 4459 572 4524 salsa
581 4470 770 4548 testarentur,
793 4463 846 4541 qui
864 4459 972 4522 affuere
987 4479 1055 4522 curu
1075 4459 1148 4538 mihi
1166 4459 1259 4521 liliam
