2967 4950
230 293 290 354 ⁷64
534 287 705 352 CONTRA
727 234 1048 350 auunculum

229 447 368 508 soluto
393 441 635 526 reipublicae
666 443 807 506 debito
833 443 1036 516 deluatur,
1058 441 1146 506 darl
1173 441 1215 504 in
1245 453 1330 506 cum

229 539 434 602 actionem
475 536 780 618 expunctionis·
807 536 914 618 apud
949 535 1147 608 sexairoa,
1170 555 1254 598 nou
1290 536 1332 598 iu

230 631 405 712 numqui
425 630 874 710 debetnecinsc'riptur
894 628 1047 704 ostend
1067 629 1332 692 estentona

228 734 270 787 ct
294 725 393 786 aliis
421 724 551 806 pacuis
570 723 761 786 mulctari
778 723 934 804 jubere·
967 722 1332 802 Sad'quidtumoomuas

228 817 392 882 ulciscendi
416 817 549 878 inimicos
562 817 624 878 vias
646 816 815 890 edooea‚oc
836 827 896 878 non
914 815 1334 897 paternorumque

227 929 259 972 es
272 909 421 974 adductus
435 908 629 990 injuriatum,
643 909 777 972 refutant
880 949 884 957 -

250 1005 317 1066 ¹14.
336 1003 500 1066 Mamas
523 1013 602 1064 certe
625 1002 675 1083 qui
698 1004 853 1066 decretum
871 1003 904 1064 iu
920 1016 971 1066 cot
986 1004 1069 1076 facit,
1081 1003 1135 1082 qui
1150 1010 1332 1066 nemum

224 1093 337 1171 injuriis
350 1096 490 1167 afficiant.
502 1116 559 1158 nec
579 1095 662 1157 vobis
682 1105 810 1167 tantum.
825 1095 981 1158 sedsociis
1000 1097 1089 1158 etiam
1109 1094 1271 1176 munsit)
1287 1093 1333 1153 io·

226 1191 352 1252 eundum
365 1207 432 1252 essa
444 1193 600 1268 rationem,
612 1208 673 1269 qua
685 1189 860 1250 facinorosis
870 1189 1036 1261 secuntur,
1048 1187 1150 1265 atatim
1168 1187 1246 1248 adeo
1259 1204 1334 1247 oon·
1466 1258 1467 1265 ἵ

225 1295 273 1346 tra
282 1283 405 1344 decreta
427 1304 483 1344 sua
502 1281 663 1344 detondere
684 1281 879 1343 Theocritum
888 1300 958 1342 ,non
970 1282 1137 1357 motmunt,
1149 1297 1249 1356 neque
1264 1295 1332 1338 suu·

226 1375 296 1440 ders
309 1376 395 1436 robis
406 1375 564 1446 dubitabit,
575 1382 638 1454 tam
651 1379 753 1453 aperte
770 1372 939 1434 convictum
951 1371 990 1432 ds
1002 1369 1120 1450 injustis
1134 1377 1333 1431 mercatorum
1466 1398 1467 1409 ι

226 1467 433 1538 delationibus,
454 1476 490 1527 ut
513 1465 684 1539 absolvatis,
705 1476 797 1544 atqua
819 1463 939 1543 impunc
960 1460 1135 1530 dimittatisz
1164 1481 1225 1522 uon
1246 1461 1335 1522 alitor

225 1579 315 1641 ιιιιιιιι
328 1561 354 1622 si
367 1568 523 1639 propteroa
530 1557 695 1620 censuisset
703 1557 864 1638 piramrum
873 1553 1104 1636 grassationibus
1115 1553 1333 1626 obsistendum,

225 1663 260 1714 ut
273 1652 324 1732 qui
336 1651 487 1732 mrignm,
507 1660 646 1730 superato
665 1652 754 1711 maris
777 1649 921 1730 periodo,
934 1647 998 1710 istis
1015 1648 1048 1715 iu
1067 1657 1157 1730 portu
1172 1647 1334 1728 pecuniam

225 1743 400 1824 ponderent,
414 1753 465 1804 aut
473 1754 670 1806 mercatorum
680 1741 792 1822 aliquid
799 1743 965 1816 mtsruset,
978 1743 1071 1804 uitato
1081 1743 1186 1804 Macro
1194 1742 1228 1802 in
1235 1742 1335 1804 Theo·

226 1838 337 1900 criucm
357 1836 495 1899 incidere.
537 1838 603 1917 ligo
623 1856 694 1898 vero
713 1855 782 1916 quas
794 1837 873 1900 iuter
889 1836 1089 1916 mrignndun
1107 1836 1262 1910 accidunt,
1273 1847 1335 1898 non

225 1931 310 1992 vobis
325 1929 380 1992 sed
401 1929 524 1992 ducibus
543 1928 887 2008 longarumqueuarium
899 1929 1047 2008 protectis
1056 1929 1334 1992 adroibmdacn·

227 2043 300 2086 seor
329 2043 397 2105 quea
419 2043 489 2084 vero
511 2022 542 2082 in
564 2020 689 2094 Piraeeo,
703 2030 735 2082 et
758 2020 839 2100 apud
858 2020 1061 2100 magistratus.
1073 2013 1168 2094 vobis,
1191 2023 1247 2102 qui
1266 2022 1334 2083 uec

227 2117 325 2178 cornia
337 2117 367 2177 iu
380 2124 528 2196 potestate
538 2113 662 2175 arbem.
690 2114 789 2183 Quare
796 2112 893 2193 magis
903 2113 1029 2174 carendi
1043 2119 1112 2174 sunt
1125 2115 1178 2194 qui
1189 2114 1333 2194 lriclegcs

226 2211 449 2289 riolsnt,qunm
462 2208 513 2288 qui
535 2207 606 2268 loris
627 2206 935 2287 decratanegligont3
956 2216 992 2267 ut
1010 2225 1048 2266 ne
1065 2206 1123 2287 ipsi
1140 2206 1236 2288 arquis
1257 2208 1333 2269 imno
1466 2230 1467 2247 ι

228 2305 332 2366 ommis
354 2321 391 2362 ea
414 2309 483 2382 quus
495 2301 582 2371 fiunt,
596 2310 628 2360 et
648 2299 793 2362 scelerum
815 2298 921 2362 horum
943 2319 1012 2361 esso
1029 2300 1150 2373 conscii,
1163 2299 1333 2362 udnemlni.

229 2396 294 2457 Noc
306 2395 394 2466 euim,
411 2409 479 2454 oum
492 2412 511 2456 a
524 2391 635 2465 Meliis,
647 2411 666 2452 o
680 2391 852 2466 Marrucina,
861 2412 900 2454 er
909 2401 961 2454 tuo
972 2391 1095 2454 domato
1106 2393 1212 2454 decom
1220 2393 1333 2455 talenta

188 2486 191 2495 ’
229 2490 271 2551 ob
283 2498 419 2569 receptos
431 2487 541 2567 piratas
560 2487 723 2566 exigamus,
743 2488 834 2547 istum
847 2486 1044 2561 absolvemus,
1056 2487 1108 2567 qui
1125 2497 1158 2549 et
1177 2498 1264 2549 tuum
1283 2489 1333 2549 da

228 2591 342 2641 orntum
355 2588 386 2641 et
394 2580 476 2659 leges
489 2596 556 2660 quse
564 2579 673 2641 civium
682 2578 933 2643 consociationem
943 2590 1073 2654 tuantur,
1084 2580 1224 2643 uiolaritz
1237 2600 1333 2663 noque

230 2692 299 2735 curn
323 2673 495 2736 insulariam
522 2672 643 2755 iujurias
666 2674 884 2755 prendamus,
908 2674 961 2755 qul
986 2684 1023 2736 ut
1042 2676 1189 2751 jnstit'nm
1221 2677 1332 2752 colant,

230 2760 326 2829 classe
345 2767 435 2828 missa
454 2766 581 2847 cogendi
603 2776 681 2839 sunt,
695 2786 750 2829 vos
773 2766 1033 2846 uelarlos,quibus
1054 2768 1086 2829 in
1107 2768 1168 2831 lroc
1190 2784 1332 2833 conum

229 2857 371 2921 mulctam
390 2859 518 2941 irrogare
539 2858 657 2936 debent,
671 2858 702 2921 hi
725 2859 891 2924 absolvent.
931 2860 1056 2923 Minime
1074 2880 1157 2938 voro,
1176 2864 1205 2925 si
1221 2863 1332 2947 sapitu-

232 2951 338 3015 Recita
349 2952 527 3014 columnam.

665 3168 886 3233 COLUMNA.

233 3296 237 3305 ’
280 3310 327 3377 15.
349 3314 394 3377 Ac
408 3317 447 3376 de
460 3312 577 3397 legibus
591 3315 712 3397 ipsaque
732 3333 764 3374 re
782 3306 865 3376 haud
882 3313 944 3375 scio
965 3311 1051 3395 plura
1071 3312 1173 3375 dicere
1194 3334 1333 3395 quorsum

233 3410 479 3483 attineat‚-sstis
501 3408 579 3469 enim
592 3426 645 3468 vos
665 3429 701 3469 ea
719 3426 867 3489 cognosse
880 3426 1039 3479 censeo-,
1052 3407 1120 3469 volo
1134 3418 1237 3469 autem
1249 3430 1335 3491 usqua

231 3504 265 3563 're
289 3518 343 3580 pro
364 3518 410 3559 me
432 3498 496 3579 ipso
518 3510 549 3560 et
572 3508 655 3579 patre
673 3520 693 3561 a
714 3498 800 3560 vobis
814 3508 908 3572 orata,
929 3498 1122 3575 descendere,
1142 3521 1240 3583 neque
1253 3504 1333 3565 vobis

233 3592 342 3653 diutius
355 3590 502 3652 facessere
516 3590 676 3672 negotium.
709 3590 929 3671 Ego‚Judices,
942 3591 1101 3673 compatri
1117 3592 1334 3674 opitulandum,

233 3684 323 3765 idque
331 3684 446 3765 justum
459 3703 525 3745 esse
537 3693 681 3765 putarem,
695 3699 804 3746 nomen
817 3685 901 3746 istius
914 3683 1018 3761 detuli,
1031 3694 1066 3745 ut
1087 3685 1149 3747 dixi
1168 3684 1264 3764 initio,
1277 3709 1336 3749 non

232 3778 371 3865 ignorans
386 3787 416 3837 et
428 3777 463 3837 iis
477 3777 527 3859 qui
540 3776 706 3859 vituperare
720 3778 822 3839 volent
834 3778 1016 3861 suppetitura
1028 3780 1130 3853 verba,
1144 3782 1252 3861 quibus
1265 3794 1336 3844 arta·

234 3881 296 3931 tem
315 3889 410 3929 meam
433 3869 656 3947 calumnientur,
671 3882 701 3932 et
724 3870 898 3947 laudaturis,
912 3872 964 3953 qui
985 3889 1035 3933 me
1056 3874 1220 3956 prudenter
1241 3876 1335 3939 facere

233 3958 391 4045 putabunt,
404 3958 455 4041 qui
467 3962 571 4023 ulcisci
582 3972 737 4043 paternum
750 3963 865 4025 hostem
878 3961 1074 4028 instituerim:
1093 3988 1198 4029 verum
1216 3966 1294 4045 hoec,
1304 3981 1337 4031 ut
1354 3954 1358 3962 ¹

233 4052 354 4115 lortuna
364 4052 492 4128 tulisset,
507 4055 550 4115 sic
564 4056 643 4133 apud
656 4056 806 4117 auditores
818 4066 960 4119 eventura
971 4059 1147 4135 existimavi,
1157 4060 1231 4123 milri
1240 4073 1336 4125 auum

236 4146 406 4207 mandatum
421 4146 518 4225 patris,
528 4148 642 4227 justum
662 4149 835 4229 prasertim,
848 4170 917 4212 esse
934 4154 1169 4233 exsequendum.
1210 4154 1337 4223 Quando

238 4239 316 4298 euim
339 4238 522 4299 ostenderem
542 4258 589 4299 mc
610 4240 638 4299 ei
661 4241 893 4321 opitulaturum?
913 4243 984 4305 Nou
996 4266 1066 4307 cum
1078 4246 1211 4310 vindicta
1223 4249 1337 4328 legibus

239 4330 432 4391 conceditur?
454 4350 520 4391 curn
535 4349 592 4410 ego
606 4351 670 4392 sum
683 4332 831 4415 particeps
844 4346 977 4418 pateruoe
989 4339 1189 4402 calamitatis?
1207 4360 1277 4403 cum
1291 4361 1338 4403 so·

239 4419 285 4479 lus
297 4431 378 4500 pater
390 4434 435 4485 est
447 4424 629 4487 derelictus?
648 4426 679 4487 id
698 4428 887 4509 quodmodo
908 4432 1027 4495 accidit.
1070 4434 1337 4517 Nan-pratentis
