2967 4950
501 278 546 338 ru
567 254 923 343 ourrurronouuu'.
1196 283 1253 342 sn
1286 323 1289 330 ,

153 420 327 513 tranquillis
355 430 460 492 animis
482 432 519 493 de
545 432 635 493 istuis
653 434 851 513 postulatione
874 433 1076 495 disseruimus.
1117 432 1160 495 lis
1182 455 1256 496 sero

119 538 122 543 ·
155 522 290 599 ludices,
304 544 372 606 quos
390 524 542 586 internos
560 525 596 585 de
616 528 823 588 controversiis
836 527 942 587 nostris
952 527 1067 606 egimus
1079 546 1257 589 commemo·

155 620 264 693 randis,
278 620 349 700 quid
366 620 513 679 sut-vobis
527 619 678 698 negotium
691 620 846 693 facessam
855 632 906 681 sut
919 620 1062 701 meipsum
1076 618 1256 700 defatigem?

155 710 243 770 finem
255 720 364 771 'sutem
373 711 425 791 qui
439 723 615 773 consecutus
637 722 691 785 est,
706 732 759 773 vos
773 713 874 773 sudire
891 732 1014 773 necesse
1032 723 1087 773 est.
1129 712 1195 791 Ego
1207 713 1257 773 isti

150 802 247 882 judex
254 804 307 876 fui,
315 813 347 865 et
354 803 503 876 istemihi,
513 814 546 863 ut
556 813 674 883 uterque
687 815 818 865 nostrum
828 805 979 865 semissem
990 804 1134 884 occiperet
1143 824 1255 877 eorum,

155 915 225 973 quse
242 896 535 977 Cououreliquisset,
548 906 643 976 neque
663 896 755 957 ullum
769 898 909 978 deinceps
923 907 1002 959 esset
1015 900 1157 959 internos
1170 899 1258 960 dissi·

157 988 253 1049 dium.
294 989 376 1049 Num·
391 989 491 1062 malui,
509 990 738 1063 ludices‚1ultro
756 990 804 1051 isti
825 990 965 1069 impertiri
982 992 1090 1071 potius,
1104 1012 1193 1073 quam
1206 1013 1258 1053 ex·

158 1080 246 1161 periri
255 1081 366 1161 judicio
381 1101 448 1142 cum
469 1102 505 1143 eo
526 1082 614 1143 affine
634 1102 698 1143 meo
713 1083 873 1142 etmolesti
890 1081 1001 1160 aliquid
1020 1084 1117 1144 dicere
1134 1084 1163 1144 iu
1178 1106 1255 1158 eum,
1308 1149 1316 1164 ,

156 1172 277 1235 struem
301 1175 400 1235 uxoris
420 1192 493 1235 meoe
508 1185 539 1234 et
552 1177 730 1237 avunculum
744 1196 874 1237 meorum
888 1175 1019 1246 liberum,
1040 1186 1072 1235 et
1084 1179 1121 1236 ab
1134 1177 1194 1237 isto
1206 1172 1258 1239 a'u·

156 1264 219 1327 dire
234 1268 399 1327 convicium
414 1268 546 1348 aliquod.
568 1262 626 1329 His
637 1271 773 1329 omnibus
783 1268 983 1339 consideretis,
997 1269 1073 1329 cessi
1086 1269 1133 1329 ei:
1153 1282 1258 1350 postea

155 1369 246 1441 pecte
260 1362 486 1440 conscripsimus
499 1362 640 1422 internos
655 1362 791 1423 omuibus
809 1363 847 1421 de
868 1362 964 1432 rebus,-
976 1372 1006 1421 et
1020 1371 1152 1423 sunctum
1161 1363 1258 1444 jusju-

155 1452 282 1513 tondum
298 1453 466 1515 alteralteri
480 1452 624 1527 dedimus,
638 1474 690 1515 uos
702 1454 984 1533 omninoquaeboua
994 1454 1149 1517 manifesta
1160 1467 1261 1517 essent

149 1544 231 1625 juste
245 1546 402 1620 divisuros,
417 1556 447 1607 et
459 1556 593 1606 neutrum
604 1547 717 1607 meliori
730 1548 793 1608 fore
806 1546 974 1608 conditione
987 1567 1076 1625 quam
1090 1541 1214 1609 'alterum
1227 1551 1259 1609 in

154 1636 191 1697 iis
202 1658 273 1719 quoe
288 1640 394 1699 Conon
408 1640 586 1719 reliquisset,
600 1650 630 1701 et
642 1651 748 1700 caetera
760 1639 859 1699 onmia
877 1641 1071 1701 communiter
1085 1641 1258 1721 quaesituros

153 1740 366 1805 etexacturos,
380 1732 523 1792 internos
538 1732 730 1806 deliberantes
743 1732 819 1809 quid
828 1733 932 1811 quovis
946 1744 1077 1812 tempore
1087 1733 1167 1794 lecto
1180 1746 1261 1797 esset

152 1843 242 1903 opus.
286 1826 514 1904 Suspicobumur
529 1827 617 1897 enim,
641 1825 932 1897 ,ludicen-venturos
955 1824 1040 1885 etism
1058 1826 1131 1885 ulios
1151 1828 1201 1905 qui
1220 1830 1259 1889 dc

156 1918 292 1977 Cononis
307 1918 478 1979 haereditate
493 1918 634 1999 litigaturi
648 1926 818 1990 essent,.ut,
838 1928 869 1977 et
887 1918 1005 1977 fratrem
1027 1937 1136 1997 meum,
1154 1920 1260 1982 eodem

132 2028 137 2032 ’
153 2024 242 2093 patre
255 2011 339 2071 illum
352 2013 482 2092 quidem,
497 2014 550 2073 sed
563 2022 655 2073 matre
670 2031 730 2072 non
746 2011 849 2071 eadem
864 2021 975 2082 natum,
989 2012 1039 2089 qui
1049 2045 1052 2052 =
1061 2030 1197 2091 peregre-
1206 2016 1258 2074 ab·

151 2114 237 2166 eret:
261 2104 341 2185 quod
352 2106 454 2183 siquis
468 2106 542 2167 alius
555 2106 782 2165 controversiam
795 2104 880 2164 nobis
899 2104 997 2164 locere
1010 2104 1108 2177 vellet,
1122 2126 1176 2165 nos
1192 2128 1257 2185 pro·

154 2199 260 2260 hibere
273 2217 333 2259 non
347 2218 454 2279 posse;
477 2219 544 2258 cum
553 2200 635 2279 leges
648 2198 738 2258 cuivis
753 2198 825 2257 dent
835 2197 956 2277 petendi
969 2206 1153 2276 potestatem.
1184 2200 1260 2260 Haec

153 2290 248 2371 igitur
261 2292 359 2351 omnis
372 2291 569 2370 providentes,
583 2300 670 2371 pacto
681 2289 906 2368 conscripsimus
916 2297 947 2348 et
958 2287 1047 2349 fidem
1061 2302 1162 2349 mutuo
1176 2291 1259 2351 dedi-

153 2392 238 2453 mus,
252 2393 286 2442 ut
297 2384 394 2443 neutri
405 2392 537 2443 nostrum
550 2382 598 2443 vel
611 2380 723 2441 volenti
736 2381 783 2440 uel
795 2381 884 2441 invito
896 2381 997 2441 liceret
1008 2381 1166 2460 quicquam
1177 2404 1258 2445 seor-

86 2521 87 2524 η
156 2479 217 2540 sim
230 2499 328 2558 ogere,
343 2477 399 2539 sed·
409 2489 443 2540 ut
456 2478 493 2539 de
507 2477 655 2538 communi
669 2475 791 2536 consilio
809 2485 841 2536 ct
861 2477 1007 2536 sententis
1025 2495 1178 2555 ageremus
1195 2500 1259 2540 om·
1336 2472 1339 2476 “

157 2571 230 2631 nis:
251 2581 282 2632 et
293 2570 397 2631 luorum
411 2591 505 2632 rerum
518 2580 608 2631 testes
627 2569 751 2630 fecimus
768 2567 893 2648 primum
912 2568 995 2640 deos,
1009 2589 1134 2648 quorum
1151 2592 1259 2635 numen

158 2663 237 2724 alter
260 2661 343 2722 alteri
363 2663 535 2742 juravimus,
556 2674 595 2722 et·
612 2672 754 2742 cognatos
772 2671 900 2734 nostros,
923 2661 1030 2722 deinde
1053 2664 1259 2728 Androclidem

157 2755 393 2825 Acharneusem,
407 2755 593 2835 apudquem.
601 2765 689 2833 pacta
698 2752 896 2832 deposuimus.
917 2778 922 2793 ·
939 2753 1148 2834 legamigitur
1165 2759 1259 2833 vobis,

157 2847 296 2921 ludices,
313 2847 419 2927 legem,
435 2868 495 2928 qua
506 2857 594 2928 pocta
607 2845 834 2926 conscripsimus
847 2845 1001 2920 internos,
1018 2856 1049 2908 et
1061 2848 1260 2916 testimonium

157 2943 226 3022 ejus
240 2940 290 3020 qui
304 2941 502 3022 pocts÷habet.
546 2941 651 3002 Recita
665 2939 762 3018 legem
774 2939 909 3019 primurn.

634 3175 636 3180 '
664 3171 757 3231 LEX.
834 3178 837 3185 '

92 3353 94 3356 -
159 3309 241 3390 Lege
256 3310 486 3374 et=Androclidae
499 3309 706 3372 testimonium.

285 3537 302 3569 ⁸
558 3523 869 3592 TESTIMONIUM.

202 3673 231 3732 3.
247 3671 409 3752 Postquam
423 3673 512 3734 fidem
525 3683 627 3734 mutuo
641 3674 788 3753 dedimus,
802 3677 939 3756 pactione
960 3677 1038 3756 apud
1051 3678 1261 3742 Androclidem

160 3766 312 3847 reposita,
322 3767 398 3828 duos
412 3786 469 3844 ego
483 3777 580 3846 portes
591 3768 657 3842 feci,
671 3768 804 3828 ludices.
838 3770 890 3829 dc
901 3771 994 3829 alters
1007 3789 1075 3850 pars
1088 3773 1261 3846 erst,.aedes

95 3881 100 3888 ·
158 3860 192 3919 in
209 3859 314 3939 quibus
328 3859 551 3940 habitaratipsc
573 3859 688 3932 Conon,
701 3871 732 3921 et
750 3862 894 3941 mancipis
908 3863 956 3942 qui
969 3882 1074 3938 saccos
1098 3867 1260 3928 texebant:

84 3993 87 3998 -
159 3953 255 4014 alters
267 3972 335 4032 pars
348 3964 432 4012 erant
442 3953 508 4012 sliae
527 3953 606 4012 aedes
618 3965 649 4012 et
662 3953 806 4034 mancipia
820 3955 1003 4034 seplasiurii.'
1026 3957 1065 4016 .Si
1079 3959 1149 4036 quid
1163 3969 1262 4024 sutem

160 4045 298 4124 pecumae
312 4046 474 4108 manifestos
490 4047 595 4106 Conon
614 4057 666 4106 aut
686 4046 716 4105 in
737 4066 840 4107 mensa
859 4047 1031 4115 Heraclide·
1044 4051 1215 4129 reliquerats
1230 4050 1263 4110 id

161 4137 324 4198 omnofere
337 4137 519 4218 insumptum
533 4138 589 4198 fuit
603 4138 824 4218 insepultorum
837 4150 869 4202 et
882 4154 990 4204 coetero
1004 4143 1136 4203 funebria
1148 4152 1178 4201 et
1191 4143 1262 4202 aedie

160 4228 534 4291 ficationem-monumenti.
576 4229 753 4310 Egoigitur
771 4233 857 4294 factis
878 4235 992 4295 duabus
1012 4235 1094 4295 hisce
1112 4234 1262 4312 portibus,

160 4321 312 4401 optionem
327 4323 538 4404 Olympiodoro
553 4323 628 4383 dedi
647 4337 742 4384 utram
764 4325 853 4386 vellet
866 4327 1010 4406 eligendi:
1033 4326 1159 4405 atque-is
1173 4327 1264 4407 elegit

161 4413 350 4494 seplasisrios
366 4427 397 4477 et
416 4416 506 4488 aedes,
520 4435 577 4495 ego
591 4436 660 4478 vero
681 4419 782 4498 occepi
805 4438 958 4480 saccorum
979 4428 1107 4478 textores
1131 4429 1161 4479 et
1183 4421 1264 4480 odes
