2967 4950
392 297 397 301 ⁸
421 306 426 317 ’
506 306 586 364 etto
610 306 878 367 PHORMlONE.

647 588 737 647 nux.
776 564 778 567 ’

147 730 203 789 Lex
225 731 358 809 quidem,
373 730 581 802 Athenienses,
603 730 644 790 ita
667 733 822 812 perspicue
841 734 935 795 linivit
951 744 1091 816 tempus:
1120 721 1241 815 Apollo-

146 821 232 883 doms
246 833 358 895 sutem,
375 822 461 883 annis
475 822 585 901 elapsis
607 822 734 902 emplius
748 824 860 903 viginti,
873 824 964 905 pluris
980 826 1090 889 euobis
1103 826 1243 887 aestimari

145 914 205 975 vult
226 914 407 979 calumniam
426 934 511 977 suam
530 934 620 994 quum
635 916 729 995 leges,
748 918 914 980 secundum
927 939 1002 997 quas
1012 921 1103 1000 jurati
1117 940 1243 1001 pronun-

144 1006 235 1066 cistis.
277 1008 376 1067 Decet
395 1004 575 1076 sutem'vos,
589 1007 798 1084 Athenienses,
814 1028 882 1069 cum
904 1012 1041 1072 omnibus
1056 1032 1157 1094 parere
1170 1014 1248 1092 legi-

145 1098 208 1170 bus,
228 1107 293 1157 turn
307 1098 375 1160 huic
387 1100 419 1160 in
439 1100 551 1179 primis,
564 1120 654 1178 quem
677 1101 767 1161 Solon
790 1120 857 1161 mes
875 1102 992 1179 quidem
1008 1104 1143 1183 opinione
1162 1104 1243 1165 haurd

145 1189 229 1249 uliam
243 1192 282 1249 ol>
297 1210 418 1251 cansam
432 1190 509 1263 tulit,
522 1190 579 1251 nisi
592 1201 676 1251 utne
689 1192 973 1271 vosdeciperemini.
1015 1195 1093 1254 Nam
1112 1196 1181 1255 etsi
1195 1197 1244 1257 cui

144 1280 221 1341 faeta
240 1292 323 1342 esset
338 1282 444 1362 injuris
460 1282 532 1343 satis
545 1302 609 1346 esse
628 1283 743 1361 putavit
756 1284 986 1362 quinquennium
999 1284 1039 1343 nd
1053 1285 1243 1363 exigendum,

142 1382 170 1433 et
189 1374 367 1436 mentientes
379 1375 454 1453 ,ipso
472 1385 607 1479 tempore
624 1374 840 1438 evidentissime
863 1394 950 1455 posse
971 1376 1127 1455 redarguit
1157 1378 1243 1437 simul

146 1467 230 1525 etism
233 1476 411 1546 ,postquem
423 1486 484 1529 non
498 1467 664 1548 possedisti
674 1466 761 1537 videt
778 1477 812 1528 ιιι
831 1477 862 1527 et
879 1468 1087 1551 contrahentes
1105 1478 1136 1529 et
1152 1478 1243 1529 testes
1281 1510 1282 1513 =

145 1568 287 1637 perpetuo
301 1559 409 1631 vivant,
423 1559 454 1619 in
475 1577 577 1625 eornm
597 1559 695 1636 locum
707 1560 792 1621 hanc
805 1560 902 1640 legem
914 1559 1041 1631 suffecit,
1057 1570 1091 1621 nt
1110 1561 1154 1620 his
1176 1580 1244 1678 quas
1282 1596 1290 1608 ·

146 1650 224 1711 dicte
237 1651 359 1713 fuerunt
371 1651 454 1716 testis
473 1662 551 1715 esset
563 1652 721 1731 oequ1tnt1s
869 1716 873 1723 ,

184 1742 232 1803 to
255 1744 348 1804 Miror
361 1744 506 1823 equidem,
520 1744 655 1817 Judices,
669 1764 806 1825 quosnam
826 1766 864 1807 ea
884 1747 943 1808 sint
960 1767 1028 1827 ques
1047 1748 1086 1808 nd
1108 1747 1175 1808 haec
1199 1768 1244 1807 re-

144 1806 289 1939 qundere
312 1834 444 1895 instituet
465 1835 680 1915 Apollodorus:
702 1855 763 1899 non
786 1838 864 1897 enim
885 1839 915 1899 id
934 1848 1027 1917 putat,
1046 1839 1156 1900 scilicet
1180 1859 1244 1912 vos,

145 1927 192 2006 qui
217 1948 287 1987 eum
309 1927 399 1993 nullis
422 1928 589 1991 fraudatum
611 1929 742 2008 pecuniis
763 1929 896 2001 videntis,
917 1950 996 2009 aegre
1020 1930 1144 2001 laturos,
1163 1930 1245 2010 quod
1283 1918 1286 1926 ¹
1357 1973 1361 1980 ·

145 2029 270 2079 matrem
282 2021 347 2098 ejus
361 2018 499 2080 Phormio
521 2020 639 2079 duxerit
656 2040 791 2081 uxorem.
833 2022 937 2102 Neque
957 2022 1035 2082 enim
1048 2022 1105 2084 hoc
1118 2022 1244 2101 ignoret,

121 2161 123 2172 .
145 2132 240 2191 nsque
252 2112 298 2172 vel
308 2110 514 2196 eumproeterit
527 2111 573 2172 vel
586 2112 742 2193 plerosque
753 2121 894 2187 uestrum,
908 2113 1059 2173 Socratem
1068 2113 1247 2173 mensorium

144 2204 238 2277 illum,
253 2224 273 2263 ι
287 2204 411 2264 dominis
428 2204 567 2274 ,libertate
582 2204 736 2277 donatum,
749 2215 783 2265 ut
803 2204 887 2267 istius
910 2214 1035 2285 patrem,
1051 2204 1171 2265 dedisse
1191 2204 1245 2263 Sa-

144 2307 208 2377 tyro
223 2316 347 2357 uxorem
361 2316 455 2369 suam,
470 2295 521 2376 qni
534 2298 704 2358 seruitutem
722 2297 880 2374 aliquando
895 2298 974 2374 apud
987 2298 1083 2376 ipsum
1098 2297 1245 2357 servisset.

144 2394 244 2454 Alium
271 2391 414 2456 Sosiclem
435 2390 702 2470 quingenariam
720 2390 862 2451 lectitarit
882 2390 1000 2450 dedisse
1018 2408 1138 2449 uxorem
1162 2409 1246 2449 suam

146 2485 331 2558 Timodemo,
345 2485 397 2564 qui
414 2486 506 2545 etism
519 2500 599 2544 nunc
618 2483 649 2544 in
672 2483 744 2542 vivis
763 2492 819 2556 est,
834 2492 864 2542 et
884 2483 948 2562 ejus
971 2483 1127 2561 aliquando
1146 2470 1246 2545 servus

144 2579 208 2638 luit
252 2578 358 2656 Neque
371 2571 484 2637 veroid
498 2576 632 2638 homines
645 2575 713 2635 huic
726 2574 852 2654 quaestui
870 2573 964 2634 dediti
982 2574 1030 2634 hic
1044 2575 1190 2636 duntaxat
1202 2577 1246 2636 fa·

144 2671 239 2746 ciunt,
254 2668 463 2749 Athenienses,
477 2668 532 2730 sed
550 2677 582 2727 et
597 2668 629 2748 in
646 2667 754 2748 AEgina
776 2666 858 2728 dedit
876 2667 1087 2746 Strymodorus
1107 2667 1246 2728 Hermann

80 2745 86 2760 ¹
145 2782 229 2826 seruo
249 2780 305 2822 suo
328 2779 463 2835 uxorem,
476 2779 572 2838 esque
590 2755 863 2833 defuncte,'rursus
886 2759 913 2818 ei
935 2758 1017 2818 dedit
1035 2759 1125 2838 filiam
1149 2779 1245 2820 susm.

146 2856 236 2919 Multi
250 2855 338 2932 hujus
351 2853 468 2934 generis
479 2850 701 2913 commemorari
721 2859 853 2930 possent.
896 2849 1012 2912 Merito.
1049 2850 1142 2912 Vobis
1156 2851 1245 2924 enim,

145 2949 355 3021 Athenienses,
366 2947 418 3025 qui
433 2955 539 3010 natura
551 2947 635 3008 ‚ciues
645 2945 727 3016 estis,
742 2945 839 3004 nullas
852 2945 1044 3024 pecuniarum
1056 2945 1156 3022 copias
1170 2963 1245 3023 prse-

144 3039 344 3120 lerregeneri
364 3038 522 3104 honestum
535 3046 601 3118 estg
624 3037 675 3115 qui
693 3045 789 3098 autem
809 3037 925 3098 civitate
939 3035 986 3096 vel
1003 3035 1116 3096 euobis
1136 3035 1185 3094 uel
1207 3037 1245 3094 ab

144 3133 208 3195 eliis
220 3130 401 3212 quibusdem
414 3131 541 3190 fortunae
554 3128 698 3193 beneficio
709 3137 783 3191 sunt·
794 3128 911 3200 donati,
919 3138 960 3201 et,
972 3137 1091 3206 propter
1100 3136 1246 3204 quaestum
1338 3169 1340 3174 -
1389 3165 1398 3172 -

145 3223 355 3304 argentarium,
370 3233 400 3282 et
421 3221 576 3302 ampliores
591 3221 805 3300 possessiones,
824 3219 901 3300 idetp
910 3220 961 3297 jus
975 3217 1134 3298 consepeli,
1149 3217 1168 3278 ii
1180 3217 1247 3280 haec

145 3315 297 3378 custodire
323 3315 443 3376 dehent.
484 3315 584 3382 Quare
603 3312 692 3372 Pasio
712 3320 795 3390 pater
814 3319 883 3370 tuus
904 3329 999 3388 neque
1018 3310 1127 3389 primus
1149 3331 1245 3390 neque

146 3410 237 3484 solus,
253 3427 351 3487 neque
364 3408 411 3468 vel
429 3407 461 3466 in
474 3405 661 3483 semetipsum
679 3403 911 3464 contumeliosus
925 3403 971 3463 vel
984 3404 1014 3462 in
1027 3421 1081 3462 vos
1100 3403 1176 3463 filios
1192 3405 1246 3464 sed

144 3523 206 3567 non
219 3491 304 3563 aliter
316 3500 376 3565 suis
389 3500 477 3560 rebus
491 3517 581 3578 posse
592 3497 707 3556 consuli
719 3495 912 3575 prospiciens,
924 3495 980 3575 pisi
990 3494 1070 3562 hune
1080 3497 1245 3562 necessario

143 3598 229 3658 robis
242 3595 432 3674 conjunctum
444 3591 590 3663 redderet,
604 3608 689 3650 suam
702 3588 729 3648 ei
744 3607 877 3658 uxorem,
894 3597 1015 3648 matrem
1035 3595 1172 3657 vestram,
1193 3586 1246 3646 de·

143 3687 274 3768 spondit.
318 3685 405 3758 Quod
428 3684 453 3750 si
471 3682 625 3742 utilitatem
644 3691 773 3760 spectes,
794 3699 861 3740 eum
884 3687 963 3738 recte
987 3677 1042 3736 sibi
1061 3679 1245 3756 prospexisse

121 3779 370 3861 deprehendes·
392 3779 438 3838 sin
460 3777 561 3836 habita
582 3785 634 3835 aut
655 3773 879 3834 existimationis
901 3781 953 3832 aut
973 3771 1114 3832 nantium
1133 3770 1245 3836 ratione

145 3872 332 3934 Phormionis
346 3870 516 3931 affinitatem
530 3867 682 3938 averseris,
691 3866 759 3930 ,vide
771 3885 809 3928 ne
824 3864 980 3930 ridiculum
994 3865 1081 3924 sites
1094 3872 1124 3922 te
1137 3863 1245 3926 dicere.

147 3966 180 4032 si
202 3966 272 4054 quis
293 3963 371 4026 enim
389 3973 419 4023 te
439 3971 526 4042 roget
545 3952 701 4039 quemnam
722 3969 836 4038 putrem
858 3966 941 4016 tuum
961 3955 1052 4041 fuisse
1075 3955 1245 4022 existimes?

145 4062 267 4122 Bonum
282 4059 386 4130 virum,
399 4067 450 4122 ιιι
464 4055 537 4125 scio,
551 4052 751 4133 respondebis.
789 4052 898 4118 ιιιιιιιιι
917 4033 1005 4128 igitur
1022 4059 1053 4108 et
1074 4047 1201 4108 moribus
1212 4058 1245 4108 'et

145 4155 234 4217 rebus
247 4152 384 4212 omnibus
397 4148 518 4215 Pesioni
536 4146 701 4214 similiorem
715 4155 813 4223 putes,
832 4153 900 4211 tone
919 4159 958 4200 an
976 4139 1078 4200 hunc?
1100 4138 1167 4216 Ego
1181 4138 1245 4214 qui·
1331 4218 1336 4226 α

145 4242 312 4317 dementis
334 4242 406 4314 scio,
420 4241 517 4307 hunc.
559 4238 618 4307 Qui
638 4237 728 4316 igitur
746 4235 823 4324 patri
844 4245 896 4300 tuo
915 4232 1036 4302 similior
1058 4239 1114 4304 est,
1127 4247 1204 4301 eum,
1219 4230 1248 4304 ,si¹

145 4345 271 4398 matrem
284 4345 367 4396 tuam
380 4328 644 4405 duxitarerssrisi
710 4348 712 4353 ·
1038 4363 1040 4370 ι

190 4433 237 4497 ll.
260 4429 361 4508 Atqui,
375 4438 407 4488 et
424 4428 512 4497 dante
529 4437 560 4492 et
575 4425 735 4493 mandante
755 4433 839 4506 petre
857 4432 917 4484 tuo
930 4429 996 4486 sets
1012 4435 1077 4478 esse
1094 4415 1170 4485 ιιιιο,
1184 4433 1245 4479 non

671 4521 724 4581 ιιι
