2967 4950
785 524 839 610 ru.

330 743 595 821 ADVERSUS
628 741 965 820 unsmmsum
991 718 1301 819 manentem.

767 918 864 934 m

397 1031 706 1095 DEMOSTHENES
726 1031 905 1092 SENATUI
926 1027 1180 1100 POPULOQUE
1200 1032 1234 1090 S.

307 1199 421 1260 Aonio
435 1201 474 1260 de
487 1219 532 1260 me
551 1201 774 1274 Theramenem,
787 1218 855 1259 cunr
868 1200 927 1260 elie
941 1199 1048 1260 dixisse
1061 1199 1287 1271 conmmeliosa,
1299 1207 1359 1258 tum

266 1309 336 1351 uero
350 1295 542 1374 exprobrasse
555 1292 764 1353 infelicitatem.
793 1293 868 1351 Eum
881 1293 972 1372 igitur
985 1291 1130 1372 ignorare,
1141 1292 1290 1365 convicio,
1303 1310 1359 1372 quo

266 1383 350 1443 nullu
365 1385 439 1464 ejus,
461 1385 509 1445 cui
530 1385 574 1457 lit,
592 1384 757 1444 declaretus
775 1384 957 1464 improbitas,
971 1385 1051 1464 epod
1069 1382 1204 1445 homines
1224 1385 1360 1446 cordatos

265 1474 337 1536 nihil
349 1477 461 1556 profici,
477 1495 535 1536 nou
546 1478 643 1537 miror.
686 1477 763 1536 Nem
774 1486 805 1536 et
814 1477 844 1535 in
857 1477 917 1537 vite
929 1478 1135 1548 confidentem,
1149 1486 1251 1536 etoon
1261 1487 1361 1556 nemra

264 1567 368 1641 eitam
381 1579 413 1628 et
428 1590 446 1629 a
458 1587 550 1648 puero
562 1569 592 1627 in
606 1568 767 1648 prostibulo
785 1569 954 1647 educatum,
967 1571 1082 1629 nescire
1094 1568 1163 1628 hoec
1172 1583 1263 1648 qmsm
1277 1571 1359 1631 intel·

264 1662 482 1741 ligorclecilius
498 1663 696 1742 credipotest.
741 1662 819 1722 Cum
842 1678 879 1722 eo
897 1662 1034 1741 igiusr,si
1055 1663 1176 1741 quondo
1196 1663 1361 1735 redimet

265 1771 401 1814 macero
422 1754 584 1828 incolumis,
597 1755 750 1834 disputare·
768 1756 903 1814 conabor.
914 1755 951 1814 de
964 1755 1098 1836 ipsiuset
1109 1756 1143 1814 iu-
1154 1770 1203 1814 ιιι
1216 1764 1252 1814 ct
1269 1757 1301 1814 in
1313 1769 1360 1814 sos

208 1903 212 1908 .
264 1845 465 1919 eontmneliis,
487 1865 613 1925 enque
635 1865 720 1928 spero
744 1865 803 1920 mo,
826 1847 959 1925 quamvis
983 1849 1020 1906 ob
1041 1848 1123 1906 omni
1136 1847 1362 1908 nemoradinsit

227 1952 231 1960 ’
264 1937 390 2010 alienus,
404 1938 611 2000 modestiorem
625 1938 815 1999 effectmum:
835 1938 919 1998 robis
934 1949 1033 2000 summ
1051 1940 1161 2019 publici
1180 1941 1255 1999 botri
1275 1959 1362 2000 mun

174 2033 175 2039 ’
266 2029 403 2110 volupes
424 2031 535 2103 lituos,
547 2049 617 2112 qaae
638 2030 719 2090 hisce
743 2031 782 2092 de
806 2034 894 2092 rebus
915 2031 1041 2094 dicende
1061 2033 1167 2104 habeo,
1188 2032 1360 2112 signidem,

266 2123 343 2189 Quo
363 2121 446 2184 vobis
469 2123 625 2205 diligentes
643 2121 902 2186 animadvertendo
922 2135 1003 2198 sunt,
1015 2135 1050 2185 ut
1067 2142 1135 2184 mea
1154 2126 1281 2203 quiden
1297 2145 1361 2188 sm-

265 2215 359 2277 teutia
371 2225 560 2276 scatentem
575 2217 789 2278 auscultatione
807 2216 910 2297 digus,
924 2217 978 2278 sed
999 2220 1088 2282 eiam
1107 2219 1259 2282 meronda.
1303 2221 1362 2299 Ego

265 2317 393 2370 uestram
415 2311 517 2370 urlrem
538 2310 668 2370 omnium
689 2311 807 2370 urbium
830 2307 1089 2372 fortunatissimam
1102 2311 1240 2373 existimo
1257 2323 1291 2374 et
1309 2312 1361 2374 diis

263 2401 461 2462 eadssiruem:
481 2413 514 2463 et
527 2403 591 2464 hoec
605 2405 706 2464 testari
720 2403 758 2465 de
771 2405 855 2465 uobis
868 2414 900 2464 et
917 2405 939 2465 J
940 2424 1025 2464 ovem
1037 2405 1227 2466 Dodonoeuru
1240 2417 1276 2467 et
1292 2407 1363 2467 Dio-

265 2514 324 2555 nen
338 2506 368 2556 et
388 2494 525 2577 Pydrinm
539 2496 707 2576 Apollinem
729 2508 882 2582 perpetuo,
896 2506 928 2558 et
945 2497 1101 2577 obsignare
1120 2498 1243 2579 insuper
1256 2500 1360 2560 bonam

263 2592 411 2653 {ortonam
424 2612 489 2653 esse
507 2588 537 2653 in
551 2594 622 2652 urbe
634 2602 741 2653 vestre.
768 2591 787 2650 J
790 2610 838 2651 un
851 2610 919 2671 qum
932 2591 972 2651 do
983 2590 1090 2650 amas
1098 2591 1186 2651 reim
1199 2591 1363 2671 significat

265 2684 316 2758 dii,
338 2704 374 2745 ee
394 2703 447 2745 eos
474 2685 631 2765 prmdiesro
652 2686 839 2764 perspicuum
858 2696 921 2745 est:
943 2684 1131 2763 aprseaeritia
1144 2693 1243 2744 autem
1257 2686 1361 2765 petitas

265 2776 476 2857 appellationes
501 2779 676 2855 rebusque
697 2778 786 2837 fucta
804 2786 872 2837 ms
893 2777 1029 2837 tribuere.
1081 2772 1149 2858 ligo
1174 2787 1276 2837 eutem
1297 2796 1361 2857 quas

265 2870 345 2951 apud
359 2890 412 2931 vos
433 2869 482 2951 egi
502 2870 533 2929 in
552 2868 715 2949 republica,
733 2888 771 2929 ex
793 2869 829 2929 iis
850 2881 920 2930 sunt
939 2887 1006 2948 quse
1024 2869 1360 2949 pomeranensem

264 2982 331 3045 qam
345 2964 386 3024 dii
400 2984 451 3024 ros
465 2963 566 3025 felices
580 2962 778 3023 nominarunt.
820 2963 888 3031 Quo
910 2962 998 3041 igitur
1016 2972 1104 3042 paeto
1124 2979 1243 3042 Quem
1255 2974 1303 3024 est
1314 2982 1362 3024 sos

264 3056 314 3139 qui
329 3058 466 3140 paruistis
478 3057 577 3117 felices
596 3056 663 3129 dici,
678 3076 745 3115 eum
758 3076 826 3116 vero
839 3056 890 3135 qui
904 3054 995 3115 suasit
1009 3055 1185 3115 eontrarium
1198 3076 1363 3135 cognomen

263 3154 377 3215 sortirii
392 3184 395 3191 ⁴
409 3154 473 3215 Nisi
499 3153 564 3233 quis
587 3153 645 3212 hoc
669 3151 795 3212 fortasse
823 3151 939 3222 dixerit,
968 3170 1154 3210 communem
1184 3151 1362 3224 felicitatem,

265 3248 348 3328 cujus
363 3268 419 3327 ego
432 3247 476 3307 lui
489 3264 602 3319 suasor,
616 3245 688 3305 deos
702 3265 768 3305 esse
788 3243 838 3324 qui
855 3243 1018 3313 nominent,
1033 3244 1139 3322 quibus
1153 3245 1270 3304 mentiri
1283 3246 1362 3305 nefus

224 3370 225 3375 1
265 3350 330 3400 est:
351 3340 496 3420 privatum
510 3350 607 3399 autem
628 3337 802 3409 convicium,
822 3356 881 3416 quo
901 3338 932 3395 in
945 3355 991 3395 me
1006 3356 1078 3395 usus
1092 3348 1138 3395 eat
1154 3336 1361 3409 Theramenes,

263 3431 411 3491 hominem
434 3431 576 3491 audacem
599 3439 630 3489 et
649 3430 851 3510 impudentem
870 3440 900 3488 et
921 3428 1042 3488 rationis
1055 3428 1144 3487 ctiam
1158 3443 1309 3509 expertem
1318 3432 1362 3511 ja·

263 3531 369 3583 ctesse.
412 3524 516 3602 Neque
530 3542 597 3581 vero
613 3522 706 3581 solum
721 3543 737 3582 e
752 3523 873 3582 deorum
884 3520 1010 3580 oraculis
1022 3522 1127 3579 bonam
1141 3540 1208 3579 esse
1222 3542 1283 3599 que
1295 3522 1362 3581 estis

263 3616 310 3675 usi
322 3616 468 3676 fortunam
483 3614 641 3694 reperietis,
655 3615 707 3675 sed
721 3614 794 3693 ipsis
806 3615 894 3674 etiam
908 3612 1073 3684 eventibus,
1089 3614 1178 3673 modo
1192 3626 1275 3676 recte
1284 3615 1361 3695 judi·

263 3726 332 3768 care
345 3708 445 3779 libeat,
459 3705 664 3768 consideretis.
704 3707 766 3765 Vos
787 3705 875 3776 euim,
890 3704 914 3763 si
928 3714 962 3762 ut
974 3704 1107 3764 homines
1126 3706 1248 3784 negotia
1270 3707 1362 3767 consi·

264 3798 365 3858 derare
378 3798 476 3870 vultis,
490 3797 713 3859 felicissimume
728 3798 799 3857 meis
809 3795 936 3856 consiliis
947 3796 1048 3855 urbem
1059 3816 1126 3855 esse
1136 3797 1247 3858 factam
1261 3799 1362 3879 reperi·

263 3892 336 3951 etis:
358 3889 413 3960 sin,
438 3896 504 3969 quo'e
528 3888 568 3949 dii
586 3890 640 3949 soli
659 3890 767 3949 eximie
781 3897 895 3961 tenent,
908 3908 960 3948 uos
982 3889 1122 3969 consequi
1141 3890 1312 3969 postulatis,
1329 3909 1363 3950 ea

262 4004 329 4064 quae
343 3983 405 4043 lieri
419 3992 568 4062 nequeunt
587 3980 740 4043 affectatis.
783 3982 863 4048 Quid
877 3981 964 4060 igaur
986 3981 1026 4040 dii
1046 3982 1182 4041 eximium
1197 3983 1362 4044 hominibus

262 4085 402 4155 negatum
416 4072 549 4133 habenti
585 4074 626 4132 Ut
646 4074 725 4133 bona
747 4073 844 4133 omnia
866 4073 897 4132 in
920 4092 974 4133 sua
990 4091 1081 4134 manu
1102 4086 1133 4135 et
1150 4086 1297 4155 potestate
1319 4086 1361 4136 te-

262 4179 354 4229 noant
362 4186 455 4246 eaque
465 4176 528 4226 tum
538 4185 653 4226 servare
667 4166 722 4246 ipsi
737 4176 800 4226 tum
808 4165 919 4226 donare
929 4166 1043 4226 coeteris
1053 4170 1179 4247 possint,
1194 4171 1363 4248 utquemali

144 4306 145 4313 ,
263 4262 335 4320 nihil
349 4263 386 4323 ab
402 4260 481 4319 omni
493 4278 556 4318 aevo
567 4258 613 4318 vel
626 4258 705 4338 passi
719 4258 767 4318 vel
781 4257 896 4339 passuri
912 4258 980 4320 sint.
1016 4260 1084 4319 lam
1099 4260 1241 4342 hisjactis
1255 4262 1362 4323 sunda·

263 4353 379 4425 mentis‚
393 4351 637 4431 quemadmodum
657 4350 755 4423 decet,
769 4359 900 4410 vestrum
915 4360 1024 4411 statum
1038 4352 1224 4414 considerate
1242 4365 1274 4414 et
1294 4376 1362 4415 cum

262 4454 431 4535 caeterorum
453 4446 569 4505 fortuna
591 4444 731 4504 conferte.
775 4442 871 4503 Nemo
884 4444 961 4505 enim
981 4445 1023 4506 ita
1044 4465 1154 4527 vecors
1175 4457 1231 4521 est,
1253 4448 1300 4527 qui
1318 4448 1362 4507 uel
