2967 4950
265 325 323 382 sor
593 319 1035 383 ADVERsthsSPUDtaM.
1087 405 1091 413 ⁸

264 476 343 535 mille
366 474 520 537 drachmas
542 476 734 556 oppignerata
756 482 835 538 sunt.
871 467 1006 538 ‘Proinde
1020 476 1142 552 jurein
1166 472 1363 554 quadraginta

264 569 348 629 minis
362 568 526 637 {estimabat
539 587 585 639 aa,
598 587 665 646 quoe
679 568 812 631 Leocrati
828 580 1007 642 numeraret,
1024 586 1151 648 quaeque
1171 567 1271 628 datam
1292 565 1372 645 mini.

264 680 406 724 summam
421 663 608 741 superabant.
650 662 694 721 Ac
708 661 778 720 mihi
790 680 863 740 cape
883 663 1008 741 primum
1025 660 1249 740 descriptionem
1270 659 1360 728 hanc,

265 764 297 814 et
309 755 351 814 eis
365 774 444 814 nunc
458 752 712 832 recita,'quidnam
724 765 847 834 uterque
860 764 990 815 nostrum
1007 737 1131 815 hebed:
1153 751 1270 825 deinde,
1284 751 1361 811 arbi·

265 852 373 908 trorum
386 847 595 917 testinnonium,
609 858 642 907 ut
656 848 760 921 sciant,
770 868 838 909 eum
850 849 1003 928 pecuniam
1018 850 1107 909 etiam
1119 847 1208 926 longe
1220 845 1361 926 majorem

264 941 383 1013 habere,
393 940 490 1019 deque
500 941 711 1003 eaLeocratem
724 942 869 1002 actionem
881 940 1053 1013 instituisse,
1062 948 1094 1001 et
1105 939 1230 1001 arbitros
1240 940 1272 998 in
1281 938 1362 999 hanc

266 1034 439 1095 sententiam
452 1035 674 1114 pronunciasse.
717 1033 833 1095 Recita.

428 1210 432 1233 ⁸
513 1252 772 1315 nsscnrrmo
813 1252 1114 1313 rssrmomuu.

265 1400 316 1459 An
328 1417 388 1459 non
402 1398 459 1457 iste
473 1396 571 1477 palam
584 1395 674 1456 habet
685 1395 881 1473 quadraginta
893 1395 1077 1468 minasdotis
1085 1360 1281 1474 jampridem:
1301 1411 1360 1471 ego

264 1508 334 1551 vero
342 1489 459 1569 triginta
468 1488 573 1558 minas,
584 1486 833 1566 quemadmodum
845 1488 910 1559 iste,
920 1486 1001 1547 mille
1011 1507 1081 1548 vern
1090 1486 1244 1547 drachmas
1254 1495 1362 1565 postea

264 1602 324 1645 non
338 1581 427 1658 modo
440 1599 500 1640 non
524 1579 634 1659 accepi,
655 1578 707 1639 sed
727 1589 759 1641 et
776 1600 856 1640 nnnc
868 1579 906 1640 de
923 1580 966 1645 eis
986 1579 1134 1660 periclitor
1147 1578 1232 1659 quasi
1251 1578 1359 1658 injuste

265 1693 316 1735 eas
331 1672 449 1752 petami
1033 1725 1035 1728 .

309 1767 355 1824 ll.
377 1765 432 1826 His
446 1765 544 1843 itaque
558 1763 718 1836 decausis,
735 1764 869 1838 Juffices,
892 1764 1029 1843 Spudias,
1042 1785 1074 1825 re
1095 1762 1197 1825 amicis
1216 1762 1361 1842 permissa

264 1861 345 1921 litem
370 1880 484 1923 mecum
504 1859 665 1937 transigere
680 1846 784 1933 noluit,
794 1860 875 1937 quod
888 1860 917 1920 ei
930 1860 1124 1924 usuveniebat
1136 1868 1170 1919 ut
1181 1858 1284 1918 horum
1297 1878 1360 1918 om·

265 1954 345 2013 nium
366 1954 602 2021 convinceretur;
628 1971 696 2011 curn
718 1952 796 2012 enim
818 1953 862 2012 illi
882 1952 929 2013 hia
950 1954 1084 2014 omnibus
1105 1951 1306 2011 interfuissent
1328 1960 1360 2028 et

265 2056 345 2107 certo
358 2066 393 2109 ea
405 2045 523 2120 scirent,
538 2064 598 2107 non
612 2045 637 2105 ei
651 2045 852 2124 permisissent
864 2046 978 2125 quidvis
991 2047 1105 2107 dicere:
1136 2045 1214 2126 apud
1230 2064 1285 2105 vos
1304 2064 1359 2104 au-

263 2148 325 2199 tem
344 2159 378 2200 se
390 2139 577 2201 mentientem
596 2159 642 2199 me
661 2158 730 2198 vera
744 2138 860 2200 dicente
872 2140 934 2200 fore
953 2141 1128 2224 superiorem
1145 2149 1253 2219 sperat.
1293 2138 1359 2226 Ego

133 2304 136 2311 Δ
264 2250 333 2294 vero
347 2252 414 2312 quse
427 2230 555 2311 postulo,
574 2231 726 2311 perspicue
741 2231 822 2297 vobis
836 2232 1090 2306 demonstrarint
1110 2232 1175 2313 ipse
1192 2230 1293 2312 potui:
1314 2232 1356 2290 rei

265 2344 371 2402 gnarm
385 2334 481 2384 autem
503 2324 559 2385 iste
578 2324 663 2403 fugit,
677 2324 757 2405 quod
777 2334 894 2405 putaret
913 2326 955 2388 eis
975 2327 1075 2386 sucum
1092 2325 1155 2388 fieri
1177 2346 1236 2386 non
1258 2344 1354 2405 posse.
1396 2378 1401 2385 .

112 2436 115 2443 ·
204 2436 205 2440 ’
266 2415 374 2489 Quare,
387 2414 519 2490 Judices‚
532 2415 686 2479 etiemvos
705 2416 732 2477 ei
748 2427 924 2500 potestatem
938 2419 1095 2481 mentiendi
1112 2427 1143 2480 et
1159 2416 1354 2500 calumniandi

218 2543 220 2547 ν
267 2527 303 2568 ne
316 2508 502 2582 dateseorum
517 2529 583 2590 quae
596 2510 721 2572 diximus
735 2531 886 2572 memores.
921 2513 1023 2574 Nostis
1032 2509 1109 2574 enini
1119 2515 1217 2576 omnia
1225 2523 1260 2574 nt
1272 2523 1353 2592 geru

266 2610 353 2668 sunt3
375 2612 568 2684 praeterquam
580 2604 604 2664 si
617 2604 689 2685 quid
701 2623 759 2684 ego
778 2605 967 2684 praeteriisti
984 2606 1120 2688 exiguam
1137 2627 1242 2688 aquam
1258 2606 1352 2668 dicere

267 2701 396 2754 coactus.
506 2749 511 2762 ,
