2967 4950
578 247 803 308 EPISTOLAE.
1185 251 1246 310 849

148 421 218 482 quae
242 400 468 464 Lacedaemoniis
490 402 633 476 accidere,
647 403 753 484 quibus
775 424 831 491 egq
854 403 926 464 nihil
948 404 1092 478 consului,
1109 404 1158 464 vel
1178 423 1246 483 quae

150 495 263 566 Persis,
275 495 313 555 ad
327 515 400 574 quos
421 515 476 576 ego
490 515 639 576 nunquam
652 498 781 578 perveni,
794 497 843 558 isti
856 507 953 559 vestro
973 498 1061 558 statui
1071 498 1150 558 dicat
1162 506 1246 558 ante·

147 587 280 648 serenda.
322 588 432 649 Omitto
447 588 639 674 Cappadoces
653 600 683 650 et
696 591 788 669 Syros
802 600 833 652 et
847 591 957 653 Indicae
968 590 1096 671 regionis
1113 589 1247 650 homines

148 679 181 738 in
193 680 304 742 ultimis
319 683 402 742 terris
416 682 599 744 habitantes:
621 677 725 760 quibus
739 683 875 744 omnibus
897 685 1033 745 usuvenit
1053 693 1086 744 ut
1105 681 1199 743 multa
1216 693 1248 743 et

148 775 259 834 acerba
267 785 297 835 et
306 775 404 855 gravia
414 777 600 838 sustinerent.
622 777 666 836 At
674 775 802 837 Hercule
809 777 923 838 felicius
937 779 986 858 agi
995 776 1145 838 vobiscum
1157 794 1247 854 quam

150 889 222 930 cum
239 871 322 931 hisce
346 869 480 932 omnibus
496 869 664 934 fatebuntur
678 891 791 946 omnes,
807 870 936 933 deterius
959 883 1057 934 eutem
1073 889 1161 951 quam
1178 889 1247 930 cum

147 963 297 1024 Thessalis
311 973 341 1024 et
357 965 521 1026 Arcadibus
535 976 565 1026 et
578 964 749 1046 Argiuam
761 965 937 1044 quibusdam
947 965 1011 1026 aliis
1020 963 1124 1044 quibus
1139 961 1247 1024 accidit

148 1065 184 1114 ut
205 1053 520 1138 Philippi'societatem
541 1056 691 1118 colerent?
721 1057 763 1118 At
784 1057 895 1118 minore
917 1077 1005 1141 quam
1026 1056 1058 1115 hi
1080 1056 1138 1138 ipsi
1157 1057 1247 1116 etiarn

147 1146 340 1211 incommodo
361 1149 528 1223 recessistis,
545 1167 604 1210 nou
628 1168 666 1210 eo
688 1158 803 1210 tanturn
821 1150 901 1231 quod
923 1168 984 1211 non
998 1148 1246 1227 'serviistis—quo

147 1239 222 1318 quid
242 1243 337 1322 majus
350 1242 412 1304 fieri
422 1241 591 1324 ¹queati--,
606 1242 660 1304 sed
681 1242 719 1302 ob
740 1242 816 1306 illud
832 1243 921 1304 etiam
939 1241 1020 1322 quod
1032 1240 1096 1302 istis
1110 1240 1246 1302 omnibus

146 1331 252 1394 clades
270 1355 288 1394 a
301 1332 438 1415 Philippo
460 1333 551 1395 illatae
570 1333 684 1394 Grecis
699 1343 730 1396 et
743 1336 896 1416 oppressio
911 1331 1055 1395 libertatis
1068 1332 1245 1414 imputaturr

147 1422 233 1484 unde
244 1427 346 1500 merito
359 1425 390 1485 in
403 1424 574 1507 odioaunt:
594 1445 646 1487 vos
660 1435 758 1487 autern
771 1445 826 1506 pro
840 1425 933 1486 salute
948 1423 1120 1485 Graecorum
1136 1432 1168 1482 et
1181 1441 1248 1483 cor-

146 1533 224 1594 pora
247 1526 276 1582 ct
297 1538 379 1598 opes,
391 1529 421 1580 et
440 1521 542 1580 urbem
554 1529 586 1579 et
602 1537 688 1600 agros
711 1518 741 1577 in
762 1517 918 1600 discrimen
932 1514 1097 1596 ¹adduxisse
1110 1524 1247 1584 constat}

148 1607 232 1668 unde
251 1619 479 1688 consentaneum
502 1617 548 1670 est
576 1617 605 1670 et
628 1629 680 1671 vos
694 1609 811 1684 ‚florere
834 1609 928 1690 gloria
953 1617 984 1669 et
1008 1607 1087 1689 apud
1111 1607 1247 1670 homines

148 1711 295 1778 aequos-et
308 1699 409 1781 gratos
425 1704 548 1783 gratiam
561 1701 650 1764 inisse
663 1700 881 1763 immortalem.
907 1701 976 1760 Fuit
988 1700 1076 1780 igitur
1094 1698 1144 1761 hic
1163 1718 1247 1761 meo-

146 1807 216 1850 rum
226 1793 413 1855 cousiliorum
427 1805 559 1870 eventus,
572 1806 607 1856 ut
618 1802 717 1858 restra
725 1794 796 1855 urbs
810 1813 847 1854 ex
858 1793 904 1854 his
917 1813 984 1873 quse
993 1794 1163 1854 restiterunt
1176 1813 1246 1873 pro·

146 1881 288 1964 spernima
311 1885 429 1948 fortuna
453 1887 561 1958 utatur,
589 1886 648 1947 illis
672 1905 738 1967 quoe
766 1885 935 1966 Philippum
956 1875 1247 1966 adjuverunt'gloria

144 1985 284 2056 preestet.¹
318 1975 446 2040 Proinde
460 1979 497 2040 ob
511 1978 577 2039 haee
590 1977 630 2038 dii
643 1977 725 2039 robis
738 1979 818 2038 bona
834 1976 887 2036 illa
899 1975 1017 2038 oracula
1030 1973 1172 2057 reddunt,
1187 1976 1245 2037 ini·

145 2087 238 2152 quum
252 2079 350 2131 autem
363 2070 551 2134 maledictum
564 2071 596 2130 in
608 2069 812 2132 conviciatoris
829 2078 919 2150 caput
932 2077 1113 2147 retorquent.
1154 2067 1246 2134 Quod

143 2162 187 2221 itu
198 2161 386 2243 intelligetur,
398 2163 423 2225 si
436 2164 501 2245 quis
516 2163 581 2244 ejus
591 2161 768 2244 quotidianas
777 2162 845 2222 vitre
853 2160 1098 2224 cousuetudinem
1110 2169 1244 2240 spectare
1300 2227 1303 2230 ,

145 2254 315 2315 instituerit.
342 2255 437 2317 .Nam
460 2275 528 2336 quea
549 2255 594 2316 illi
613 2256 791 2336 impreceris,
805 2274 841 2316 ea
860 2255 926 2335 ipse
944 2253 983 2314 de
996 2252 1140 2313 industria
1152 2251 1243 2312 facit:

146 2349 200 2429 qui
211 2359 345 2427 parentes
359 2349 437 2424 odio,
451 2349 628 2411 Pausaniam
636 2339 824 2431 'pediconem
837 2367 945 2422 amore,
958 2356 1168 2427 prosequatur:
1192 2345 1245 2424 qui

146 2441 307 2505 insolenter
321 2463 353 2505 se
366 2453 400 2503 ut
411 2443 505 2506 virum
519 2443 622 2524 Jactet,
637 2459 703 2502 cum
723 2441 876 2503 muliebria
887 2438 1030 2522 patiatur:
1050 2447 1133 2520 patre
1155 2455 1244 2518 rupee

145 2534 215 2606 rior,
231 2537 411 2617 turpitudine
439 2534 575 2597 inferior:
604 2533 653 2615 qui
671 2554 774 2595 earum
795 2552 893 2595 rerum
914 2542 1033 2615 propter
1051 2537 1132 2612 'quas
1158 2530 1244 2592 illum

145 2646 251 2689 omnes·
267 2617 447 2703 aversantur,
471 2628 621 2705 obscoena
635 2626 910 2696 commemoratione
932 2646 1018 2687 suum
1035 2625 1101 2713 ipse
1113 2624 1254 2686 animum.

146 2720 284 2797 oblectet,
297 2722 390 2802 iisque
407 2718 557 2783 narrandis
577 2726 736 2795 recreetur,
747 2740 814 2800 quae
827 2738 967 2783 nauseam
980 2716 1165 2780 audientibus
1179 2737 1243 2779 mo-

146 2826 256 2879 veant:
275 2834 371 2895 neque
393 2822 503 2887 tamen,
515 2822 549 2874 ut
569 2813 658 2883 homo
677 2814 800 2894 simplex
820 2824 909 2893 atque
924 2814 1079 2893 ingenuus,
1095 2810 1242 2883 ⁴desistere

145 2914 253 2987 potest.
295 2906 372 2967 Haec
393 2926 451 2986 ego
470 2925 530 2969 non
546 2907 737 2986 scripsissem,
757 2905 814 2982 nisi
836 2922 1021 2965 commorere
1032 2911 1160 2964 vestram
1181 2919 1241 2979 qua

145 2999 358 3079 comprehensa
368 2998 463 3060 latent
476 3000 538 3080 ejus
551 2998 664 3079 flagitia
675 2997 845 3058 memoriam
859 2994 1026 3057 voluissem.
1068 2992 1157 3066 Nam,
1171 3012 1240 3072 quse

145 3092 229 3153 dictu
246 3112 348 3175 parum
361 3092 526 3153 verecunda
546 3100 625 3165 sunt,
637 3110 673 3151 ea
692 3089 839 3151 nec'satis
858 3090 982 3150 honeste
999 3086 1085 3149 scribi
1096 3096 1240 3165 possuntr

144 3192 237 3266 atque
248 3184 295 3246 vel
306 3185 372 3244 haec
385 3185 466 3246 vobis
485 3184 608 3245 arbitror
626 3182 731 3244 auditu
749 3183 839 3242 luisse
859 3180 1002 3242 molesta:
1022 3180 1069 3239 his
1088 3179 1167 3239 enim
1185 3176 1239 3238 ad-

143 3278 274 3339 monitus
282 3278 487 3359 'unusquisque
505 3286 634 3339 restrum
646 3276 739 3337 multa
750 3276 819 3365 ejus
827 3285 859 3335 et
870 3274 982 3335 atrocia
995 3283 1027 3332 et
1039 3270 1119 3331 ioeda
1127 3270 1239 3351 flagitia

143 3370 287 3431 meminit.
327 3368 375 3431 Fit
385 3368 485 3449 igitur,
502 3379 536 3429 ut
550 3387 607 3430 nec
628 3388 684 3449 ego
695 3368 853 3448 quicquam
873 3376 959 3447 turpe
973 3364 1107 3443 dixerim,
1118 3372 1152 3424 et
1170 3363 1237 3439 iste,
1267 3357 1270 3362 ’

143 3462 264 3543 quoties
288 3462 321 3520 irr
339 3457 487 3543 publicum
500 3462 647 3543 prodierit,
664 3475 783 3526 auarum
800 3459 967 3525 ioeditatum
987 3458 1121 3523 omnibus
1144 3458 1242 3520 moni·

142 3566 276 3620 mentum
289 3556 436 3619 exhibeat.
477 3556 591 3619 Valete.
618 3584 620 3586 ·
