2967 4950
382 344 386 351 .
468 296 534 359 m:
549 298 664 359 DOTE
685 298 905 359 MATERNA.
1181 296 1242 359 595

82 477 85 482 ⁴
132 452 256 513 dodinae
267 452 392 533 quidem
403 454 841 535 posttpstris‘obitnmpartitus
851 473 927 515 'cum
938 454 1002 514 istis
1011 472 1095 525 uum,
1107 461 1241 513 mutuum

135 554 239 605 autem
259 565 324 625 ego
344 543 468 607 reddere
485 566 555 606 ‚sum
568 557 717 607 cosmus:
729 547 809 607 talias
826 546 917 607 etiam
935 545 1016 607 mille
1035 544 1190 605 danum
1210 544 1242 604 iu

137 636 231 697 funus
240 638 340 717 patris
354 637 547 717 aLysistrato
558 638 693 699 Thoricio
706 648 867 710 mutuatus,
874 637 1010 717 privatim
1024 638 1106 698 solvi.
1141 636 1244 699 Etiam

137 728 204 791 hnc
216 750 298 791 ame
312 732 461 806 veredici,
473 733 602 792 exhisce
616 732 789 793 testimoniis
804 730 1002 811 cognoscetis.
1096 788 1098 797 ,

520 972 525 977 ’
549 948 819 1009 TESTIMONIA.

143 1135 147 1141 .
189 1091 235 1149 12.
258 1087 332 1149 Cum
355 1107 414 1170 ego
435 1094 524 1171 igitur
545 1093 619 1153 adso
638 1093 793 1153 manifeste
806 1092 1054 1155 tantadeteriore
1076 1078 1250 1155 conditione¹

142 1182 211 1257 sim,
228 1183 286 1243 iste
296 1204 378 1247 nuuc
393 1185 559 1265 quiritando
572 1198 602 1246 et
615 1186 799 1265 indignando
816 1206 863 1245 me
881 1186 1053 1265 patrisdote
1072 1186 1246 1247 fraudabit?

139 1275 203 1337 Sed
219 1297 284 1350 ros,
297 1298 317 1337 o
331 1278 464 1353 ludices,
476 1300 530 1359 per
543 1280 616 1339 deos
626 1299 688 1350 oro,
698 1299 735 1339 ne
745 1280 828 1339 istius
843 1278 1039 1359 percellamini
1053 1278 1245 1347 clamoribus,·

142 1367 297 1449 multiplex
312 1370 402 1443 enim,
417 1371 572 1450 multiplex
586 1382 617 1431 et
631 1372 728 1433 audax
745 1371 834 1431 homo
852 1380 908 1444 est,
922 1371 1021 1448 itaque
1035 1370 1195 1441 maleficus,
1213 1381 1247 1431 ut

140 1480 211 1540 quae
224 1449 354 1521 testibus
368 1467 491 1542 probare
504 1485 565 1525 non
578 1475 687 1543 potest,
704 1484 742 1524 ea
754 1483 808 1525 vos
823 1468 895 1527 scire
908 1466 945 1525 sit
956 1466 1099 1537 dicturus,
1112 1464 1247 1537 ludices,

144 1555 227 1633 quod
239 1575 345 1618 omnes
359 1558 473 1619 faciunt
485 1559 535 1637 qui
547 1558 620 1617 nihil
634 1559 700 1619 sani
714 1559 826 1619 dicunt.
869 1560 930 1634 Vos
951 1560 1048 1639 igitur,
1062 1559 1087 1617 si
1099 1558 1173 1637 quid
1183 1557 1248 1631 tals

142 1647 371 1726 machinabitur,
388 1672 428 1711 ne
445 1652 605 1730 permittite
618 1653 656 1725 ei,
674 1652 727 1713 sed
751 1652 895 1713 resistite:
916 1662 958 1723 et,
973 1652 1053 1731 quod
1067 1651 1250 1730 singulinon

143 1740 297 1811 noveritis,
311 1761 369 1802 nec
383 1743 511 1802 vicinum
525 1744 644 1825 quidem
662 1764 751 1804 nosse
772 1754 886 1823 putate,
902 1744 954 1804 sed
975 1744 1124 1824 postulate
1144 1753 1177 1803 ut
1190 1744 1250 1815 evi7

144 1830 251 1908 denter
270 1833 335 1913 ipse
349 1836 488 1895 ostendat
501 1856 544 1897 ea
563 1857 631 1915 quae
649 1836 788 1917 dicturus⁴
802 1846 857 1905 cst,
882 1856 977 1916 neque
1001 1836 1127 1897 dicendo
1141 1856 1193 1908 vos
1213 1855 1252 1897 aa

143 1923 233 1998 scire,
245 1925 286 1986 de
299 1926 405 2004 quibus
419 1927 483 2007 ipse
496 1927 568 1988 nihil
580 1929 657 2007 aqui
671 1927 767 1988 dicere
789 1927 905 2007 poterit,
921 1946 1015 1987 rerum
1028 1928 1180 1987 veritatem
1197 1926 1251 1997 db?
1328 1982 1334 1993 ,

142 2016 271 2095 fngiat·
290 2018 413 2097 Namfet
423 2038 492 2099 ego,
505 2003 640 2094 ludices,
654 2040 726 2080 -cum
750 2040 803 2080 vos
824 2039 925 2079 omnes
947 2018 1046 2079 sciatis
1061 2018 1251 2097 quematluro-¹
1335 2086 1338 2100 Ι

146 2107 222 2169 dum
233 2118 318 2189 pater
337 2130 422 2171 meus
436 2121 558 2173 coactus
572 2114 646 2173 istos
665 2113 824 2191 adoptarit,
838 2112 1027 2171 nihilominus
1040 2174 1043 2181 ,
1046 2112 1111 2191 jure
1126 2130 1193 2171 cum
1203 2112 1250 2174 eis

145 2220 217 2280 ago,
233 2212 265 2262 et
275 2214 371 2263 testes
381 2205 544 2265 rationibus
554 2206 713 2265 reddendis
728 2204 871 2266 obnoxios
886 2205 1028 2283 produco.
1065 2204 1169 2283 Neque
1181 2208 1252 2265 hero

145 2312 202 2372 par
221 2294 308 2354 nobis
322 2304 371 2355 est
383 2295 550 2357 discrimen.
598 2297 659 2355 Sed
677 2296 749 2355 mihi
768 2296 898 2374 quidem,
920 2296 945 2356 si
956 2308 1111 2355 vos‘nunc
1126 2296 1169 2355 ab
1187 2295 1251 2355 istis
1285 2327 1290 2335 ·

147 2386 352 2466 decipiemini,
358 2387 485 2467 posthac
494 2409 553 2449 non
563 2389 663 2475 licebit
671 2410 763 2468 agere
777 2389 815 2449 de
821 2389 895 2451 dote
908 2409 915 2449 :
937 2390 1002 2449 istis
1017 2391 1139 2459 vero„si
1149 2388 1252 2457 dicunt

145 2482 317 2556 nne-arbitri
333 2484 480 2556 sententia
497 2483 605 2558 injuste
625 2503 691 2544 esse
711 2482 933 2556 absolutum‚.et
953 2472 1122 2546 tumlicuit
1142 2483 1180 2544 ad
1197 2502 1252 2554 rot

145 2573 307 2652 appellare,
331 2586 362 2636 et
379 2596 461 2648 nunc
479 2576 583 2636 denuo
601 2576 715 2649 licebit,
728 2577 754 2636 si
774 2577 990 2654 voluerintque
1005 2576 1054 2648 eis
1067 2595 1086 2636 a
1098 2595 1146 2634 me
1166 2593 1253 2636 suum

145 2664 230 2743 apud
240 2685 294 2725 vos
308 2667 440 2746 adipisci.
481 2660 556 2746 Ego,
570 2667 594 2727 si
607 2688 654 2727 me
667 2663 828 2748 ros,‘quod
849 2668 936 2740 absit,
949 2668 1109 2740 deseretis,
1122 2688 1182 2730 uon
1200 2669 1253 2729 ha-

144 2755 226 2816 bebo
240 2757 321 2817 unde
335 2758 402 2817 lihee
417 2759 516 2838 dotem
536 2777 736 2832 annumerem,
747 2759 915 2844 cujuslcum
929 2770 1034 2820 natura
1049 2759 1103 2819 sim
1117 2751 1213 2840 pater,
1227 2760 1253 2820 si

146 2858 291 2910 staturam
304 2850 367 2930 ejus
380 2851 515 2925 videatis,
529 2871 590 2911 non
603 2851 692 2912 filiam
709 2871 775 2912 esse
789 2871 897 2924 meam,
913 2852 968 2912 sed
989 2871 1118 2912 sororem
1133 2851 1253 2912 arbitre-

148 2942 238 3000 mini:
256 2941 316 3015 isti,
337 2942 362 3002 si
384 2962 431 3001 me
446 2943 592 3017 juveritis,
606 2942 676 3002 nihil
693 2942 731 3002 de
745 2964 799 3004 suo
820 2944 945 3013 solvent,
958 2943 1013 3002 scd
1027 2943 1064 3003 de
1078 2963 1145 3011 mea
1165 2941 1253 3003 dorno

147 3053 248 3094 meum
262 3034 332 3093 mihi
346 3034 480 3109 reddent,
493 3057 582 3114 quam
597 3055 664 3096 cum
678 3036 887 3096 secreverimus
897 3035 1089 3095 communiter
1098 3054 1201 3094 omnes
1215 3036 1254 3094 ad

148 3127 231 3187 dotis
252 3127 439 3206 solutionem,
453 3129 502 3188 isti
519 3129 653 3190 habitare
675 3129 706 3188 in
730 3149 766 3188 ea
790 3129 844 3188 soli
865 3137 1002 3207 pergunt.
1045 3127 1150 3206 Neque
1175 3127 1253 3184 enim

148 3218 224 3278 milri
238 3221 424 3282 commodum
436 3231 483 3281 est
494 3222 584 3282 filiam
597 3222 719 3282 habenti
740 3222 869 3281 nubilem
892 3241 960 3280 cum
982 3220 1089 3280 talibus
1111 3219 1272 3292 habitare,-

148 3311 201 3393 qni
216 3333 274 3374 uon
288 3315 345 3393 ipsi
359 3313 449 3373 modo
461 3314 609 3373 luxuriose
622 3315 735 3385 vivunt,
755 3322 801 3372 set
819 3322 850 3372 et
868 3312 913 3370 sui
928 3311 1037 3372 similes
1051 3311 1126 3371 alios
1144 3309 1253 3371 multos

146 3406 180 3464 in
192 3406 276 3466 oedes
289 3405 488 3478 introducunt,
502 3425 597 3484 neque
611 3405 712 3477 eham,
726 3406 768 3464 ita
781 3423 827 3464 me
843 3415 922 3465 amet
936 3405 1063 3483 Jupiter,
1076 3395 1172 3463 tutum
1186 3413 1262 3464 eme·

147 3497 220 3558 mihi
242 3508 317 3577 puto
331 3517 487 3558 commune
505 3517 572 3557 cum
593 3496 761 3556 hominibus
783 3495 946 3555 istiusmodi
967 3494 1163 3555 domicilium:
1185 3515 1254 3555 nam

148 3591 200 3669 qui
214 3591 289 3650 adeo
302 3591 401 3669 palam
420 3589 490 3649 mihi
503 3610 556 3670 per
570 3589 691 3649 insidias
710 3589 873 3669 periculum
889 3587 919 3647 in
937 3589 1092 3667 Areopago
1107 3598 1254 3661 crearunt,

148 3703 211 3763 quo
224 3684 273 3743 isti
286 3684 370 3743 vobis
381 3693 433 3742 aut
444 3682 586 3742 veneficio
601 3693 652 3742 aut
665 3681 723 3742 alio
735 3682 868 3762 ejusdem
885 3681 1000 3760 generis
1015 3680 1143 3740 facinore
1164 3679 1254 3740 absti-

148 3796 221 3836 nere
234 3774 309 3836 velle
322 3766 500 3836 videanturl
522 3774 581 3843 Qui
593 3784 701 3853 praeter
715 3784 930 3844 caetera-nam
947 3783 977 3832 et
989 3773 1048 3832 hoc
1062 3773 1152 3831 modo
1173 3771 1256 3831 veuit

147 3869 179 3928 in
193 3869 465 3930 memoriam—tam
475 3867 583 3947 insigni
593 3886 660 3927 esse
670 3875 821 3946 coeperunt
830 3864 1021 3945 impudentia,
1037 3875 1070 3923 ut
1085 3874 1116 3924 et
1126 3863 1255 3924 Critonis

148 3961 350 4043 testimonium
372 3960 535 4042 injecerint,
548 3979 616 4020 eum
634 3957 752 4019 tertiam
773 3957 881 4017 redium
905 3966 1048 4035 partema
1065 3976 1113 4018 me
1130 3955 1254 4027 emisse:

148 4054 232 4136 quod
245 4074 311 4116 esse
326 4054 432 4113 falsum
445 4053 532 4113 facile
546 4051 729 4130 intelligetis.

192 4151 243 4209 13.
265 4147 396 4206 Primum
415 4147 493 4206 enim
512 4165 572 4206 non
596 4145 639 4203 ita
652 4142 803 4223 frugaliter
816 4139 887 4200 vivit
901 4139 994 4211 Crito,
1007 4150 1041 4198 ut
1054 4139 1092 4198 ab
1106 4139 1164 4199 alio
1176 4137 1254 4198 aedes

149 4249 241 4312 emat,
252 4240 305 4300 sed
319 4241 363 4300 ita
374 4249 545 4319 sumptuose
569 4250 600 4297 et
619 4236 778 4307 luxuriose,
793 4243 826 4293 ut
845 4243 951 4314 prater
973 4251 1027 4296 sua
1045 4231 1135 4292 etiam
1158 4229 1255 4290 aliena

148 4345 328 4397 consumat:
348 4335 456 4395 deinde
475 4353 535 4405 non
557 4333 604 4395 isti
624 4351 703 4393 nunc
718 4329 919 4392 testimonium
949 4327 1031 4398 dicit,
1054 4321 1118 4388 sed'
1131 4326 1201 4394 mihi
1225 4327 1255 4386 in

145 4428 260 4510 judicio
282 4427 466 4491 adversatur.
506 4426 582 4499 Quis
603 4425 682 4486 enim
709 4433 839 4485 restrum
859 4422 983 4500 ignorat,
1000 4430 1090 4480 testes
1112 4437 1177 4480 esse
1192 4436 1254 4496 eos,
