2967 4950
291 291 350 358 Ι838
721 283 946 350 bll’lS'l'OLAE.

290 443 416 514 aienses,
435 441 515 506 salus
538 461 605 502 msa
622 459 700 504 curse
717 443 817 518 inerit,
835 464 905 508 erun
925 445 1011 525 quod¹
1027 445 1376 509 satissatis-sarsum

288 536 393 616 injuria
404 536 445 596 ita
458 556 523 596 sum
536 546 689 607 tractatus,
703 546 768 596 tum
779 549 898 618 propter
909 547 1036 599 vestram
1053 525 1135 618 apud
1146 549 1264 600 exteros
1282 540 1377 601 existi·

288 628 455 690 mationem.
497 629 602 709 Neque
626 629 703 688 enim
722 631 842 708 putetis,
861 633 887 691 ai
905 651 991 692 nemo
1003 631 1086 690 robis
1108 631 1140 689 in
1157 632 1325 692 matonam
1335 653 1377 694 ra·

287 719 363 799 digit
377 739 413 780 ea
426 731 557 800 tempora
570 739 679 798 easque
693 720 874 792 occasiones,
888 723 995 802 quibua
1008 741 1065 800 ego
1075 721 1223 782 maximas
1242 723 1377 784 utilitates

287 813 374 872 attuli
389 814 577 893 Reipublicae,
592 813 720 892 reliquos
741 812 829 874 mam
848 815 971 875 Grecos
984 815 1119 892 ignorata
1132 824 1185 873 ast
1196 813 1306 876 oblitos
1318 835 1377 876 essa

286 925 382 966 renum
398 925 417 966 a
430 925 475 966 mc
489 926 542 985 pro
556 905 637 966 uobis
653 915 812 983 gestarum,
833 924 908 985 quas
928 927 985 986 ego
999 927 1079 966 nunc
1101 906 1218 966 duabus
1235 907 1275 966 da
1287 908 1378 968 causis

286 998 412 1060 scribere
431 1018 532 1058 uereor
552 997 740 1077 singulatim:
761 1007 826 1056 tum
846 999 927 1077 quod
948 998 1088 1071 ¹invidiam
1109 997 1269 1058 reformido
1282 1010 1378 1059 eontra

285 1107 373 1167 quam
387 1089 417 1150 ia
431 1091 550 1150 ueritate
564 1090 702 1151 orationis
716 1089 846 1168 prtesidii
858 1090 931 1150 nibil
944 1100 1000 1163 est,
1020 1100 1083 1150 tum
1092 1091 1175 1169 quod
1188 1091 1283 1151 multa
1296 1102 1327 1151 et
1338 1093 1378 1152 ia·

286 1183 377 1262 digna
389 1183 445 1244 illis
459 1185 545 1244 rebus
559 1192 676 1263 propter
689 1183 866 1262 reliquorum
877 1184 1050 1244 Graecornm
1060 1182 1206 1262 ignauiam
1219 1203 1299 1243 nnnc
1311 1185 1378 1244 tole²

285 1295 349 1337 rare
368 1277 507 1355 cogimur.
549 1275 721 1336 Summatim
734 1296 804 1336 vero
824 1276 981 1336 illiusmodi
1000 1296 1036 1336 ea
1060 1288 1140 1347 sunt,
1153 1295 1221 1355 quse
1233 1297 1290 1356 pro
1302 1277 1378 1336 vobis

284 1387 343 1447 ego
365 1369 491 1448 suscepi,
505 1378 539 1427 ut
559 1379 589 1428 et
612 1368 745 1433 omuibus
769 1369 904 1441 felicitas,
918 1368 1067 1447 virtusque
1086 1378 1187 1428 restra
1197 1368 1379 1430 admirationi

286 1471 375 1533 esset,
388 1472 420 1522 et
429 1481 486 1540 ego
496 1480 674 1522 summorum
689 1481 707 1520 a
719 1462 801 1522 vobis
815 1462 998 1541 premiorum
1010 1479 1092 1543 spem
1102 1461 1288 1540 propositam
1295 1463 1378 1521 babe-

286 1573 359 1614 rem.
387 1554 463 1612 Cum
476 1573 545 1614 vero
559 1553 731 1614 inevitabilis
746 1555 796 1614 illu
808 1542 940 1634 quidem,
953 1553 1005 1614 sed
1019 1553 1119 1632 iniqua
1127 1555 1258 1626 fortuna,
1274 1571 1334 1613 non
1345 1574 1379 1614 ex

283 1646 432 1724 aequitate,
449 1646 502 1706 scd
516 1665 567 1724 pro
584 1666 639 1706 sua
657 1646 787 1718 libidine,
800 1657 969 1726 susceptum
982 1666 1036 1725 pro
1047 1646 1182 1706 libertate
1195 1646 1377 1719 Graecorum,

283 1737 368 1816 quod,
378 1758 430 1798 vos
445 1739 589 1817 gessistis,
612 1738 722 1811 bellum
737 1739 939 1819 dijudicasset,
952 1758 1008 1800 nec
1020 1740 1133 1818 reliquo
1143 1749 1377 1818 temporemeam

283 1849 355 1909 erga
368 1850 420 1890 ros
434 1831 666 1890 benevolentiam
680 1832 783 1911 abjeci,
795 1850 851 1892 nec
863 1851 931 1891 eam
949 1831 1011 1890 ulla
1021 1850 1054 1890 re
1067 1830 1188 1901 mamni,
1203 1849 1265 1889 non
1280 1831 1378 1910 gratia,

251 1963 256 1978 .
282 1941 342 1981 non
365 1943 428 2002 spe,
447 1943 507 1982 nou
530 1923 645 1994 divitiis,
667 1941 726 1984 non
750 1924 890 2003 potentia,
911 1941 972 1983 non
993 1922 1161 1982 securitate.
1203 1924 1376 2000 Quanquam

281 2013 415 2075 videbam
429 2015 526 2075 omnia
538 2015 602 2076 baec
617 2017 650 2078 iis
666 2017 845 2094 contingere,
861 2017 910 2095 qui
924 2027 1026 2075 contra
1039 2034 1091 2074 vos
1104 2015 1320 2093 rempublicam
1331 2036 1377 2094 ge·

280 2127 344 2167 rere
357 2107 476 2168 vellent.
517 2109 605 2174 Quod
627 2128 696 2172 sero
718 2109 749 2170 in
772 2108 873 2167 multis
892 2119 926 2166 at
942 2108 1056 2186 magnis
1077 2109 1177 2178 rebus,
1189 2107 1300 2186 quibus
1314 2108 1377 2165 mihi

276 2199 343 2279 jure
367 2200 484 2280 gloriari
506 2199 586 2275 licet,
610 2202 768 2262 maximum
786 2200 985 2272 existimarim,
1008 2220 1068 2260 non
1089 2201 1231 2260 dubitabo
1256 2201 1378 2261 scribere

280 2293 320 2352 ad
333 2313 396 2365 vos,
406 2313 473 2352 cum
485 2291 638 2374 Philippus
652 2295 726 2358 inter
740 2294 853 2372 eosqui
865 2294 991 2352 abomni
1004 2313 1067 2353 urvo
1081 2304 1280 2352 memorantur
1293 2293 1377 2354 soler·

279 2384 410 2446 tissimus
423 2386 511 2445 fuerit
538 2386 575 2446 ad
597 2388 747 2448 hominum
767 2386 933 2446 voluntates
953 2385 1091 2446 comitate
1104 2397 1135 2445 et
1147 2382 1322 2447 affabilitate
1339 2387 1377 2444 sic

279 2480 334 2540 sibi
355 2480 574 2555 devinciendas,
594 2492 629 2542 ut
650 2483 688 2543 ad
712 2491 817 2541 nutum
839 2490 957 2559 paratos
978 2480 1111 2553 baberet,
1124 2490 1155 2540 et
1176 2479 1377 2558 largitionibus

280 2591 380 2632 omnes
400 2592 522 2651 quorum
543 2574 641 2652 aliqua
658 2583 736 2634 esset
759 2572 789 2633 in
803 2572 915 2631 Graecis
939 2572 1059 2632 urbibus
1077 2559 1236 2631 auctoritas
1251 2591 1377 2631 corrum-

278 2665 403 2743 pandos,
418 2686 465 2727 me
482 2666 576 2724 solnm
597 2666 634 2725 ab
655 2666 757 2725 horum
779 2674 885 2723 neuim
908 2683 975 2723 esse
994 2664 1123 2723 victum:
1143 2662 1175 2721 id
1196 2664 1377 2740 quodetiam

278 2776 358 2817 nnnc
370 2758 452 2818 vobis
465 2756 624 2835 gloriosum
639 2742 701 2816 est:
712 2775 876 2835 quanquam
890 2774 968 2835 soepe
982 2774 1159 2833 congressus
1171 2766 1203 2814 et
1216 2756 1378 2815 collocutus

279 2847 332 2906 sim
347 2867 413 2908 cum
427 2848 563 2927 Philippo
582 2848 617 2907 iis
631 2847 668 2907 de
682 2850 768 2907 rebus
782 2856 900 2926 propter
916 2866 989 2923 quas
1008 2862 1061 2906 uos
1074 2861 1121 2905 me
1134 2846 1268 2925 legatum
1283 2849 1377 2907 mitte·

278 2940 365 3010 batis,
381 2952 409 2999 et
423 2961 563 3019 magnum
579 2941 732 3020 pecuniam
745 2960 833 3019 quam
848 2941 897 2999 ille
910 2937 1052 3000 offerebat
1060 2940 1242 3019 repudiasse,
1256 2960 1377 3018 quarum

278 3052 373 3093 rerum
385 3035 496 3093 conscii
513 3034 594 3093 multi
609 3034 696 3093 etiam
714 3033 804 3092 bodie
816 3032 928 3092 rivum.
970 3033 1053 3101 Quos
1065 3033 1137 3111 quid
1151 3033 1190 3092 de
1203 3034 1288 3093 tobis
1299 3034 1375 3113 judi·

277 3144 344 3186 care
367 3137 598 3187 consentaneum
617 3126 666 3202 sit,
690 3126 836 3203 cogitate:
857 3125 939 3203 quod
953 3126 1031 3184 enim
1051 3125 1140 3185 talem
1162 3126 1206 3186 ita
1221 3127 1377 3197 tractastis,

277 3218 307 3277 id
328 3238 402 3278 mese
423 3219 542 3298 quidem
563 3218 722 3279 calamitati
744 3209 883 3277 scilicets
879 3219 1032 3289 tribuetur,
1053 3218 1160 3278 sceleri
1181 3234 1377 3297 nequaquam,

276 3323 382 3371 vestrm
409 3323 507 3373 autem
528 3312 683 3391 iniquitati,
705 3332 794 3390 quam
812 3311 961 3373 infamiam
978 3310 1093 3371 consilii
1115 3312 1277 3386 mutatione
1299 3314 1378 3373 dele·

276 3403 355 3463 bitis.
398 3405 416 3463 J
419 3424 465 3463 arn
487 3424 522 3463 ea
544 3424 610 3483 quus
636 3404 695 3463 diri
718 3405 816 3466 omnia
837 3405 951 3464 minora
967 3416 1041 3483 puto
1055 3404 1225 3463 mandente
1238 3416 1270 3465 et
1282 3406 1378 3485 quoti·

278 3493 367 3553 diona
379 3496 548 3573 reipublicae
569 3496 832 3567 administratione,
850 3496 880 3555 iu
901 3515 961 3574 qua
987 3495 1029 3555 ita
1049 3514 1094 3554 me
1115 3497 1208 3573 gessi,
1230 3509 1265 3556 ut
1282 3516 1379 3575 neque

277 3587 328 3647 ulli
348 3588 518 3660 iracundie,
549 3608 656 3667 neque.
673 3588 881 3660 simultatibus,
905 3608 1000 3667 neque
1028 3588 1137 3668 injusto
1164 3591 1305 3666 qcaestui.
1332 3590 1377 3649 vai

275 3681 395 3760 publico
417 3683 462 3741 vel
488 3681 612 3761 privato,
635 3684 790 3753 servierim,
812 3701 908 3761 neque
933 3682 1027 3741 ullum
1051 3701 1181 3760 unquam
1204 3684 1254 3742 rel
1281 3684 1375 3743 ciram

274 3773 322 3832 vel
349 3774 492 3854 hospitem
519 3776 576 3835 sim
605 3775 810 3848 calumniatus,
833 3794 929 3853 neque
953 3785 1057 3835 contra
1082 3794 1139 3835 vos·
1165 3775 1302 3854 privatm
1332 3777 1376 3835 ia-

277 3867 388 3927 cultate
413 3884 478 3929 mea
501 3888 583 3942 usus,
602 3868 666 3939 sed,
690 3868 715 3928 si
736 3870 807 3947 qnid
829 3887 904 3947 opus
924 3879 1014 3940 esset,
1033 3867 1149 3948 publice
1167 3888 1222 3947 pro
1240 3869 1327 3929 robis
1347 3871 1377 3927 in

273 3960 426 4039 procinctu
453 3962 593 4022 steterim.
636 3962 724 4030 Quod
748 3981 815 4021 cum
837 3973 910 4021 natu
935 3961 1105 4040 grandiores
1127 3960 1236 4032 norint,
1259 3980 1380 4041 mquam

256 4062 319 4130 'est
340 4062 373 4112 ut
389 4052 551 4133 junioribus
574 4054 747 4113 concionem
765 4054 908 4113 adversus
922 4052 1085 4133 Pythonem
1102 4053 1280 4133 Byzantium
1296 4054 1379 4115 babi-

272 4155 333 4205 tam
355 4145 501 4219 iudicetis,
515 4166 582 4205 cum
597 4147 734 4208 adductis
750 4147 922 4208 Groecorum
945 4148 1052 4227 legatis
1069 4146 1163 4219 affuit,
1177 4148 1301 4228 injurias
1323 4168 1379 4209 no·

271 4248 339 4297 strae
353 4238 431 4299 urbis
446 4248 635 4319 ostensurus:
658 4249 688 4299 et
703 4240 879 4300 contrarium
896 4239 960 4320 ejus
980 4240 1063 4319 quod
1080 4251 1213 4319 sperarat
1233 4252 1380 4320 expertas

272 4330 403 4405 recessit,
416 4332 466 4391 ubi
489 4351 546 4410 ego
569 4332 649 4393 solus
671 4342 820 4393 oratorum
841 4333 920 4393 illius
943 4334 1080 4414 temporis
1103 4345 1230 4395 reanum
1253 4352 1381 4396 oausam

273 4417 402 4483 delendi.
443 4424 557 4487 Omitto
571 4434 643 4504 quot
657 4424 819 4503 legationes
832 4446 886 4506 pro
900 4427 981 4488 vobis
994 4426 1169 4506 obiecimus
1185 4425 1294 4508 quibua
1314 4448 1381 4488 osa·
