2967 4950
219 348 280 407 ssu
321 417 324 425 ,
580 346 626 405 ru
648 338 906 405 srsrnsuum
930 348 953 407 r.

218 510 308 577 cenet,
322 502 533 563 istmnsedisss
549 512 581 561 et
603 502 755 582 proluisse
776 519 898 564 menum
940 500 1039 570 Qum
1060 501 1091 565 in
1111 500 1231 581 pistrino
1248 519 1316 562 eum

218 595 328 656 molere
343 596 439 676 potius
453 595 562 668 decuit,
575 615 664 675 quern
678 595 795 675 reliquis
808 593 905 674 potiri.
937 593 997 654 Sed
1010 594 1114 654 omitto
1127 593 1202 668 haec,
1215 593 1317 655 etalio

163 734 166 741 .
217 707 285 767 quoe
299 687 335 747 de
350 686 484 746 undecim
497 686 612 747 talentis
628 687 723 749 dicere
736 707 864 767 possem,
875 686 953 746 unde
963 696 1191 767 cognosceretur
1202 697 1318 766 petrem

217 799 254 840 es
273 799 334 839 non
357 780 504 851 debuisse,
519 780 572 839 sed
590 780 678 839 istum
697 780 877 859 surripuisse.
921 780 980 840 Se'd
1002 800 1061 859 qua
1079 779 1174 859 gratie
1193 780 1263 860 legi,
1285 790 1320 839 ut

216 874 402 953 ostenderem
428 882 636 932 testamentum
664 892 732 932 esse
755 873 872 944 falsum,
893 872 924 932 id
941 872 1024 932 robis
1045 873 1177 952 redigam
1200 872 1231 932 in
1253 892 1317 932 me·

217 984 352 1026 moriam.
484 1026 485 1029 ,

260 1060 307 1124 10.
331 1056 479 1139 Scriptum
501 1067 548 1118 est
571 1056 689 1130 ibidem,
715 1077 794 1117 non
820 1057 952 1117 licere
983 1054 1224 1117 Phormioni
1260 1078 1317 1117 ar-

217 1150 438 1231 gentariam
459 1151 606 1219 iecere,
630 1148 710 1208 nisi
734 1148 773 1207 id
800 1169 819 1208 a
845 1150 963 1210 nobis
990 1147 1218 1227 impetrarit.
1248 1150 1317 1210 Hoc
1416 1148 1419 1155 ’

214 1242 303 1324 igitur
324 1240 464 1323 scriptum
485 1242 597 1302 iudicat
619 1251 826 1301 testamentum
849 1242 967 1322 penitus
991 1262 1057 1303 esse
1080 1244 1197 1303 falsum.
1239 1246 1317 1313 Quis

213 1334 290 1396 enim
303 1334 479 1410 mortalium,
494 1354 561 1414 quoe
574 1334 630 1394 iste
645 1334 781 1395 leniendo
794 1336 990 1414 argentariam
1006 1337 1175 1416 quaesiturus
1191 1348 1263 1411 erat,
1278 1360 1318 1400 ea

214 1436 248 1489 ut
268 1428 354 1489 nobis
374 1426 451 1499 liliis,
467 1446 527 1487 nou
550 1426 607 1505 isti,
621 1428 826 1499 tribuerentur,
841 1428 990 1489 cavisset?
1017 1422 1233 1509 Proptereaque
1254 1452 1317 1492 non

212 1520 301 1582 licere
314 1518 363 1579 isti
380 1518 478 1579 facere
493 1518 685 1597 argenteriam
700 1520 878 1599 scripsisset,
892 1541 930 1580 ne
945 1532 967 1580 ‘e
986 1522 1071 1581 nobis
1086 1541 1117 1580 se
1132 1535 1316 1586 removeret:

213 1633 284 1693 quse·
301 1630 371 1672 vero
392 1610 455 1691 ipse
474 1620 563 1691 parta¹
575 1610 653 1670 intus
673 1611 847 1690 reliquisset,
860 1632 896 1672 ea
908 1623 943 1673 ut
955 1613 1009 1673 iste
1024 1624 1152 1692 caperet,
1169 1616 1315 1677 confecis-

213 1716 259 1768 set
266 1704 282 1779 i
310 1700 701 1783 cuiquestuminvidtsser,
715 1702 825 1786 dequo
840 1699 950 1785 aliquid
965 1706 1106 1786 impartiri
1125 1706 1208 1767 nulle
1220 1708 1316 1788 turpi·

173 1854 176 1861 .
212 1798 286 1860 tudo
299 1798 413 1870 fuisset,
428 1796 460 1856 ei
468 1814 588 1857 uxorem
607 1796 749 1873 dedisset,
770 1817 830 1877 quo
844 1798 1007 1878 relinquere
1019 1798 1133 1857 nullum
1150 1798 1246 1879 majus
1260 1800 1316 1861 de·

212 1890 305 1951 decus
328 1889 480 1971 potuisset,
494 1898 762 1971 postquamvestto
784 1892 927 1951 beneflcio
948 1891 1006 1951 fuit
1025 1890 1168 1951 umatus?
1199 1892 1316 1954 Temen

211 1994 359 2065 tanquam·
372 2000 472 2044 sertus
484 1983 605 2045 domino
628 1984 720 2055 daret,
735 2000 796 2044 non
819 1994 923 2044 contre
935 1984 1072 2045 dominus
1092 2003 1186 2057 servo,
1211 1984 1314 2047 dotem

211 2077 328 2159 adjecit,
340 2086 480 2157 quantem
494 2076 525 2136 iu
537 2078 610 2137 urbe
623 2076 770 2137 neminem
782 2076 900 2138 dedisse
914 2076 1054 2137 constet?
1074 2076 1231 2139 Enimvero
1241 2094 1314 2139 cnm

209 2171 267 2232 isto
280 2169 689 2253 preclarssetumfuissetsi
702 2170 967 2251 nupties‘dominae
987 2170 1091 2231 inisset
1110 2181 1230 2232 nectrrs:
1256 2190 1313 2253 pe-

209 2274 285 2325 trem
304 2272 412 2333 autem,
425 2280 463 2321 ne
483 2273 606 2342 accepte
618 2262 736 2342 quidem
756 2272 842 2323 tante
863 2262 998 2343 pecnnia,
1011 2271 1151 2342 quantem
1174 2281 1243 2325 enm
1261 2264 1313 2326 isti

209 2354 328 2417 dedisse
341 2356 449 2428 ruunt,
461 2354 610 2434 probabile
620 2356 679 2416 tuis
688 2354 755 2417 hsee
769 2355 861 2417 fnisse
875 2364 1020 2416 acturum.
1062 2356 1232 2417 Sed‘tumen
1242 2374 1312 2438 quse

208 2452 311 2534 signis,
324 2470 391 2531 quse
405 2451 594 2532 temporibus,
614 2452 788 2533 qure‘rebus
806 2450 877 2532 ipsis
896 2452 973 2512 fuiss
986 2450 1258 2533 deprehenduntnr,
1273 2471 1313 2514 es

208 2545 378 2626 Stephanus
390 2543 616 2606 -testiticeri'non
630 2545 793 2607 dubitavit:
813 2555 918 2626 postea
935 2545 1047 2625 passim
1062 2545 1189 2619 dictitet,
1206 2545 1312 2607 restili-

201 2649 307 2720 *catum
320 2653 386 2698 esse
406 2635 556 2698 Nicoclem
569 2657 601 2698 se
619 2637 746 2717 gessisse
761 2636 884 2697 tutelam
903 2653 940 2697 ex
960 2645 1149 2708 testamento,
1162 2635 1312 2700 Periclem

206 2731 394 2792 testificatum
406 2747 470 2790 esse
488 2747 520 2790 se
535 2730 590 2790 sub
609 2727 703 2791 tutela
714 2729 807 2790 {trisse
821 2749 860 2790 ex
873 2737 1060 2791 testamento.
1101 2727 1170 2809 Ego
1181 2748 1252 2790 vero
1271 2730 1313 2795 iis

207 2823 278 2904 ipsis
292 2821 469 2902 argumentis
484 2819 602 2882 ostendi
621 2830 694 2901 puto
709 2840 804 2902 neque
823 2821 902 2894 illos,
922 2840 1018 2902 neque
1031 2822 1099 2893 hos,
1113 2841 1184 2883 vera
1204 2823 1313 2884 testifi-

208 2928 380 2978 catosesse.
422 2913 481 2986 Qui
501 2915 580 2975 enim
593 2933 625 2974 se
639 2914 768 2994 gessisse
784 2914 907 2975 tutelam
927 2934 966 2975 ex
978 2924 1156 2975 testamento
1170 2925 1310 2994 testatur,

207 3031 274 3072 eum
293 3009 368 3072 scire
381 3008 568 3088 perspicuum
583 3017 638 3081 est,
652 3027 688 3066 ex
703 3006 792 3087 quali.
836 3006 916 3075 Quid
929 3006 1019 3085 igitur
1031 3007 1115 3067 vobis
1128 3007 1158 3067 in
1178 3018 1311 3070 mentem

205 3093 341 3165 veniebat
363 3111 398 3160 ut
420 3100 450 3160 iu
472 3098 679 3180 provocatione
693 3096 894 3158 testimonium
908 3097 1043 3158 diceretis
1059 3100 1096 3160 de
1109 3102 1311 3161 testamento?

201 3187 259 3257 ¹cur
281 3208 342 3255 non
366 3192 436 3256 illos·
448 3192 546 3276 potius
560 3181 834 3253 dicere‘sinebetisl
854 3189 933 3250 Nem
945 3190 969 3249 si
982 3190 1024 3249 illi
1034 3211 1100 3271 qum
1109 3192 1140 3252 in
1151 3210 1187 3253 eo
1198 3195 1310 3275 scripte
1324 3241 1328 3251 ..

96 3341 98 3346 .
205 3289 315 3349 fuerint
328 3287 402 3347 seire
416 3307 449 3346 se
462 3285 623 3365 negabunt,
634 3285 685 3366 qui
698 3303 753 3345 vos
767 3301 803 3344 en
816 3283 890 3344 scire
901 3284 1033 3363 potestis,
1049 3304 1123 3364 quos
1137 3285 1202 3366 ipsa
1213 3307 1309 3368 nego-

204 3381 252 3442 tia*
264 3397 409 3457 nusquam
421 3377 468 3438 vel
478 3377 596 3438 minime
609 3398 645 3437 ex
660 3387 744 3457 parte
758 3375 942 3456 attigerunt?
973 3375 1036 3437 Cur
1049 3377 1141 3457 igitur
1154 3379 1203 3439 elii
1212 3389 1308 3443 testes

205 3473 264 3534 elie
277 3469 432 3532 dixerunt?
464 3471 553 3539 Quod
572 3469 652 3552 prius
667 3470 754 3530 etiam
767 3469 838 3544 dixi,
851 3469 953 3551 pertiti
964 3481 1033 3530 sunt
1047 3469 1123 3532 iuter
1136 3491 1170 3533 se
1184 3473 1308 3536 scelera.

205 3562 1308 3646 Atquesetutelemgetsisseextestamentoquidixit

146 3671 149 3676 ’
205 3659 279 3720 nibil
292 3677 324 3718 se
337 3675 423 3736 greve
437 3653 546 3717 dixisse
559 3655 696 3735 opinatus
710 3665 768 3730 est,
780 3674 877 3735 neque
890 3655 915 3715 is
929 3655 980 3735 qui
998 3672 1041 3715 se
1067 3657 1140 3716 sub
1166 3657 1308 3720 tutela
1358 3721 1363 3748 Ι

205 3753 222 3813 f
225 3753 263 3812 ui
274 3771 338 3812 sse
351 3750 424 3812 diuit
437 3769 485 3810 ex
507 3758 617 3810 teste
627 3749 936 3810 mento-auferens
944 3746 1065 3829 uterque
1076 3770 1131 3811 suo
1137 3751 1307 3814 testimonio

204 3862 241 3906 es
261 3865 328 3926 quse
349 3853 419 3905 sunt
441 3845 478 3904 ab
496 3843 553 3904 isto
569 3843 681 3924 scripte
694 3843 724 3903 in
736 3852 968 3916 testamento-,
981 3841 1055 3902 elius
1079 3843 1305 3925 reliquis-se

204 3940 283 4002 sibi
321 3948 464 4019 putrem
503 3929 671 3998 tabulas
715 3947 1019 3998 testamentum
1045 3937 1304 4019 inscriptus,

203 4032 278 4094 nlius
291 4024 355 4112 ejus
365 4031 481 4110 generis
495 4029 566 4090 alia:
581 4029 635 4092 sed
648 4031 693 4090 de
709 4038 966 4090 testamento
986 4029 1304 4107 diceretestimonium,
1336 4105 1339 4109 Δ

201 4126 302 4205 inquo
316 4133 460 4184 esttuntae
474 4123 606 4202 pecuuise
615 4123 735 4193 furtum,
749 4122 1031 4203 uxoris'corruptele,
1045 4124 1156 4203 nuptioe
1165 4124 1303 4199 dominae,

201 4239 248 4280 res
259 4218 332 4278 tanti
342 4215 444 4295 flagitii
457 4214 587 4294 tentique
601 4214 766 4296 dedecoris,
776 4232 863 4276 nemo
872 4215 975 4288 voluit,
989 4214 1046 4275 nisi
1063 4214 1120 4287 isti,
1132 4217 1183 4296 qui
1197 4238 1303 4297 provo·

84 4315 90 4326 '
201 4312 344 4371 sationem
360 4319 430 4370 sunt
442 4307 609 4382 commenti,
618 4307 656 4368 de
670 4308 776 4387 quibus
785 4325 901 4393 oequum
912 4318 957 4370 est
967 4307 1057 4368 totius
1069 4309 1185 4369 technae
1197 4319 1227 4370 et
1237 4329 1302 4370 ma·

200 4402 376 4462 letioiisurni
389 4419 500 4481 pronus.
542 4399 590 4459 -Ne
611 4411 720 4471 autem,
734 4400 938 4473 Athenienses,
952 4419 988 4459 ex
1002 4399 1038 4459 iis
1052 4399 1148 4460 solum
1161 4420 1227 4481 quse
1242 4422 1301 4482 ego

203 4503 311 4554 eo'euso
325 4503 413 4572 etque
428 4511 532 4574 arguo,
547 4493 622 4553 false
634 4491 746 4554 dixisse
758 4502 864 4553 testem
878 4493 1059 4572 Stephanum
1073 4493 1156 4554 vobis
1172 4504 1302 4569 constet,
