2967 4950
236 283 258 340 6
557 285 732 350 cousus
753 260 1028 350 almisonum.
1065 363 1069 368 ι

281 439 311 493 4.
336 435 408 496 Post
420 435 506 514 hac,
513 439 644 518 judices,
658 439 748 500 edicit
761 439 799 500 de
812 434 1064 517 injuriismiaguis·
1073 431 1133 492 illis
1144 430 1276 510 quidem,
1289 431 1342 491 ted
1423 495 1426 499 .

239 535 340 586 tamen
353 529 414 588 fieri
427 529 540 592 seilicet
557 531 587 590 in
600 533 672 596 urhe
686 542 792 595 nostra-
798 530 903 592 solitis.
925 529 1002 591 Nam
1015 547 1053 588 eo
1065 526 1104 590 de
1117 543 1210 587 causa
1218 525 1305 602 'leges
1325 541 1343 584 a

236 621 398 699 majoribus
409 623 530 696 sancite
545 634 623 695 sunt,
634 624 715 703 quod
726 623 862 702 quedam
876 629 1079 698 contraquam
1092 619 1342 680 deceatcotumit·

241 722 350 772 tantur.
373 714 436 775 Lex
456 726 535 776 certe
552 717 671 793 quidem
691 725 790 794 aperte
809 714 865 775 aits
888 714 923 774 si
942 723 1048 791 pater
1067 721 1134 772 aut
1152 711 1270 770 freter
1283 720 1343 768 aut

131 857 133 866 .
240 816 393 882 patruos
417 817 480 866 aut
501 816 601 868 tutor
618 816 684 868 aut
699 806 864 885 'denique
886 805 919 864 is
940 805 1044 883 cujus
1067 813 1114 864 est
1134 803 1341 863 auctoritas

242 897 402 974 aliquem
424 899 589 958 mercede
608 901 824 978 prostituat,
850 917 920 957 non
942 897 1056 956 licere
1073 911 1223 974 puerum
1241 914 1342 954 aeon-

240 1007 341 1048 sare:
372 991 434 1054 sed
471 1001 543 1050 tam
571 1011 650 1050 eum
680 991 741 1068 qui
768 991 946 1050 elocarit
969 1007 1082 1067 quam
1108 985 1177 1064 qui
1199 987 1341 1046 condu-

138 1085 141 1094 ’
241 1081 358 1153 xerit,
381 1082 494 1141 illum
519 1084 619 1159 quod
642 1083 812 1156 elocarit‚
832 1082 936 1153 hunc,
959 1081 1064 1159 iuquit,
1086 1080 1181 1160 quod
1204 1080 1341 1138 condu-

163 1165 166 1186 '
240 1173 345 1243 xerit,
366 1182 396 1232 et
415 1183 522 1252 parem·
535 1175 572 1250 ln*
587 1183 741 1252 utrumque
762 1193 879 1252 poenam
898 1173 1009 1233 statuit.
1021 1171 1158 1249 Neque
1182 1173 1341 1231 necessi·

241 1275 354 1333 tatem
374 1266 541 1344 imponit
564 1275 685 1344 puero
706 1267 767 1327 ubi
790 1265 1019 1325 adoleverit
1041 1275 1192 1342 patrem
1218 1265 1341 1324 alendi

152 1360 159 1380 ¹
240 1367 304 1416 aut
331 1359 516 1419 domicilio
540 1358 768 1438 excipiendi,
794 1358 824 1418 si
851 1357 962 1417 fuerit
989 1359 1037 1416 ab
1061 1375 1102 1416 eo
1127 1356 1174 1415 ad
1196 1366 1341 1436 turpem

241 1457 425 1528 qnaestuui
451 1451 638 1523 elocatus,
662 1452 884 1510 defunctum
908 1460 1031 1510 tamen
1053 1448 1215 1528 sepelire
1235 1450 1341 1528 jubet

213 1551 283 1602 'ac
308 1551 441 1602 cetera
461 1543 689 1620 parentalia
713 1543 825 1602 obire
845 1552 885 1601 ut
903 1543 1021 1602 moris
1041 1552 1111 1600 est.
1137 1531 1341 1614 considerate,

239 1633 446 1704 Athenienses,
469 1653 557 1712 quarn
578 1644 669 1706 recte,
688 1634 796 1694 viventi
816 1634 844 1692 ei
865 1633 969 1712 eripiat
988 1634 1113 1692 fructum
1131 1634 1342 1711 procreationis

136 1738 138 1740 ·
239 1724 408 1796 liberorum,
418 1726 664 1802 quemadmodum
675 1727 738 1804 ipse
748 1745 840 1804 puero
850 1725 1029 1798 libertatem:
1046 1724 1220 1785 defunctum
1231 1736 1340 1796 tamen,

240 1837 308 1877 cum
328 1818 353 1876 is
367 1817 485 1896 quidem
506 1819 556 1896 qui
576 1819 750 1880 beneficium
771 1819 889 1897 accipit,
903 1837 963 1877 nou
974 1819 1037 1897 jam
1053 1819 1144 1876 sentit
1155 1819 1342 1879 commodum

240 1928 300 1989 quo
315 1909 450 1983 afficitur,
463 1910 522 1988 legi
534 1929 604 1970 vero
617 1919 648 1972 et
660 1911 880 1976 numinih'onos
898 1909 1032 1979 habetur,
1050 1911 1174 1989 sepelire
1182 1910 1299 1989 jubeat,
1312 1925 1342 1972 et

240 2003 386 2064 caterade
407 2023 487 2062 more
501 2013 656 2081 prestares
682 2003 780 2063 Etiam
802 2003 891 2062 aliam
911 2002 1059 2080 quandam
1072 2003 1168 2080 legem
1189 2004 1270 2075 tulit,
1291 2026 1344 2065 rsob

239 2106 364 2158 atrorum
379 2097 535 2156 liberorum
550 2097 714 2170 custodem,
736 2096 774 2156 de
795 2095 950 2166 lenocinio,
969 2095 1102 2154 maximia
1120 2096 1215 2174 poeuis
1232 2097 1345 2157 adscri-

239 2191 308 2270 ptis,
342 2188 492 2268 si'quis
519 2179 689 2268 ingenui
720 2189 841 2274 pueri
867 2197 931 2247 aut
963 2189 1143 2247 mulieris
1169 2189 1343 2249 lenonem

238 2292 340 2361 agat.
372 2282 414 2342 Et
425 2301 516 2359 quam,
528 2280 635 2340 allant
658 2281 767 2359 Legem
792 2279 987 2368 contumelias,
1001 2299 1068 2356 qnae
1087 2299 1147 2338 uuo
1167 2283 1264 2359 capite
1277 2302 1343 2361 quie

238 2386 309 2434 sunt
331 2374 418 2447 huJ'us
445 2375 560 2452 generis
589 2374 688 2432 omnia
714 2373 937 2450 complectitu'r3
963 2372 994 2430 in
1013 2392 1072 2450 qna
1093 2373 1182 2452 plane
1201 2375 1343 2454 scriptum

237 2460 382 2538 hahetur,
395 2466 420 2526 si
432 2465 497 2543 quis
509 2484 600 2545 puero
610 2449 819 2524 contumeliam
829 2464 1042 2524 lecerit-faeit
1051 2476 1150 2525 autem
1158 2467 1343 2545 utique'con·

237 2558 459 2633 tumeliamqui
479 2555 669 2626 conducit-,
689 2565 741 2615 aut
760 2557 834 2628 siro,
848 2566 901 2615 aut
913 2555 1039 2641 mulieri,
1058 2556 1119 2617 sire
1135 2557 1269 2637 ingenuo
1281 2561 1344 2621 sive

238 2670 332 2721 servo,
347 2660 399 2713 aut
412 2650 520 2727 aliquid
531 2649 646 2728 legibus
656 2650 845 2709 interdictum
859 2652 889 2709 in
899 2651 1005 2711 horum
1016 2642 1144 2731 aliqn'en'r
1154 2656 1342 2729 commiserit,
1435 2652 1440 2661 '

237 2743 269 2801 iu
283 2760 352 2801 aum
365 2741 551 2800 tontumeliae
565 2741 710 2807 achonem
725 2742 810 2801 dedit
824 2752 855 2801 et
876 2743 935 2803 litis
949 2743 1172 2805 estimationem
1184 2766 1254 2806 eam
1267 2749 1344 2822 lecit,

239 2840 274 2895 nt
285 2836 473 2902 statuendum
487 2836 535 2910 sit,
545 2837 617 2915 quid
631 2837 656 2895 is
670 2836 752 2897 luere
765 2837 885 2911 debeat,
898 2848 951 2897 aut
963 2840 1086 2906 solvere.
1120 2839 1227 2902 &cim
1240 2843 1343 2923 legem.

742 3016 830 3075 nsit

272 3160 297 3206 Sl
308 3158 526 3221 quis¹Atheuiensis
538 3174 611 3221 puero
622 3160 722 3219 ingenuo
733 3160 898 3207 contumellam
909 3160 1000 3217 lecerit,
1010 3162 1032 3209 is
1042 3162 1067 3210 in
1079 3164 1146 3225 cujus
1157 3171 1277 3225 potestate
1288 3182 1345 3229 puer

238 3243 277 3284 est
288 3236 352 3283 illum
363 3232 425 3297 apud
438 3236 548 3283 sexviros
559 3244 677 3293 accusato,
689 3236 777 3284 eslitis
789 3238 944 3285 mutuatione
954 3238 1084 3303 adscripta,
1098 3255 1145 3302 qna
1157 3243 1276 3303 judicium
1292 3260 1343 3291 eun

238 3314 407 3381 condemnarit,
417 3313 457 3374 qul
469 3314 488 3359 si
500 3313 665 3361 undecimviris
676 3314 747 3360 luerit
757 3308 858 3375 traditus
868 3316 950 3361 eadem
961 3316 1001 3362 die
1012 3317 1155 3377 perimatur:
1172 3318 1209 3365 siu
1224 3321 1249 3366 ei
1260 3322 1344 3368 mulcta

235 3390 485 3451 pecuniarie'irrogats
494 3390 573 3445 suerit,
584 3391 645 3437 intra
657 3390 709 3439 dies
721 3391 829 3441 undecim
841 3398 894 3450 post
903 3393 1018 3452 judicium
1030 3395 1115 3451 soluat,
1128 3395 1150 3443 si
1161 3396 1242 3446 stutisu
1254 3400 1343 3447 selvam

238 3482 285 3515 nou
298 3466 408 3539 potnerit,
423 3466 496 3511 donec
513 3482 570 3520 vero
588 3468 686 3515 solverit
697 3467 720 3513 in
738 3481 832 3516 earoere
843 3477 965 3517 teneatur:
983 3470 1066 3519 Man
1074 3466 1152 3535 porro
1159 3474 1299 3524 criminibus
1309 3482 1344 3523 le·

240 3549 338 3589 neantnr
350 3541 366 3587 ii
379 3542 448 3587 etiam
460 3540 499 3601 qui
513 3542 714 3605 serviliacorpore
725 3545 843 3593 violarint.

197 3704 202 3715 ·
241 3658 387 3727 Fortassis
401 3678 500 3727 autem
515 3668 620 3746 aliquis
635 3662 733 3727 statim
747 3671 875 3743 miretur,
889 3672 1000 3749 quade
1013 3692 1102 3733 causa
1118 3675 1179 3754 legi
1192 3689 1346 3740 contume-

236 3760 285 3819 liae
296 3760 384 3818 etiam
398 3780 543 3820 servorum
557 3780 665 3820 nomen
674 3763 711 3820 sit
721 3762 913 3843 adscriptum.
937 3766 972 3825 Id
987 3768 1093 3827 verosi
1108 3772 1345 3848 considerabitis,

242 3850 452 3923 Athenienses,
461 3854 590 3913 omnium
600 3854 793 3914 rectissimum
803 3876 871 3917 esse
879 3858 1042 3919 invenietis.
1052 3860 1169 3940 ‘Neque
1180 3866 1259 3924 enim
1269 3869 1347 3927 servi

239 3953 331 4003 tantae
346 3953 424 4006 curre
432 3945 550 4005 fuerunt
558 3946 728 4025 legislatori,
740 3949 793 4007 sed
806 3951 877 4027 quia
885 3969 940 4011 nos
948 3953 1161 4015 consuefacere
1170 3957 1275 4029 voluit,
1283 3970 1348 4020 uta

238 4035 420 4095 contumelia
431 4034 625 4113 ingenuorum
633 4058 820 4118 magnopere
829 4042 914 4101 uobis
923 4039 1162 4123 temperaremus,
1175 4048 1347 4129 adscripsit,

240 4146 278 4185 ne
293 4127 384 4186 servis
397 4126 516 4205 quidem
530 4130 738 4190 contumeliam
753 4151 818 4190 esse
832 4133 1008 4194 faciendam.
1042 4136 1180 4223 Denique
1193 4142 1246 4219 qni
1259 4142 1291 4201 in
1309 4144 1349 4202 ll·

239 4220 311 4278 bera
323 4218 440 4278 civitate
456 4240 630 4304 quacunque
645 4221 673 4280 in
688 4243 718 4281 re
733 4220 941 4287 contumeliam
955 4229 1076 4305 faceret,
1091 4242 1159 4291 eum
1174 4234 1215 4293 ad
1228 4236 1349 4297 civilem

239 4312 611 4375 consuetudinemminime
625 4306 764 4377 idoneum
773 4317 929 4397 judicavit.

282 4404 311 4457 5.
333 4402 429 4481 Atque
440 4404 514 4465 illud
528 4426 589 4467 una
601 4426 729 4483 mecum,
750 4410 962 4489 Athenienses,
979 4390 1169 4497 memineritis
1186 4419 1288 4499 velim,
1304 4422 1351 4484 le-
