2967 4950
1121 174 1168 227 s

504 297 674 368 CONTRA
696 306 897 370 NEAERAM.
1040 302 1045 309 ’
1187 308 1246 370 785

140 463 223 524 recu
235 474 306 524 sunt
318 463 454 544 puberes,
468 465 550 545 pueri
573 475 604 525 et
625 465 759 527 mulieres
781 466 837 525 mo
857 464 940 525 haste
952 462 1071 536 venditi,
1086 462 1136 542 qui
1157 462 1249 524 Laee-

141 555 364 617 daemoniorum
389 557 581 637 aggressione
607 576 670 617 non‘
692 558 905 629 animadversa,
931 556 1006 617 clam
1031 554 1164 615 Athenas
1187 565 1250 617 nort·

141 649 337 729 aufugerant.
379 642 440 709 Eos
453 650 541 729 igitur
552 651 603 729 qui
618 665 700 711 eoem
713 649 945 711 benevolentiam
963 648 1004 709 ite
1017 647 1166 709 euidenter
1178 664 1251 727 erga

142 743 364 823 rempublicam
377 743 623 817 ostenderentur
641 742 775 803 amicitiae
785 741 887 823 populi
899 760 954 802 sua
966 741 1073 814 omnia,
1085 751 1116 801 et
1132 740 1250 813 liberos,

140 842 241 914 atque
252 848 361 895 uxores
374 835 617 916 posthabuerunt,
627 852 743 896 rursum
758 834 950 907 considerate,
964 852 1023 913 quo
1035 843 1123 913 pacto
1134 832 1165 893 in
1178 833 1254 893 ciri-⁴

140 936 245 987 tatem
258 930 436 1009 receperitis.
479 930 505 988 Ii
519 927 643 989 decretis
657 928 735 988 enlm
746 928 859 1001 restris,
870 928 990 988 evidens
999 927 1134 987 omnihus
1147 926 1202 989 erit
1213 943 1249 987 ea

140 1019 240 1089 ratio,
253 1029 283 1079 et
293 1032 340 1080 me
351 1040 421 1081 reta
434 1022 531 1081 dicere
546 1022 742 1101 cognoscetis
784 1016 849 1099 Age
863 1034 939 1100 cape
959 1020 1110 1080 decretum
1129 1019 1197 1093 hoc,
1218 1028 1250 1079 et

143 1110 287 1189 legeeis

374 1256 605 1317 DECRETUM
626 1256 685 1316 DE
707 1248 1048 1315 PLATAEENSIBUS.'

180 1383 330 1445 Hippocrate
340 1386 464 1443 referente,
475 1388 529 1434 duta
540 1386 625 1435 civitas
636 1394 672 1435 est
681 1384 859 1440 Platmensibus,
872 1390 898 1431 ut
915 1384 944 1431 ab
953 1383 996 1431 heo
1007 1380 1046 1431 dis
1063 1382 1110 1431 rint
1122 1382 1202 1429 eadem
1213 1382 1248 1430 di·

141 1459 249 1520 gnitate,
258 1477 304 1522 qua
312 1462 384 1509 osteri
391 1464 551 1518 Athenienses,
559 1471 584 1510 et
592 1466 632 1523 J'ns
643 1452 751 1517 habebnt,
762 1476 858 1522 quorum
870 1460 1024 1509 Athenienses
1040 1462 1080 1520 jus
1096 1459 1189 1515 hebent,
1199 1475 1249 1507 om·

142 1536 226 1593 nium,
234 1545 259 1583 et
269 1554 387 1587 sacrorum
405 1548 429 1587 et
446 1541 602 1601 profanorum,
613 1546 764 1603 praeterquam
781 1537 802 1585 si
819 1538 881 1599 quod
898 1536 1051 1585 secerdotium
1066 1541 1107 1583 aut
1120 1536 1204 1584 festum
1214 1544 1250 1584 est

144 1610 301 1672 gentilitium,
314 1620 415 1674 exoepto
425 1615 482 1662 item
493 1615 662 1670 novennium,
672 1630 750 1661 sorum
761 1621 838 1661 tamen
851 1612 931 1660 liberis
941 1618 965 1660 et
976 1612 1025 1659 heeo
1038 1617 1144 1673 pateant:
1163 1613 1249 1660 Plutus·

140 1703 220 1736 enses
231 1697 307 1737 antem
319 1690 343 1737 in
355 1691 431 1737 curies
445 1691 557 1755 etltrihns
566 1690 752 1749 distribuentem
765 1690 804 1751 qui
816 1696 939 1750 postquam
951 1688 1069 1735 distributi
1081 1688 1174 1744 inerint,
1185 1697 1249 1751 post·

143 1767 194 1812 hac
205 1781 234 1813 ne
245 1766 286 1813 ulli
297 1766 462 1815 Pletmensiun
472 1768 542 1814 liceat
555 1767 605 1814 heri
622 1767 795 1822 Atheniensem,
807 1765 853 1812 nisi
862 1766 888 1815 id
901 1767 941 1825 jus
954 1764 1036 1825 populi
1046 1764 1158 1812 beneficio
1169 1782 1250 1815 conse·

142 1849 246 1903 quater.-

63 1999 67 2004 .
143 1954 314 2028 Videtisne,
335 1956 539 2030 Athenienses,
562 1956 815 2036 quampraeclara
838 1961 869 2015 et
893 1956 973 2035 juste
1002 1965 1099 2016 orator
1122 1958 1171 2017 ille
1195 1976 1247 2038 pro

142 2041 444 2129 popuchtheuienii
465 2050 614 2130 scripserit
635 2060 666 2109 et
687 2047 857 2109 censuerit?
881 2048 1060 2109 Plataeenses
1074 2050 1249 2111 beneficium

145 2154 338 2217 consecutos,
351 2147 476 2225 primum
487 2145 639 2252 injudicio
652 2146 849 2225 explorandos
862 2144 978 2217 uiritim,
993 2164 1030 2204 an
1044 2147 1197 2226 quisquam
1213 2148 1250 2207 sit

146 2234 326 2297 Plataeensis
341 2250 372 2297 et
385 2238 487 2316 populi
502 2239 628 2310 amicus;
649 2249 732 2307 utne
747 2258 783 2299 eo
801 2248 943 2318 praetextu
957 2239 1062 2299 multi'
1055 2260 1084 2297 ιιι
1102 2239 1248 2300 civitatem
1327 2268 1328 2271 ¹

146 2330 338 2410 recipiantur
378 2328 496 2390 Deinde
510 2350 560 2390 eos
574 2332 623 2409 qui
641 2332 756 2411 probati
769 2331 878 2390 fuerint
879 2330 1025 2411 ‚lapidem
1039 2332 1107 2411 pilae
1121 2334 1248 2407 inscribi,

147 2431 183 2483 e't
200 2422 232 2482 in
250 2442 317 2482 arce
337 2422 428 2482 statui
446 2425 531 2500 juxta
554 2424 716 2483 Minervam
734 2424 837 2504 jubet;
860 2434 893 2483 ιιι
913 2424 1086 2484 beneficium
1108 2424 1138 2485 id
1161 2426 1249 2488 etiam

146 2515 278 2596 posteris
292 2525 472 2594 permaneat,
495 2516 670 2596 probarique
684 2517 788 2595 possit,
808 2515 877 2600 quis
897 2517 944 2576 cui
963 2525 1106 2596 cognatus
1121 2519 1168 2578 sit.
1212 2521 1251 2580 Et

147 2619 256 2688 postca
269 2624 329 2666 non
339 2607 426 2666 licere
440 2606 510 2666 sinit
522 2607 731 2668 Atheniensem
747 2607 808 2667 fieri
821 2607 961 2687 eum,'qu'i
973 2627 1053 2668 nunc
1067 2629 1126 2670 non
1143 2611 1250 2683 fectus,

148 2707 183 2759 et
195 2700 225 2758 ‘m
235 2699 348 2780 J’udicio
361 2710 421 2758 non
435 2700 576 2778 probatus
595 2697 701 2768 t'uerit;
723 2709 757 2760 ut
780 2719 816 2759 ne
840 2699 924 2760 multi
944 2719 975 2760 se
989 2699 1171 2762 Plataeenses
1185 2705 1251 2763 esse'

150 2793 331 2864 dictitantes,
341 2788 465 2851 iraude
457 2811 487 2850 ιιι
501 2791 646 2852 civitatem
657 2793 795 2872 irrepant
814 2792 929 2853 Deinde
943 2792 1039 2872 legem
1054 2795 1139 2854 etiam
1153 2797 1250 2858 sancit

150 2905 227 2964 erga
247 2902 298 2944 eos
320 2886 351 2943 in
374 2885 492 2945 decreto
515 2885 623 2954 statim,
639 2895 701 2945 tum
723 2893 866 2965 quantum
885 2879 924 2944 ed
944 2887 1166 2978 rempublicam,
1185 2895 1248 2948 turri

148 2988 297 3072 quantum
311 2978 350 3037 ad
365 2977 437 3038 deos
452 2977 564 3048 attinet,
578 2997 615 3036 ne
629 2978 766 3057 cuiquam
780 2995 881 3038 eorum
892 2979 921 3037 in
938 2979 1088 3038 sortitione
1101 2979 1249 3040 novemvi-

148 3093 263 3145 rorum,
276 3082 328 3132 aut
349 3072 437 3132 ullius
461 3071 595 3133 sacrificii
615 3071 698 3130 locus
721 3072 816 3144 detur,
835 3071 942 3130 horum
961 3091 1029 3131 vero
1054 3071 1208 3146 liberis,
1186 3093 1210 3132 ει
1231 3093 1249 3134 e

150 3164 313 3226 muliere
289 3180 350 3224 cire
365 3165 495 3244 suseepti
510 3166 578 3236 sint,
593 3172 624 3223 et
637 3162 767 3243 legitime
782 3156 938 3244 desponsa,
952 3164 1049 3223 licere.

194 3259 247 3317 26.
269 3257 484 3363 Iniquissimum
499 3257 591 3336 igitur
601 3257 689 3316 fuerit
702 3276 773 3335 erga
786 3255 909 3329 vicinos,
929 3267 959 3316 et
979 3265 1062 3316 extra
1080 3261 1248 3316 controver-

148 3352 224 3411 siam
239 3350 348 3431 optime
361 3350 491 3410 omnium
505 3344 680 3410 Graecorum
694 3351 733 3410 de
747 3351 803 3410 hac
821 3351 971 3429 republica
983 3349 1111 3422 meritos,
1131 3349 1172 3410 ita
1185 3339 1250 3409 dili

151 3454 257 3524 genter
271 3453 301 3503 et
316 3454 435 3503 accurat
436 3463 452 3531 e
466 3443 583 3522 singula
596 3438 726 3516 delinire,
740 3443 845 3521 quibus
860 3443 1075 3503 conditionibus
1088 3443 1145 3502 hoe
1159 3444 1249 3503 bene-'

99 3572 104 3583 ι
151 3529 218 3596 licio
231 3537 382 3595 truantur:
404 3545 469 3596 eam
491 3552 571 3608 vero,
594 3555 661 3613 quae
675 3535 772 3616 palam
787 3545 817 3596 et
834 3537 976 3616 exquisite
990 3537 1152 3598 universam
1166 3535 1250 3595 Gree-

150 3630 229 3690 ciam
243 3626 402 3707 prostituto
410 3643 536 3734 ,corpore
555 3639 714 3708 pervagata
735 3638 790 3702 est,
804 3629 846 3690 ita
856 3629 1011 3709 flagitiose
1029 3649 1065 3689 ao
1085 3629 1251 3709 petulanter

151 3721 344 3781 insultantem
363 3719 483 3792 civitati,
508 3731 540 3780 et
562 3740 645 3780 sacra
668 3721 798 3801 deosque
820 3720 987 3796 violantem,
1009 3720 1180 3802 impunitam
1205 3721 1250 3798 di-

150 3814 278 3886 misisse,
292 3828 381 3891 quam
407 3834 505 3894 neque
528 3825 664 3894 parentes
687 3813 779 3874 civem
797 3815 985 3894 reliquerunt,
1005 3833 1102 3893 neque
1125 3815 1250 3894 populus

14 3940 20 3960 ι
80 3955 83 3959 J
150 3906 272 3967 civitate
286 3906 415 3966 donavit
452 3907 508 3966 Ubr
522 3927 599 3967 emm
614 3917 734 3987 corpore
749 3917 894 3986 quaestum
908 3927 967 3966 non
982 3903 1075 3966 fecit?
1106 3905 1173 3974 Quo
1183 3926 1250 3987 pro

150 3996 219 4082 pte'r
232 4001 433 4090 quotidianam
446 4002 612 4062 mercedem
625 4020 684 4060 non
698 4021 755 4059 ren
756 3991 869 4061 titaviti
891 4001 999 4060 Nonne
1014 4001 1250 4081 Peloponnesum

149 4105 255 4168 totam,
268 4083 469 4156 Thessaliam
462 4108 529 4156 rtem
544 4107 574 4156 et
588 4094 785 4174 Magnesiam,
800 4093 908 4154 Simum
923 4091 1096 4155 Larissaeum
1111 4105 1141 4155 et
1155 4093 1249 4172 Eury-

150 4190 322 4249 damantem
337 4175 440 4246 Midiae
452 4175 553 4260 filium,
568 4207 664 4246 nonne
679 4181 785 4247 Chium
801 4197 832 4247 et
843 4186 997 4247 maximam
1012 4175 1103 4246 Ioniae
1127 4195 1250 4264 partem,

151 4271 297 4342 scudem
310 4277 482 4339 Cretensem
505 4291 617 4351 secuta,
634 4279 822 4358 peragravit?
843 4273 958 4339 elocuta
976 4277 1111 4337 mercede
1127 4294 1145 4334 a
1159 4275 1249 4336 Nica-

149 4383 226 4445 reta,
241 4371 314 4432 dum
326 4369 403 4431 illius
417 4371 515 4431 esset?
537 4373 610 4430 Eam
628 4390 707 4450 vero,
718 4392 786 4450 quae
810 4369 912 4432 alienae
927 4367 1064 4450 potestati
1088 4367 1249 4446 subjicitur,

149 4475 183 4528 et
197 4463 323 4546 pretium
336 4475 539 4524 numerantem
552 4464 718 4541 comitatur,
732 4457 804 4542 quid
817 4463 912 4523 facere
926 4459 1056 4541 putatis?
1076 4459 1144 4517 Non
1158 4461 1249 4523 omni·

680 4559 732 4615 511
