2967 4950
264 338 323 397 ooo
478 338 524 398 lot
543 336 751 399 ameum
769 337 827 398 ΕΤ
847 335 1136 399 MNESIBULUM.

264 491 303 553 ad
316 492 493 571 praetorium,
508 493 577 553 dum
590 494 829 567 introduceretur,
842 488 987 572 nusquam
1005 494 1161 574 quicquam
1177 490 1349 554 contradixit
1452 480 1460 578 'v

262 584 437 666 injudicio,
462 606 569 667 neque*
581 588 726 667 cuiquam
741 588 822 647 litem
841 588 1054 667 murm-neque
1075 604 1243 665 quenquam
1265 585 1348 645 stium
1458 587 1459 636 i

262 675 370 737 habere
391 694 462 738 vasa
485 680 729 758 aeternitasque
753 700 838 739 ease
855 678 977 739 reddere
1001 688 1136 759 oportere
1159 679 1286 758 negavit,
1300 676 1349 737 sed
1458 693 1459 776 }

263 779 366 830 contra
379 772 492 831 sedern
513 772 684 831 senteutiam
699 791 806 851 passus
818 782 881 831 est:
901 791 1032 831 resume
1046 771 1180 849 pretorio
1199 770 1354 849 degressus

263 862 354 923 nihilo
368 866 470 942 magis.
483 864 625 932 reddidit:
648 863 700 924 sed
716 865 739 925 si
753 884 786 923 se
799 849 997 935 subduxisset,
1012 864 1106 923 donec
1120 882 1176 940 ego
1187 882 1255 921 cum
1274 860 1349 921 nari·

262 956 318 1014 bus
333 956 470 1027 subissem,
486 968 516 1016 et
525 970 562 1017 se
573 958 607 1015 in.
618 958 774 1036 mursensis
787 958 917 1034 quietum
932 957 994 1015 iore
1006 956 1129 1035 putarit,
1143 966 1174 1015 et
1185 975 1296 1015 moram
1306 954 1350 1013 in-

263 1056 466 1121 tercessuram,
477 1060 505 1110 et
522 1070 579 1121 me,
595 1066 660 1129 quar
681 1052 742 1130 ipsc
757 1052 883 1109 debebat
897 1061 1086 1119 armamenta,
1097 1059 1237 1109 coactum
1249 1050 1283 1108 iri
1294 1048 1353 1109 buc

262 1161 407 1203 menum
427 1144 537 1223 reipub.
560 1146 692 1216 reddere,
705 1155 757 1203 aut
781 1144 954 1215 successori,
967 1144 1017 1221 qai
1029 1163 1046 1202 e
1059 1144 1154 1203 classe
1168 1161 1352 1202 oavcmeam

263 1237 422 1297 sortiretur.
465 1236 544 1305 Quid
566 1238 642 1296 enim
662 1246 765 1295 contm
785 1235 864 1303 illurn
879 1235 975 1294 dicere
983 1237 1162 1313 potuissem,
1176 1236 1302 1295 decretis
1326 1244 1354 1293 et

260 1325 372 1405 legibus
383 1329 597 1399 ostendentem,
607 1330 711 1387 debere
721 1348 768 1386 me
778 1338 959 1388 armamenta¹
970 1327 1129 1387 exhiberet
1147 1328 1354 1405 Theophemus

260 1429 369 1492 autem,
381 1421 533 1499 interjecta
549 1440 638 1489 mora,
654 1420 678 1479 si
692 1418 898 1499 postulassem,
910 1420 1042 1477 dicturus
1057 1419 1113 1478 fuit
1127 1440 1158 1484 se
1169 1419 1353 1487 reddidisse:

252 1526 290 1595 et
304 1514 348 1573 his
363 1514 453 1593 signis
467 1514 638 1573 redditionis
652 1514 807 1584 abusurus,
815 1512 992 1591 temporibus
1005 1520 1035 1571 et
1047 1512 1243 1571 necessitate:
1258 1531 1354 1590 neque

261 1624 308 1664 me
322 1606 367 1666 vel
380 1606 511 1679 stultum,
525 1608 570 1667 rel
592 1607 646 1667 sibi
667 1626 796 1685 unquam
815 1605 941 1663 amicum
960 1604 1058 1674 fuisse,
1072 1615 1107 1663 ut
1124 1604 1214 1663 ullam
1234 1604 1355 1664 interce·

261 1695 332 1758 dere
345 1718 465 1771 moram,
479 1719 567 1781 quum
582 1709 613 1759 et
624 1699 768 1778 triremem
779 1697 888 1774 reipub.
903 1696 1084 1766 instruerem,
1096 1687 1126 1755 ei
1137 1695 1243 1756 classis
1258 1709 1365 1755 essesutx

262 1801 386 1863 curator,
400 1802 431 1852 et
443 1791 512 1851 talia
525 1792 643 1853 decreta
655 1792 736 1851 iacta
750 1801 858 1860 esseut,
871 1799 902 1848 et
922 1789 970 1847 ier
989 1788 1053 1847 iata
1071 1787 1109 1847 de
1125 1787 1284 1865 exigendo,
1300 1808 1356 1847 sua

261 1898 351 1943 nausa
364 1902 470 1964 passus
481 1904 588 1946 essem.
631 1884 698 1944 Hoc
709 1881 832 1943 consilio
840 1880 1044 1960 'theophanus
1054 1887 1114 1939 tum
1127 1879 1246 1957 quidem
1260 1880 1355 1941 arina·

261 1988 360 2035 menta
373 1992 431 2037 non
443 1978 595 2050 reddebat,
615 1968 668 2037 sed
683 1996 714 2035 se
732 1975 929 2041 subduxerat:
950 1982 1130 2052 portantem
1149 1972 1355 2033 fraudaturum

259 2070 408 2147 putabat:
429 2070 467 2130 ad
490 2070 565 2141 heac,
585 2070 623 2129 ad
641 2068 848 2145 jusjurandum
875 2066 1046 2145 maingisus
1067 2065 1155 2125 indie
1172 2070 1354 2144 peieraturus

260 2156 326 2233 fuit,
342 2160 374 2221 id
387 2162 467 2241 qnod
479 2171 511 2221 ct
524 2161 587 2221 aliis
601 2160 684 2220 fecit
719 2159 797 2220 Mira
808 2159 884 2218 enirn
895 2162 958 2234 ejas
971 2157 1092 2218 cratitio
1104 2166 1152 2218 est
1162 2168 1195 2217 et
1205 2159 1355 2238 rapaciter

259 2252 290 2311 in
299 2253 507 2326 contractibus,
521 2263 555 2313 ut
567 2272 625 2332 ego
638 2252 721 2313 vobis
734 2250 830 2331 reipsa
846 2250 1063 2311 demonstrabo.
1101 2249 1180 2309 Cum
1192 2250 1271 2309 eain
1287 2252 1356 2312 hac

186 2349 190 2356 '
260 2356 442 2407 amameuta
465 2347 587 2406 deberet
609 2343 721 2424 reipub.
741 2343 959 2423 rI'heophemrrs,
974 2363 1011 2403 ea
1030 2344 1119 2403 serbo
1132 2343 1172 2403 ad
1184 2343 1354 2425 Aphaream

260 2436 413 2510 referebat,
428 2456 514 2518 quem
528 2458 558 2498 re
570 2438 601 2498 in
611 2442 659 2515 jus
672 2457 732 2498 nou
754 2438 887 2507 vocabat,
900 2436 980 2516 quod
999 2436 1074 2498 satir
1089 2436 1204 2498 sciebat
1217 2456 1254 2498 se
1268 2454 1355 2499 men-²

260 2530 335 2590 dacii
348 2532 512 2592 conuictum
525 2533 569 2606 iri,
586 2532 611 2592 si
624 2533 655 2592 in
660 2531 805 2612 judicium
816 2531 956 2591 venissem
995 2530 1147 2609 Aphareus
1158 2531 1352 2592 enim-osten·

259 2623 357 2696 debat,
378 2643 444 2683 eum
466 2625 634 2685 oestimasse-
651 2635 829 2684 armamenta
850 2636 890 2695 et,
909 2640 976 2683 oum
1003 2621 1127 2683 triremis
1146 2624 1351 2705 proiecturam

259 2715 378 2790 subiret,
398 2719 524 2797 pretium
545 2717 700 2798 recepisse·
743 2717 830 2777 Nunc
850 2727 944 2777 autem
960 2734 998 2775 ea
1018 2735 1049 2774 sa
1064 2715 1241 2776 Demochari
1259 2718 1351 2778 tredi-

258 2807 338 2870 disse
351 2809 429 2880 dicit,
448 2820 477 2869 et
489 2829 593 2888 pueros
615 2810 808 2870 Democharis
821 2809 973 2889 injudicio
991 2807 1130 2886 exagitat,
1148 2809 1357 2871 iilornortuor·

258 2913 356 2981 quem,
371 2901 440 2962 dum
451 2902 569 2976 viveret,
582 2904 610 2962 iu
622 2903 671 2983 jus
684 2921 743 2962 nou
756 2903 872 2962 vocavit
880 2900 1096 2980 Tbeopbemus.
1109 2919 1155 2961 rue
1167 2914 1355 2964 armamenta

258 2997 531 3076 abeopostuiante,
545 2998 598 3058 sed
612 3015 706 3056 mora
714 2995 931 3076 interponendae
943 3012 1063 3054 causam
1076 2995 1235 3073 quaeritans
1254 3015 1350 3058 wma-

147 3113 149 3118 ’
256 3089 361 3150 mentis
382 3088 517 3149 fraudare
535 3089 666 3169 rempub.
679 3089 813 3148 instituit.
855 3089 1008 3148 Utautem
1025 3105 1094 3148 vera
1107 3087 1349 3150 medicerecou-

257 3191 325 3254 stet,
338 3183 504 3244 testimonia
513 3181 593 3242 vobis
606 3181 751 3261 legentur.
1260 3218 1262 3222 -

666 3382 930 3444 TESTIMONIA.

299 3526 348 3584 10.
370 3523 443 3586 Haec
454 3542 522 3585 cum
534 3543 590 3604 ego
600 3525 877 3604 omniacogitarem‚
888 3525 1060 3586 etaudirem
1070 3527 1150 3587 exiis
1165 3529 1347 3606 quibuscum

258 3616 448 3698 Theophcmo
461 3635 507 3678 res
522 3617 628 3688 fuerat,
643 3637 701 3697 quo
715 3627 794 3677 esset
807 3618 837 3676 in
850 3618 1053 3678 controversiis
1068 3618 1197 3698 iugenio,
1210 3630 1240 3680 et
1252 3641 1347 3702 arma-

255 3720 355 3771 menta
369 3713 406 3771 ab
417 3729 452 3769 eo
468 3729 527 3769 non
545 3710 711 3789 reciperem,
733 3709 844 3770 accessi
857 3709 895 3768 ad
915 3710 1016 3770 classis
1027 3713 1195 3790 praefectos,
1209 3714 1248 3773 ad
1261 3734 1347 3775 seua·

255 3813 328 3876 tum,
342 3804 380 3863 ad
392 3802 542 3883 populum,
556 3822 738 3882 conquerens
752 3822 812 3862 non
831 3801 955 3862 reddere
976 3804 1045 3861 mihi
1059 3817 1239 3865 armamenta
1250 3807 1346 3867 Theo·

254 3894 402 3975 phemum‚
412 3916 478 3975 quae
487 3896 598 3976 judicio
611 3898 703 3956 victus
718 3895 855 3955 deberet:
877 3895 1056 3955 accedebant
1076 3908 1106 3956 ct
1126 3898 1174 3956 alii
1187 3899 1346 3959 triremium

252 3987 383 4068 prefecti
393 3988 432 4048 ad
446 4001 589 4061 senatum,
601 3989 651 4068 qui
666 3988 866 4048 adebentibus
881 3999 1060 4055 momenta
1072 4009 1132 4049 uon
1146 3991 1346 4070 accipiebant:

252 4071 353 4142 multis
372 4081 469 4160 itaque
483 4083 577 4142 verbis
598 4083 692 4152 iactis,
705 4096 825 4144 senatus
844 4083 928 4142 nobis
946 4082 1065 4142 decreto
1085 4083 1251 4162 respondet,
1264 4085 1346 4163 quod

252 4169 334 4236 vobis
345 4174 520 4250 recitabitur,
529 4185 574 4250 ut,
584 4193 760 4254 quocunque
778 4174 867 4236 modo
881 4195 1043 4255 possemus,
1056 4175 1251 4256 exigeremus.

669 4347 918 4414 ,aucturum
1013 4392 1016 4397 ,

255 4470 345 4536 Facto
357 4477 414 4564 hoe
426 4477 547 4540 decreto
561 4478 592 4540 in
603 4487 719 4552 senatu,
733 4479 813 4560 quod
830 4499 848 4542 a
862 4480 978 4542 nemine
988 4479 1273 4561 viciatammieguur
1293 4499 1346 4543 ac-

1437 914 1439 918 ·
1458 811 1460 902 i

1458 1087 1460 1172 i

1446 1029 1454 1061 i
