2967 4950
490 293 659 364 CONTRA
680 297 877 364 NEAERAM.
1191 295 1250 357 777

163 485 166 490 -
201 449 251 509 to.
272 447 336 529 llge
360 451 531 512 vororrobis
552 453 640 513 etiam
655 452 778 514 alterum
796 449 994 512 testimonium
1012 450 1210 522 exhibeamus,
1221 457 1253 512 et

78 562 82 570 ·
153 540 321 601 Pura-noris
338 543 530 604 et'tribulium
544 545 619 625 ejus,
633 555 663 606 et
677 545 837 626 gentilium,
850 544 929 604 unde
943 552 1060 604 constet
1071 542 1252 624 peregrinam

153 651 221 693 esse
245 634 392 695 Neoeram.
435 637 503 698 Non
521 637 615 698 multo
635 639 712 698 euim
733 647 889 723 postquam
909 657 946 697 ex
968 635 1080 696 oedibus
1100 634 1253 713 ablegnrat
1291 699 1297 706 ,

155 725 297 786 Phrastor
311 726 341 784 N
343 747 427 787 eaerre
451 727 551 798 tiliam,
574 729 604 789 iu
626 733 759 790 morbum
778 729 888 800 incidit,
902 729 1083 808 pessimeque
1096 727 1208 799 haunit,
1222 737 1253 790 et

154 818 289 878 omnibus
304 819 524 880 difficultatibus
545 831 590 882 est
602 821 798 883 conflictatus.
840 818 919 887 Quia
940 841 1008 882 vero
1030 841 1097 880 cum
1119 819 1252 898 cognatis

154 909 218 972 suis
241 910 268 970 ei
283 921 369 970 retus
382 911 605 985 ,simulteserat
619 925 649 973 et
672 913 725 990 ira,
747 923 778 974 et
791 913 901 985 odium,
914 931 1058 992 superque
1077 914 1141 991 ipse
1154 910 1253 970 liberis

155 1003 256 1074 orbus,
269 1003 406 1066 delinitus
426 1013 472 1064 est
495 1005 525 1063 in
545 1006 654 1078 morbo,
668 1024 739 1065 eura
759 1018 790 1065 et
807 1005 947 1084 obsequio
960 1014 1022 1064 tum
1044 1005 1169 1075 Neaerae,
1188 1012 1251 1068 tum

155 1093 222 1173 ejus
235 1094 319 1165 filirer
342 1095 456 1156 itabant
469 1097 546 1156 enim
561 1097 598 1156 ud
607 1117 673 1157 eum
688 1117 757 1158 oum
771 1107 935 1177 regroturet,
948 1096 1153 1175 neminemque
1161 1095 1252 1156 lrabe-

153 1197 201 1248 ret
214 1207 232 1246 a
244 1207 302 1267 quo
315 1188 346 1248 in
360 1191 462 1250 morbo
481 1199 640 1262 curaretur,
656 1203 821 1270 opportuna
838 1192 865 1250 ei
882 1191 959 1252 mulo
972 1191 1102 1253 remedie
1114 1189 1253 1262 terentes,
1274 1215 1291 1232 ν

35 1348 40 1359 ,
155 1292 188 1342 et
204 1282 375 1344 revisentes.
406 1283 510 1362 Neque
524 1303 592 1344 vero
606 1283 662 1362 ipsi
673 1283 827 1362 ignoretis,
840 1283 943 1363 quanti
953 1283 1037 1362 pretii
1050 1282 1090 1342 sit
1100 1282 1132 1367 in
1143 1281 1252 1342 morbis

14 1397 41 1427 ¹·
154 1373 259 1434 mulier
279 1374 400 1434 assidue
418 1375 496 1456 apud
516 1376 663 1436 homiuem
677 1387 878 1455 egrotantem.
919 1376 1055 1454 Denique
1077 1393 1251 1453 persuasum

154 1467 251 1538 eiust,
266 1467 422 1548 puerulum
435 1488 522 1546 quem
537 1479 691 1548 pepererat
703 1469 764 1528 filis
777 1470 903 1539 Noreroe,
916 1488 984 1528 oum
999 1469 1137 1546 ablegata
1149 1467 1254 1529 luisset

154 1580 175 1622 a
184 1559 343 1620 Phrastore
357 1579 524 1638 pregnans,
535 1561 616 1639 quod
630 1561 826 1640 cognovisset,
839 1580 899 1619 uon
910 1560 1052 1640 Stephani
1065 1577 1134 1620 esse
1153 1558 1253 1630 filiam,

154 1655 221 1730 sed,
234 1654 359 1725 Neserae,
372 1653 533 1733 fucumque
557 1655 611 1714 sibi
629 1653 740 1716 factum
760 1674 839 1733 oegre
863 1655 962 1725 ferret,
981 1674 1081 1715 rursus
1104 1653 1256 1732 adoptare,

153 1747 280 1825 locoque
304 1745 410 1806 habere
429 1746 490 1820 filii,
504 1749 642 1819 humano,
657 1767 710 1808 nee
730 1746 859 1807 absurdo
877 1747 1009 1816 consilio,
1029 1767 1120 1827 quum
1138 1757 1170 1807 et
1189 1747 1255 1826 ipsa

68 1841 78 1857 ”
155 1838 235 1898 niale
251 1837 375 1898 effeetus
389 1849 479 1910 esset,
501 1859 557 1900 neo
575 1859 713 1920 magnam
734 1839 803 1898 ritoe
825 1857 906 1917 spem
927 1838 1073 1905 haberet(
1085 1847 1126 1911 et,
1144 1859 1183 1898 ne
1202 1857 1256 1898 sua

153 1929 320 1992 hereditate
336 1931 457 2010 cognati
469 1931 640 2011 potirentur,
654 1953 727 1994 neve
740 1933 803 2011 ipse
820 1930 929 1990 orbus
922 1930 1062 2000 interiret,
1078 1949 1182 1990 cavere
1195 1930 1256 1989 rel·

102 2026 237 2103 ;.let
235 2023 435 2104 Adoptauit
427 2024 515 2102 igitur
528 2045 661 2104 puerum,
675 2035 706 2085 et
721 2025 760 2084 ad
772 2044 806 2084 se
825 2023 944 2103 recepit
986 2022 1065 2082 Nam
1083 2022 1116 2081 id
1135 2021 1255 2101 quidem

171 2139 186 2177 1
194 2116 347 2189 valuisset,
361 2135 509 2195 nunquam
523 2117 678 2190 lucturum,
692 2137 800 2222 magpo
812 2137 870 2196 ego
884 2126 915 2177 et
926 2115 1057 2177 evidenti
1069 2115 1154 2176 vobis
1167 2134 1254 2193 argu

155 2137 169 2176 s

88 2108 347 2474 &ento
274 2209 439 2270 ostendum.
481 2209 561 2270 Cum,
576 2211 701 2290 primum
724 2211 802 2270 enim
821 2213 860 2270 ab
873 2210 924 2269 illa
942 2209 1107 2268 infirmitate
1129 2209 1255 2268 surrexit

182 2301 309 2373 hrastor,
318 2311 351 2360 et
363 2309 511 2360 recreatus
534 2313 591 2372 est,
606 2301 861 2381 valetudinemque
875 2301 1065 2373 confirmavit,
1077 2301 1170 2361 civem
1182 2319 1255 2360 uxo·

188 2411 229 2465 m,
257 2401 291 2450 ut
313 2392 421 2466 jubent
445 2391 538 2472 leges,
557 2393 649 2466 duoit,
669 2393 766 2474 Satyri
787 2393 952 2454 Melitensis
974 2394 1134 2472 legitimam
1155 2393 1254 2465 liliam,

170 2480 433 2567 ”ρ1]ἰ1ίέοτοεεω.
476 2487 602 2548 Proinde
624 2506 679 2547 uec
694 2488 841 2547 volentem
863 2508 929 2546 eum
949 2488 1096 2566 recepisse
1120 2506 1253 2567 puerum,

163 2568 203 2663 ἐξ
218 2577 383 2669 ,Aet-morbo,
397 2587 427 2637 et
445 2577 578 2652 orbitate,
588 2590 620 2638 et
636 2578 789 2638 mulierum
811 2578 960 2657 obsequiis
979 2590 1126 2651 eoactum,
1141 2589 1171 2638 et
1184 2596 1255 2657 cog·
1312 2614 1316 2619 ‚

158 3506 331 3585 inscriptum¹
351 3524 404 3563 suu
451 3552 459 3569 Γ,
491 3504 706 3583 'um‚'gentiles
729 3524 796 3565 eum
820 3506 858 3564 ad
879 3504 1019 3565 arbitrum
1039 3515 1208 3584 provocant,
1226 3516 1259 3565 ut

159 3619 214 3679 per
227 3598 340 3683 integra
354 3616 457 3675 sacra]
478 3659 479 3662 ,
502 3661 503 3664 ¹
527 3608 568 3670 et,
581 3596 701 3657 omnino
721 3608 825 3677 putare
840 3618 880 3670 se,
895 3618 963 3657 eum
978 3617 1065 3657 suum
1078 3618 1144 3663 esse
1156 3598 1258 3670 lilium,

158 3690 254 3753 eolre
267 3688 388 3750 muliere
402 3676 525 3767 relegi:
572 3691 721 3770 desponsa
742 3702 923 3771 susceptum.
965 3690 1031 3750 llac
1054 3691 1259 3769 provocatione

160 3782 314 3863 gentilium
327 3781 412 3861 apud.
423 3781 528 3843 arbitru
547 3799 561 3830 ι·
571 3792 661 3854 freta,
676 3783 806 3843 deseruit
821 3782 1026 3864 jusjurandum
1040 3782 1191 3856 Phrastor,
1204 3804 1260 3843 nes

158 3868 279 3955 juravit}
321 3872 395 3933 Hree
408 3893 476 3935 vere
500 3892 518 3933 a
547 3889 585 3926 ω’
614 3874 665 3934 ioi
688 3884 723 3934 ut
740 3874 920 3955 intelligatis,
933 3876 1035 3934 horum
1057 3878 1139 3947 vobis
1157 3886 1259 3953 testes,

160 3966 213 4047 qui
224 3966 430 4047 Brytiadurum
445 3966 585 4029 interluer
654 3966 817 4070 pxhibebo.

528 4170 531 4177 '
628 4104 793 4285 ussisse,

197 4354 351 4403 timuistis
371 4344 534 4417 Cephalensis,
544 4353 693 4416 Xanthippus
707 4355 844 4412 lloroeader,
854 4356 957 4403 Bulabss
967 4355 1104 4409 Phalereus
1116 4352 1263 4414 suptarus·-

159 4431 256 4505 prodes.
268 4431 404 4495 Euphranor
415 4430 557 4495 AEgiliapsis,
570 4432 687 4495 Nioippus
698 4432 859 4495 (lepleslsutis,
868 4439 991 4488 uruntur,
1000 4439 1024 4477 et
1034 4445 1061 4478 ss
1075 4433 1100 4476 et
1107 4429 1262 4486 thttm

688 4524 746 4590 ‚fro
