2967 4950
250 256 307 315 an
637 230 655 251 χ
683 211 908 329 urrsroth.

247 420 400 489 cuperent,
422 420 718 495 propteraoceptam.
732 415 847 477 cladem
868 436 937 480 asse
961 412 1103 490 intimos,
1128 432 1222 493 quam.
1237 414 1351 475 adver«

246 500 337 563 serios
350 503 459 563 viribus
473 505 511 565 ab
529 506 609 565 omni
630 506 886 587 partesuffultos:
907 508 1096 571 nihilomiuus
1119 508 1291 587 tamenipse
1314 506 1348 566 in

246 614 282 654 ea
296 615 364 673 quae
373 597 482 677 populo
495 600 716 661 commodarent
724 601 931 673 incumbebam
953 622 988 663 ao
998 613 1102 684 postes
1114 612 1231 661 strenue
1244 597 1349 679 palam

246 697 276 746 et
301 688 419 751 dicebat
439 701 469 751 et
489 694 597 770 agebat
617 714 653 753 ea
676 714 743 772 quae
770 696 998 755 conveniebant:
1030 698 1069 757 ob
1093 715 1159 773 quoe
1180 692 1286 766 statim,
1311 702 1349 751 ut

246 798 347 845 omnes
367 794 484 855 norunt,
509 785 548 844 ad
570 785 746 864 supplicium
772 787 997 867 deposcebatur.
1039 787 1226 867 Scripsissem
1245 785 1347 863 igitur,

245 883 278 931 ut
299 875 439 955 principio
454 877 523 951 dixi,
537 878 609 937 etin
623 878 700 939 illius
714 881 857 957 gratiam:
880 882 934 941 sed
946 892 1047 941 tamen
1068 900 1133 940 cnm
1153 889 1183 940 et
1195 878 1277 939 vobis
1291 897 1347 937 ex·

218 979 225 987 ·
244 967 344 1045 pedire
355 979 467 1048 putem,
478 980 511 1029 ut
524 970 660 1031 convicia
669 991 736 1050 quae
751 974 829 1051 apud
843 984 958 1034 exteros
972 974 1002 1033 in
1020 993 1071 1033 vos
1086 973 1222 1031 dicuntur
1234 970 1346 1041 sciatis,

246 1060 454 1143 multomagis
469 1064 507 1123 ad
521 1064 619 1124 literas
639 1065 797 1125 mittendas
819 1086 884 1126 sum
906 1066 1056 1125 incitatus.
1097 1065 1171 1123 Peto
1189 1075 1299 1135 autem,
1313 1073 1347 1122 ut

244 1154 295 1231 qui
309 1156 443 1233 privatim
458 1157 498 1215 illi
510 1157 600 1237 iniqui
615 1169 694 1229 sunt,
709 1178 778 1217 vera
791 1168 822 1217 et
834 1180 919 1238 aequa
932 1159 969 1218 de
981 1179 1017 1218 eo
1031 1158 1135 1217 audire
1146 1176 1206 1215 uon
1219 1175 1347 1233 graven-

244 1255 302 1306 tur.
344 1250 408 1311 Nec
423 1250 510 1324 enim,
524 1250 729 1323 Athenienses,
744 1251 879 1331 ignorare
900 1252 1023 1324 debetis,
1045 1248 1248 1311 existimationi
1262 1248 1346 1309 urbis

245 1358 283 1400 ex
296 1340 342 1400 his
360 1362 426 1421 quae
440 1343 470 1403 in
485 1344 548 1423 ejus
562 1343 670 1403 liberos
684 1344 764 1404 lacta
778 1356 848 1403 sunt
866 1345 963 1405 labem
977 1342 1124 1423 adspergi.
1157 1342 1249 1401 Nemo
1263 1341 1345 1401 enirn

181 1441 185 1451 “
246 1431 419 1494 Graecorum
432 1436 556 1513 ignorat,
570 1455 622 1495 vos
636 1437 745 1497 viventi
759 1438 898 1519 Lycurgo
912 1458 1043 1497 summos
1052 1437 1179 1496 honores
1195 1434 1345 1507 habuisse,

244 1544 369 1604 cumque
384 1529 410 1587 ei
423 1527 548 1605 plurima
560 1530 682 1589 crimina
702 1532 739 1589 ab
761 1532 825 1611 ejus
848 1532 954 1591 invidis
975 1531 1214 1610 impingerentur,
1227 1528 1344 1588 nullum

242 1638 372 1697 unquam
401 1640 501 1679 verum
517 1622 755 1701 deprehendisse,
779 1634 892 1685 tantam
914 1634 1011 1685 autem
1035 1622 1124 1693 fidem
1148 1620 1290 1681 habuisse
1315 1630 1345 1680 et

242 1733 303 1792 prae
319 1714 453 1773 omuibus
468 1716 643 1795 popularem'
651 1718 811 1797 judicasse,
825 1727 859 1777 ut
882 1718 919 1777 de
941 1717 1039 1777 multis
1053 1715 1151 1776 causis
1171 1734 1188 1773 e
1206 1713 1270 1772 sola
1285 1714 1343 1793 Ly-

244 1808 328 1885 curgi
341 1806 529 1877 affirmatione
551 1810 725 1869 sententiam
748 1810 872 1885 ferretis,
885 1829 980 1888 eaque
994 1808 1075 1869 vobis
1098 1805 1169 1867 satis
1191 1817 1289 1866 esset:
1313 1805 1344 1866 id

242 1902 322 1979 quod
337 1901 454 1961 minime
466 1901 623 1974 fecissetis,
636 1902 692 1962 nisi
705 1902 791 1963 robis
797 1903 882 1963 visus
901 1901 1114 1985 luisset-bomo
1127 1896 1341 1978 integerrimus.

242 1994 331 2055 Nunc
354 1994 441 2073 igitur
462 2014 573 2065 omnes,
591 1994 641 2073 qui
655 1995 729 2056 lilios
745 1996 807 2075 ejus
820 1996 850 2055 in
864 1994 988 2055 vinculis
1009 2013 1077 2053 csse
1092 1992 1224 2063 audiunt,
1244 2001 1276 2051 et
1289 1992 1342 2053 de·

242 2086 374 2146 functum
388 2088 573 2159 miserantur,
587 2086 785 2167 etliberorum
802 2087 864 2165 ejus
877 2097 912 2146 ut
924 2107 991 2180 epm
1005 2086 1110 2165 quibus
1123 2085 1222 2162 inique
1236 2096 1344 2163 agatur

244 2178 335 2239 vicem
350 2180 462 2251 dolent,
477 2199 529 2238 vos
544 2198 612 2239 vero
626 2189 685 2239 tam
700 2181 806 2240 acerbe
821 2180 1012 2252 insectantur,
1027 2188 1058 2237 ut
1073 2196 1130 2257 ego
1144 2176 1267 2236 scribere
1284 2197 1345 2238 nou

245 2274 339 2333 ausim
351 2293 358 2331 ε
380 2292 447 2331 nam
458 2292 493 2331 ea
504 2292 572 2351 quoe
586 2273 692 2332 invitus
702 2272 835 2333 audio'et
842 2285 960 2353 propter
970 2292 1022 2333 vos
1032 2270 1237 2331 'defendendos
1246 2290 1342 2348 quau-

243 2375 306 2425 tum
320 2386 442 2446 possum
455 2365 562 2438 refuto,
577 2375 699 2425 eatenus
715 2375 749 2425 ut
762 2366 845 2426 vobis
866 2365 993 2425 indicem
1006 2363 1113 2423 multos
1126 2382 1191 2421 esse
1203 2382 1222 2421 a
1235 2362 1342 2440 quibus

242 2455 504 2540 reprehendamini,
520 2458 602 2540 quod
616 2460 691 2521 scitu
704 2459 787 2519 vobis
806 2480 872 2520 esse
885 2458 968 2519 utilia
972 2456 1153 2537 judicabam,
1166 2454 1279 2535 scripsi,
1294 2477 1342 2517 ao·

242 2565 343 2612 curate
359 2563 456 2612 autern
471 2553 632 2614 edisserere
646 2553 805 2616 ¹molestum
814 2553 942 2634 judico·
971 2553 1047 2619 Quae
1058 2570 1127 2610 vero
1137 2550 1341 2611 sineoonvicio

242 2665 261 2706 a
283 2645 457 2724 quibusdam
475 2646 620 2718 dicuntur,
635 2655 665 2704 et
686 2646 788 2704 auditu
812 2645 874 2706 fore
894 2645 978 2705 utilia
998 2643 1081 2703 robis
1102 2643 1234 2714 arbitror,
1249 2643 1340 2722 signi·

241 2727 348 2797 ficaboss
388 2737 484 2798 Nemo
511 2757 564 2796 vos
589 2736 640 2815 pe'r¹
662 2737 786 2818 errorem
806 2741 841 2796 'et
862 2736 1044 2815 ignoratione
1070 2736 1130 2795 veri
1147 2735 1189 2794 ita
1213 2736 1250 2795 de
1272 2735 1339 2815 ipso

243 2829 377 2910 Lycurgo
390 2839 518 2888 statuere
532 2829 691 2889 existimat
721 2829 797 2889 Nam
811 2836 842 2889 et
854 2830 975 2908 longum
986 2827 1123 2908 temporis
1134 2827 1269 2906 spatium,
1279 2848 1340 2908 quo

242 2922 411 3000 exploratus
425 2921 495 2980 nihil
514 2922 644 3000 unquam
658 2934 760 2982 contra
772 2941 824 2982 vos
838 2922 885 2980 vel
898 2921 1027 3000 cogitare
1040 2919 1086 2980 rel
1100 2938 1189 2997 agere
1200 2918 1341 3000 injustum

242 3011 512 3096 deprehensus'est,
526 3016 642 3075 et'illud
663 3015 744 3097 quod
753 3014 922 3075 'mortalium
943 3032 1031 3073 nemo
1042 3011 1116 3072 'ullis
1130 3011 1194 3072 aliis
1209 3013 1240 3072 in
1252 3014 1338 3073 rebus

241 3127 296 3168 vos
329 3109 456 3188 stuporis
480 3108 592 3186 arguit,
608 3108 710 3168 merito
732 3109 820 3168 istam
841 3106 920 3168 tollit
939 3105 1114 3186 ignorantiae
1134 3104 1339 3184 suspicionem.

242 3197 349 3260 Restat
373 3201 471 3280 igitur,
485 3202 567 3280 quod
589 3219 691 3260 omues
715 3201 795 3260 haud
819 3198 1063 3278 frugihominum
1088 3216 1152 3256 esse
1172 3195 1283 3270 dicant,
1306 3208 1338 3255 ut

242 3293 381 3371 tantisper
394 3293 536 3373 cujusque
550 3313 660 3365 curam,
675 3293 746 3352 dum
758 3293 823 3373 ejus
835 3291 919 3352 vobis
929 3310 999 3350 usus
1009 3301 1065 3362 est,
1074 3309 1162 3368 agere
1171 3289 1336 3360 rideamini,

241 3395 309 3463 post
322 3384 432 3444 nnllam
450 3386 591 3445 rationem
607 3387 751 3446 habeatis.
801 3385 899 3454 Quam
917 3383 994 3444 enim
1016 3383 1103 3444 aliam
1121 3400 1181 3442 vos
1198 3383 1338 3444 defuncto

240 3475 364 3554 gratiam
385 3474 528 3535 relaturos
553 3488 783 3538 cousentaneum
797 3488 853 3549 est,
872 3496 939 3537 cum
950 3478 1013 3557 ejus
1028 3476 1135 3538 liberos
1147 3488 1179 3536 et
1191 3477 1337 3538 existima·

239 3565 348 3624 tionem
364 3565 434 3623 laedi
450 3566 610 3638 rideamus,
624 3588 691 3647 quae
705 3569 779 3638 sola,
790 3578 823 3626 ut
837 3568 867 3626 in
887 3578 952 3628 tuto
965 3568 1155 3639 collocentur,
1167 3569 1257 3628 etiam
1276 3587 1336 3628 ruo·

238 3657 528 3742 dentibus-omnibus
541 3677 619 3718 ourae
637 3660 725 3720 sunt?
746 3661 816 3725 Jam
833 3681 888 3720 nee
902 3660 975 3720 illud
989 3662 1133 3723 bonorum
1151 3663 1279 3721 virorum
1293 3670 1338 3722 est

238 3763 272 3810 ut
283 3753 340 3814 ista'
353 3753 485 3832 pecuniae
499 3753 593 3832 gratia
605 3753 700 3814 faeere
708 3755 880 3816 videantur:
902 3755 932 3815 id
943 3756 1030 3836 quod}
1035 3776 1132 3835 neque
1144 3755 1337 3836 magnitudini

239 3845 328 3903 animi
340 3854 454 3917 restrae,
469 3864 523 3906 nee
537 3846 648 3924 reliquo
659 3848 726 3908 ritae
740 3848 872 3908 instituto
888 3867 1049 3927 congruere
1062 3849 1224 3930 apparebit.
1238 3867 1241 3873 ’
1260 3848 1335 3908 Nam

239 3937 265 3996 si
279 3937 360 3996 vobis
373 3937 414 3996 illi
429 3939 503 3998 tanti
516 3942 553 3999 ab
568 3940 631 3999 aliis
645 3941 807 4001 redimendi
820 3951 957 4012 essonae
977 3955 1075 4002 restro
1088 3942 1190 4002 serario
1204 3941 1335 4020 deprom-

238 4039 292 4110 pta
314 4029 447 4109 pecunia,
462 4030 492 4088 id
510 4051 562 4091 vos
588 4039 688 4092 omnes
711 4033 819 4112 cupide
842 4033 973 4092 facturos
992 4033 1208 4095 existimarem:
1240 4033 1280 4094 de
1300 4051 1335 4092 ao

239 4142 319 4196 rero,
331 4123 411 4202 quod
426 4142 476 4202 per
491 4123 666 4185 calumniam
680 4135 711 4184 et
723 4145 760 4184 ex
775 4125 884 4186 invidia
894 4125 1004 4186 iactum
1019 4127 1066 4197 sit,
1085 4147 1144 4188 non
1155 4127 1252 4201 babeo
1264 4123 1335 4205 quid

238 4224 376 4286 statuam,
393 4216 447 4275 nisi
468 4235 587 4294 prorsus
602 4219 705 4278 acerbe
719 4218 855 4278 insectari
870 4229 901 4278 et
922 4221 1092 4298 proturbare
1113 4219 1270 4300 populares
1283 4217 1336 4277 bo-

238 4308 330 4367 mines
343 4310 515 4373 instituistis.
539 4310 628 4377 Quod
641 4311 722 4369 siita
735 4322 790 4384 est,
806 4331 902 4389 neque
916 4323 996 4372 reate
1011 4313 1334 4392 neque‘utiliterfaoere
