2967 4950
433 330 651 393 sbvsusus
674 332 982 395 mactatarum.
1197 335 1260 395 615

201 487 247 545 ll.
271 484 371 546 Priore
381 486 509 567 actione,
523 487 655 557 ludices.
669 507 737 549 cum
749 490 954 571 conjurassent
972 490 1021 551 isti
1034 489 1110 549 inter
1121 508 1166 563 se,
1186 508 1258 551 con·

155 578 322 659 junctisque
336 580 427 661 copiis
442 581 524 642 multi
539 600 628 641 unam
641 581 792 643 mulierem
805 593 1021 663 oppugnarent,
1038 602 1104 656 noa,
1125 582 1257 654 ludices,
1331 619 1333 622 ·

158 692 252 751 nequa
274 673 441 735 testimonia
458 673 626 753 scripsimus
644 674 783 735 derebus
796 675 949 747 confessis,
963 694 1058 753 neque
1071 684 1162 735 testas
1181 674 1256 735 cita·

158 766 262 838 vimus,
276 765 331 827 sed
344 764 511 847 putavimus
530 767 595 827 haec
614 767 699 826 nobis
712 768 742 826 in
755 777 821 828 tuto
833 787 900 829 esse
913 768 1074 829 collocata:
1095 766 1144 827 isti
1156 776 1257 828 eutem

158 868 187 917 et
201 858 259 919 alia
272 858 366 919 multa
378 858 561 939 impudenter
575 858 614 918 ad
629 857 775 939 judicium
789 871 972 939 comparant,
986 879 1082 939 neque
1101 859 1255 939 quicquam

160 950 242 1011 aliud
256 971 290 1011 eo
302 952 422 1030 quidem
439 961 571 1032 tempore
592 952 744 1021 curabant,
765 972 853 1031 quam
876 962 909 1011 ut
921 952 1040 1029 judices
1058 952 1258 1031 inpraesentia
1333 962 1337 968 '

161 1043 302 1116 fallerent,
315 1064 384 1106 eum
397 1045 516 1123 quidem
525 1045 582 1105 boc
592 1045 747 1105 mendacio
758 1048 958 1115 abuterentur,
970 1046 1121 1106 Polemoni
1131 1046 1257 1125 Hagniae

163 1136 235 1216 patri
248 1138 367 1197 omnino
380 1138 489 1199 nullam
506 1137 598 1197 fuisse
613 1155 742 1197 sororem
757 1156 927 1217 germanam
941 1146 972 1197 et
984 1138 1137 1198 uterinam.
1172 1138 1257 1199 Adeo

161 1241 241 1290 eraut
262 1230 447 1310 impudentes
471 1240 501 1291 et
521 1231 683 1304 vaecordes,
698 1240 731 1290 ut
751 1241 834 1290 tanta
853 1230 882 1289 in
904 1248 939 1289 ra
957 1229 1125 1309 deciperent
1140 1231 1257 1306 judices

160 1321 254 1401 itaque
279 1323 442 1395 manifeste,
465 1333 495 1383 et
516 1323 545 1381 in
567 1323 624 1384 hoc
637 1342 746 1403 magno
766 1322 863 1383 studio
877 1341 1048 1401 summaque
1069 1323 1257 1386 contentione

158 1413 386 1476 incumbebant:
407 1434 463 1474 nos
486 1424 584 1476 autem
598 1414 679 1475 vobis
699 1434 780 1475 nunc
798 1424 843 1475 tot
861 1424 953 1475 testes
967 1414 1143 1476 adduximus
1156 1416 1195 1477 de
1208 1436 1259 1477 so·

160 1526 222 1567 rore
243 1506 425 1586 Polemonis,
440 1507 566 1587 Hagniar
581 1506 681 1567 amita.
700 1552 702 1557 ,
723 1506 777 1567 isti
791 1526 862 1567 uero
881 1516 1004 1568 testetur
1015 1508 1065 1585 qui
1085 1507 1174 1580 volet,
1195 1518 1257 1582 aut,

158 1620 215 1659 non
230 1600 327 1661 fuisse
343 1600 446 1661 fratres
468 1620 622 1681 germanos
639 1610 670 1661 et
689 1600 818 1661 uterinos
837 1598 1028 1661 Polemonem
1046 1610 1077 1659 et
1094 1599 1256 1681 Phyloma-

161 1694 255 1767 cham,
278 1704 422 1775 autnon
445 1693 538 1755 luisse
562 1693 754 1755 Polemonem
776 1693 878 1765 filium,
905 1691 1134 1773 Phylomacbam
1156 1704 1257 1781 autem

159 1788 244 1847 filiam
259 1787 387 1867 Hagnioe
401 1787 502 1847 Buseli
517 1786 577 1859 lilii,
592 1796 653 1859 aut,
668 1784 858 1847 Polemonem
876 1805 937 1845 non
956 1785 1048 1845 fuisse
1062 1796 1174 1865 patrem
1194 1788 1257 1848 Ha-

159 1880 241 1959 gniae,
257 1879 342 1960 cujus
354 1890 402 1940 est
413 1877 577 1947 haereditas,
588 1896 682 1957 neque
694 1897 822 1938 sororem
831 1876 1000 1938 Polemonis
1014 1877 1254 1958 Phylomacbam,

158 1962 292 2051 ejusdem¹
304 1972 431 2045 amitam,
446 1982 507 2044 aut,
523 1970 698 2031 Eubulidem
709 1991 769 2031 non
782 1971 873 2031 luisse
893 1971 1098 2054 Phylomachae
1111 1973 1212 2048 filium,
1226 1984 1257 2034 et

158 2064 289 2145 Philagri
307 2065 444 2145 patruelis
468 2064 607 2145 Hagnioe,
621 2073 672 2125 aut
689 2064 773 2136 illud,
793 2063 949 2123 Eubulida
967 2066 1107 2145 patruelis
1129 2066 1256 2145 Hagnioe

158 2158 244 2217 filiam
265 2176 507 2237 necesseque
529 2157 626 2217 adhuc
649 2168 798 2237 superstes
818 2166 875 2228 est,
898 2155 1139 2237 Phylomacbam,
1161 2178 1255 2238 neque

160 2272 281 2331 puerum
295 2252 384 2325 hunc,
394 2252 509 2331 legibus
517 2250 623 2311 vestris
637 2251 809 2331 adoptatum
823 2251 853 2309 in
868 2250 1022 2310 Eubulidas
1035 2250 1183 2324 familiam,
1194 2261 1256 2324 aut,

159 2346 390 2426 Theopompum,
405 2344 564 2405 Macartati
578 2352 701 2423 patrem,
717 2363 755 2403 ex
774 2342 884 2403 familia
904 2343 995 2403 luisse
1010 2343 1149 2421 Haguiae.
1192 2344 1255 2405 Ho-

162 2457 221 2498 rum
237 2436 379 2519 quicquid
392 2438 505 2498 libitum
518 2436 573 2498 erit
591 2446 714 2498 testetur
737 2435 859 2516 aliquis:
881 2435 934 2496 sed
948 2434 1020 2496 satis
1035 2435 1098 2496 scio
1112 2436 1255 2498 neminem

160 2529 199 2590 ita
219 2532 363 2592 audacem
386 2531 527 2602 futurum,
549 2539 601 2589 aut
620 2529 781 2610 deploratae
805 2529 874 2588 fidei
897 2529 1053 2588 hominem.
1096 2529 1140 2589 Ut
1158 2539 1254 2590 autem

161 2623 346 2704 perspicuum
360 2623 444 2682 robis
458 2623 506 2694 sit,
519 2621 652 2693 ludices,
661 2639 712 2680 eos
722 2621 863 2700 priusper
874 2620 1050 2680 calumniam
1064 2620 1154 2681 fnisse
1168 2641 1255 2701 supe·

160 2711 257 2789 riores,
271 2736 366 2795 neque
379 2714 534 2796 quicquam
548 2713 625 2792 aequi
644 2711 786 2786 attulisse,
807 2712 874 2793 lege
893 2712 1062 2774 testimonia
1075 2733 1142 2792 qum
1155 2713 1254 2774 adbuc

161 2819 228 2868 suut
240 2809 361 2890 reliqua.

201 2977 298 3052 Pater,
379 2933 520 3040 Polemon
603 2927 718 2989 Fratres
798 2990 829 3040 et
843 2979 1051 3060 Phylomsche,
1111 2985 1213 3038 mater.

205 3148 328 3222 ersus,
378 3148 511 3228 uanas
603 3096 754 3158 P⁸²f¹¹⁰¹⁰⁸
802 3156 832 3206 et
846 3143 1014 3215 ausuum,
1112 3140 1200 3200 sirus.

570 3325 839 3387 TESTIMONIA.

190 3459 300 3506 'l'eststur
311 3474 338 3506 sa
350 3464 473 3520 cognatum
485 3473 538 3506 esse
551 3457 673 3505 Polemoni
689 3456 791 3518 Hagnire
808 3455 878 3518 pstri,
889 3461 914 3505 et
925 3455 1019 3505 audisse
1034 3473 1047 3503 e
1064 3464 1131 3518 patra
1148 3471 1192 3504 sno
1208 3456 1254 3505 ira·

162 3541 206 3582 tres
218 3535 290 3585 fuisse
304 3533 710 3597 patruelesPolamculs,Philagrum
721 3535 844 3582 Eubulidas
855 3525 1255 3596 pstrem,sthanostratamStrstii

160 3611 236 3669 filiam,
245 3621 270 3660 et
278 3612 436 3660 Callistratum
447 3619 536 3672 patrem
547 3612 627 3659 matris
638 3611 748 3666 Sositbei,
756 3619 781 3659 et
791 3613 957 3660 Euctemonem
969 3627 1022 3658 eum
1031 3611 1071 3672 qui
1082 3627 1153 3673 regno
1161 3611 1255 3658 innotus

162 3695 236 3745 est,et
247 3691 411 3738 Charidemum
427 3697 517 3750 patrem
532 3689 677 3752 'l'beopompi
697 3697 721 3737 et
737 3689 877 3748 Stratoclis3
893 3697 919 3737 et
935 3704 988 3736 asse
1007 3705 1059 3736 cum
1077 3689 1147 3750 huJus
1162 3687 1216 3737 filiis
1231 3696 1256 3736 et

161 3767 253 3830 linguis
269 3769 294 3815 in
309 3769 392 3815 eodem
403 3783 488 3829 genera
498 3766 638 3814 Eubulidam
649 3783 664 3814 s
674 3775 742 3828 patre
754 3781 798 3814 sno
808 3767 930 3828 Pbilsgm,
940 3766 976 3813 sin
987 3773 1060 3814 metm
1070 3768 1122 3827 ejus
1133 3765 1256 3827 Pbyloma·

160 3843 203 3890 ebs
211 3851 341 3906 spectatur,
352 3843 493 3892 Eubulidern
504 3843 605 3906 Hagnia
615 3845 742 3905 patruelem
752 3842 883 3892 existimari
894 3858 925 3892 ex
934 3841 1005 3891 amita
1015 3849 1091 3890 ortum
1098 3841 1207 3904 Hassis.

635 3981 771 4042 Aulum

191 4112 315 4160 Tautantur
334 4079 360 4160 sc
381 4121 492 4175 cognatos
503 4128 557 4160 esse
570 4112 687 4160 Polemoni
699 4113 760 4177 patri
772 4110 882 4173 lingniis,
890 4118 915 4160 ct
926 4110 1036 4174 Philagro
1048 4109 1109 4172 patri
1122 4106 1256 4164 sepelite,

137 4185 142 4196 '
161 4191 326 4240 etEuotemoni
337 4207 409 4253 regno
419 4193 507 4248 iuncto,
519 4199 544 4239 et
554 4191 784 4240 seireEuctemonem
792 4191 887 4238 fratrem
897 4189 971 4237 fcisse
977 4189 1082 4251 Philagri
1090 4186 1163 4248 patris
1175 4186 1255 4232 Enbu·
1338 4200 1347 4214 ·

159 4266 212 4314 lida
222 4268 304 4316 eodem
316 4276 382 4332 patre
394 4276 481 4327 natum,
492 4276 525 4325 et,
537 4285 588 4316 sum
601 4269 723 4317 Eubulidas
733 4267 874 4331 disceptatio
884 4273 950 4315 esset
964 4266 994 4313 dc
1006 4265 1140 4313 haereditate
1153 4261 1255 4323 flegun

158 4343 271 4403 instituta,
281 4347 358 4395 adbuc
370 4347 518 4411 superstitem
530 4347 602 4397 luisse
615 4349 780 4396 Euctemonem
790 4349 883 4394 tratrem
895 4346 1023 4407 pamnelem
1036 4340 1170 4390 Polemonis
1180 4341 1255 4403 patris

160 4419 264 4483 flagrris,
273 4439 348 4485 neque
358 4425 506 4472 contendisse
516 4425 682 4472 Euctemonsm
693 4439 746 4472 cnm
755 4423 873 4472 Eubulide
879 4423 909 4470 ds
917 4421 1054 4468 haereditate
1063 4417 1172 4480 lisania,
1178 4429 1254 4477 sepas

156 4503 207 4556 ‚trra
218 4499 286 4548 sliam
298 4516 435 4562 quemquam
447 4501 536 4548 ratiorm
550 4500 737 4563 propinquitatis.
