2967 4950
223 270 282 344 ⁷⁸⁰
573 282 745 358 corvum
767 284 963 357 uenuste

222 433 305 496 nefas
322 451 378 514 est,
391 444 441 521 qui
460 435 534 508 citra
551 450 727 528 impietatem
741 472 760 512 a
777 453 906 531 qualibet
922 450 1116 513 administrari
1129 456 1250 530 queant,
1264 439 1317 512 tali

220 530 344 592 muliere
357 540 527 614 praesertim,
541 543 705 624 talibusque
720 548 807 607 rebus
822 546 934 626 gestis?

263 625 313 684 20.
335 625 411 688 Volo
425 645 523 691 autem
538 634 625 695 altius
639 647 771 711 exorsus,
784 639 865 699 vobis
885 638 1048 698 accuratius
1062 635 1171 697 referre
1189 635 1320 716 singulti,

223 721 256 772 ut
268 717 351 778 vobis
374 721 445 782 ultio
469 727 568 801 majori
590 735 668 788 e'uroe
690 730 737 802 sit,
751 741 843 810 utque
868 731 980 802 sciatis,
994 749 1048 791 vos
1069 749 1129 790 non
1153 729 1242 789 modo
1263 737 1320 809 prb

222 807 305 867 '⁰blfl
325 810 405 890 lPSlssr
421 825 451 874 et
473 815 586 896 legibus
602 821 774 882 seutentiam
797 824 920 897 laturos,
934 824 987 883 sed
1009 833 1040 882 et
1062 821 1184 881 deorum
1200 821 1320 880 immor⁴

222 897 325 960 talium
349 903 517 984 religionem
538 911 676 974 violatam
695 913 904 988 vindicaturos,
917 927 948 974 et
968 927 1074 994 peenas
1092 924 1260 994 sumpturos
1278 913 1320 974 de

223 994 438 1058 consceleratis.
490 1002 567 1064 Olim
591 1005 743 1067 dominatu
764 1009 930 1088 respublica
951 1008 1117 1087 regebatur,
1136 1017 1166 1066 et
1194 1023 1318 1086 regnum

224 1102 324 1145 corum
336 1101 399 1150 erat
419 1093 581 1175 quibusque
602 1101 790 1180 temporibus,
804 1101 855 1179 qui
866 1120 928 1180 proe
942 1100 1046 1162 ceteris
1064 1100 1241 1170 eminebant,
1255 1119 1320 1178 pru·

224 1187 326 1254 pterea
337 1185 416 1260 quod
431 1186 576 1266 indigena
597 1202 715 1263 curantr
738 1212 824 1254 sacra
841 1202 937 1254 autem
959 1205 1010 1253 rex
1024 1191 1125 1253 obibat
1143 1192 1251 1263 omnia,
1269 1207 1321 1251 eo-

225 1288 346 1351 rumque
360 1277 586 1357 religiosissima,
596 1295 626 1344 et
637 1304 756 1359 arcana,-
769 1305 841 1346 uxor
853 1277 917 1366 ejus
929 1287 1061 1346 curabat.
1103 1285 1197 1364 quue
1205 1283 1322 1355 metito,

226 1381 295 1422 euur
307 1369 409 1448 regina
421 1385 509 1432 esset.
550 1376 712 1457 Postquam
731 1389 829 1439 autem
845 1379 978 1439 Theseus
998 1379 1078 1438 cives
1091 1378 1121 1436 in
1134 1395 1225 1437 uuum
1250 1396 1321 1437 con·

227 1461 369 1536 gregavit,
378 1463 558 1546 liberamque
575 1472 786 1549 rempublicam
800 1472 935 1542 instituit,
948 1482 979 1531 et
991 1472 1063 1530 urbs‘
1074 1468 1259 1529 multitudine
1278 1471 1322 1529 in·

225 1550 355 1614 colatum
376 1557 555 1637 frequentari
585 1565 683 1642 coepit,
709 1566 836 1644 populus
862 1565 1046 1625 nibilominus
1070 1583 1169 1642 regem
1193 1563 1322 1636 creabat,

226 1639 344 1704 delectu
365 1649 472 1720 sciris
494 1657 741 1731 prestantissimis
768 1656 878 1728 habito,
899 1675 1020 1716 uxorem
1043 1671 1140 1716 antem
1164 1655 1239 1746 ejus,
1255 1654 1324 1734 lege

227 1736 402 1803 cursitasse
416 1743 518 1816 civem,
534 1757 564 1806 et
582 1767 641 1808 noo
655 1747 736 1808 alteri
756 1750 940 1810 commistam
953 1749 1024 1821 viro,
1039 1747 1092 1808 sed
1106 1746 1248 1825 virginem
1266 1748 1324 1808 dn'·

227 1827 363 1905 cendam,
377 1845 411 1894 ut
432 1840 525 1916 patrio
546 1841 603 1900 ritu
626 1861 733 1902 arcana
751 1862 836 1903 sacra
852 1861 904 1922 pro
923 1842 1074 1920 republica
1094 1839 1325 1915 immolarentur,

227 1928 257 1976 et
265 1918 348 1997 justa
361 1925 416 1986 diis
428 1928 475 2008 pic
488 1932 678 2004 solverentur,
693 1941 785 2014 utque
798 1953 853 1994 nec
865 1934 1124 2003 desereretur‚'nec
1137 1932 1324 1993 innovaretur

228 2010 393 2092 quicquam.
448 2023 534 2083 Hanc
555 2025 650 2104 legem
674 2023 741 2108 pilae
767 2019 893 2105 lapideae
921 2020 1093 2106 inscriptam
1115 2035 1273 2112 erexerunt
1293 2026 1326 2086 iu

173 2165 179 2172 ,
231 2099 340 2165 Bacchi
366 2114 486 2193 templo,
502 2121 587 2192 juxta
601 2138 681 2178 aram
701 2113 730 2177 in
750 2106 925 2198 paludibus:
946 2137 1040 2198 eaque
1061 2118 1122 2198 pila
1142 2118 1232 2178 etiam
1246 2138 1326 2180 nunc

231 2203 330 2260 exstat
342 2205 472 2265 obscuris
486 2208 576 2269 literis
590 2203 695 2271 Atticis
708 2212 860 2291 inscripta.
887 2211 977 2280 Quod
987 2212 1113 2291 populus
1125 2209 1326 2271 testimoninm

230 2307 296 2353 esse
310 2295 401 2356 voluit
413 2317 475 2358 suoe
489 2321 566 2382 erga
576 2301 665 2362 deum
686 2303 770 2363 illum
790 2301 948 2384 religionis,
962 2313 993 2363 et
1005 2313 1145 2383 tauquam
1158 2303 1326 2383 depositum

229 2381 390 2462 relinquere
401 2393 573 2472 posteritati,
584 2415 705 2457 uxorem
720 2396 773 2456 tibi
787 2396 925 2471 dandam,
936 2405 966 2456 et
979 2414 1063 2455 sacra
1071 2396 1227 2467 obituram,
1237 2396 1328 2457 taleni

230 2488 295 2536 esse
309 2480 613 2567 volumus,propterea
628 2491 656 2549 in
671 2490 869 2569 antiquissimo
878 2489 1111 2569 temploBacchi
1123 2490 1154 2549 in
1167 2488 1328 2569 paludibus

230 2567 421 2647 collocarunt,
435 2590 468 2636 ut
481 2600 517 2639 ne
537 2582 631 2655 multi,
646 2601 711 2661 quae
734 2582 875 2663 inscripta
896 2592 976 2652 sunt,
996 2591 1227 2662 cognoscerent3
1241 2594 1327 2661 quot·

231 2661 314 2720 annis
327 2666 403 2724 enim
417 2672 506 2729 semel
517 2675 654 2753 aperitur,
667 2674 760 2755 pridie
782 2675 849 2735 idus
859 2672 1045 2734 Novembris.
1084 2674 1131 2735 De
1144 2682 1205 2734 tam
1218 2674 1326 2735 sanctis

230 2748 319 2829 igitur
332 2768 361 2815 et
373 2763 545 2823 venerandis
561 2766 660 2836 sacris,
674 2787 741 2845 quar
756 2768 878 2847 majores
891 2767 979 2826 vestri
998 2776 1060 2827 tam
1074 2757 1212 2845 praeclare
1227 2766 1327 2847 splen·

231 2841 358 2925 dideqire
372 2867 517 2929 curarunt,
528 2877 625 2936 operoe
638 2860 763 2938 pretium
778 2870 824 2920 est
837 2868 868 2919 et
880 2878 934 2919 vos
947 2860 1096 2938 suscipere
1112 2877 1223 2930 curam,
1236 2858 1327 2918 Athe·
1399 2891 1404 2896 -

233 2935 358 3015 uieuses,
369 2957 397 3004 et
410 2946 429 3005 ii
443 2949 492 3027 qui
505 2951 671 3030 petulanter
684 2964 873 3013 sacravestra
886 2962 1131 3031 contempserunt,
1140 2951 1192 3031 qui
1206 2952 1328 3012 deornm

233 3028 438 3098 immortalium
456 3042 625 3121 religionem
640 3045 749 3104 nelarie
763 3045 919 3117 violarunt,
933 3044 1048 3105 duabus
1067 3044 1103 3105 de
1124 3045 1223 3105 causis
1242 3039 1328 3125 puni·

233 3125 301 3186 endi
314 3144 401 3192 suntt
423 3144 498 3195 utet
512 3136 542 3196 bi
556 3148 656 3216 poenas
671 3137 742 3198 dent
755 3139 908 3210 scelerum,
922 3148 952 3198 et
967 3140 1056 3198 ceteri
1073 3144 1199 3198 caveant
1223 3152 1254 3199 et
1271 3139 1329 3199 for-

233 3219 353 3293 mident,
366 3226 482 3306 nequid
495 3228 525 3287 in
539 3229 610 3289 deos
625 3240 655 3290 et
668 3230 880 3310 rempublicam
894 3230 1076 3310 delinquant.
1100 3231 1223 3291 Vocabo
1233 3243 1330 3292 autem

233 3311 314 3371 vobis
328 3326 358 3373 et
371 3330 487 3377 sactum
508 3332 684 3399 praeconem,
699 3324 751 3401 qui
770 3324 847 3402 regis
864 3323 948 3383 uxori
969 3321 1124 3397 ministrat,
1138 3342 1208 3383 cum
1226 3325 1332 3385 lustrat

234 3400 378 3464 ministras
393 3409 431 3467 ad
444 3411 573 3472 canistra
586 3416 668 3473 etad
683 3434 773 3485 aram,
787 3416 956 3496 priusquam
971 3430 1056 3475 sacra
1074 3416 1233 3495 attingant,
1256 3429 1291 3478 ut
1304 3425 1334 3477 et

229 3491 452 3571 l¹¹⁸j¹¹l⁸¹1d1¹mz
475 3511 505 3561 et
517 3521 553 3560 ea
566 3523 632 3580 quac
652 3505 688 3563 de
709 3526 790 3566 more
804 3505 951 3579 dicuntur,
965 3506 1100 3579 audiatis,
1114 3516 1261 3586 quatenos
1280 3530 1332 3569 au·

235 3582 290 3643 diri
311 3586 354 3646 fas
376 3602 431 3663 est,
445 3602 474 3652 et
496 3596 692 3673 cognoscatis,
707 3618 794 3676 quam
808 3611 934 3679 augusta
947 3611 1074 3660 etsacra
1092 3611 1123 3661 at
1140 3612 1260 3663 vetusta
1274 3604 1334 3663 aiut

235 3676 286 3736 illa
298 3678 439 3744 instituta.

458 3830 767 3905 tustRANDuM
788 3837 1102 3908 Mrulsrunsunt.

241 4026 244 4033 Ι
270 3952 314 4013 l'it
325 3974 348 4015 st
359 3973 417 4029 part
435 3978 460 4018 et
471 3970 555 4021 munda
574 3991 623 4023 aum
636 3993 648 4023 s
660 3978 744 4025 celcris
763 3976 887 4025 immundis
901 3983 925 4025 st
942 3992 956 4025 ι
974 3965 1018 4026 viri
1035 3991 1173 4041 congressu,
1184 3985 1210 4026 et
1221 3976 1335 4030 mauors

238 4042 342 4093 Natalem
354 4055 379 4093 et
389 4048 518 4097 lobaccbea
529 4052 623 4099 celebro
634 4056 725 4100 Baccho
737 4054 812 4116 patrio
824 4055 872 4102 ritu
883 4064 908 4102 et
922 4055 1034 4116 legitimis
1044 4054 1202 4116 temporibusr

278 4164 327 4221 ul.
348 4159 560 4245 Jusjurandum
579 4168 677 4246 igitur,
691 4176 720 4229 et
742 4162 878 4229 instituta
896 4169 1000 4248 patria,
1024 4156 1176 4248 quantuni
1183 4162 1337 4230 'enunciari

238 4250 282 4313 fas
296 4263 352 4325 est,
368 4258 528 4330 audivistis,
540 4278 605 4317 eam
619 4258 698 4333 item,
713 4281 802 4340 quam
813 4260 979 4340 Stephanus
990 4256 1154 4341 Theogeni,
1167 4260 1231 4341 regi
1246 4260 1336 4321 sacri*

237 4340 333 4414 teob,
347 4346 505 4429 despondit
518 4336 636 4409 uictam
650 4366 701 4431 pro
714 4374 769 4414 sua
782 4354 851 4425 lilia,
861 4372 945 4414 sacra
958 4348 1078 4428 fecisse,
1088 4361 1120 4414 et
1128 4353 1337 4440 jusjurandum

239 4429 378 4497 detulisse
385 4430 524 4521 pietatis,
537 4440 724 4521 cognomen
765 4444 835 4506 dam
848 4444 891 4505 utl
914 4452 1042 4520 consoet,
1061 4466 1118 4508 nec
1134 4447 1168 4508 iis
1182 4444 1256 4527 ipsis
1275 4458 1339 4506 tnu·
