2967 4950
464 345 636 406 CONTRA
656 341 925 404 TIMARCHUM.
1204 346 1244 403 29

144 490 342 555 Considerate
356 499 526 569 sententias,
540 499 747 570 Athenienses,
757 519 829 576 quas
842 508 931 578 poeta
938 498 1058 577 profert.
1082 496 1173 557 Aitse
1181 498 1244 577 jam

144 588 305 648 multarum
320 608 415 648 rerum
424 590 515 648 fuisse
524 591 760 669 disceptatorem,
773 604 806 650 ut
818 602 848 651 et
859 611 911 649 vos
920 609 998 648 nnnc
1007 589 1138 668 judices:
1153 609 1243 670 seque

144 681 252 740 asserit
260 681 373 760 judicia
386 702 445 756 non
460 683 670 753 etestimoniis,
685 684 738 742 sed
755 703 771 742 e
786 683 889 742 studiis
899 693 930 742 et
942 682 1186 742 familiaritatibus
1201 684 1245 742 fe-

135 771 243 838 cisse:
265 774 334 833 illuc
356 777 557 853 respicientem
573 796 638 854 quae
652 776 755 834 fuisset
770 796 820 835 reo
840 777 1018 854 quotidianae
1031 777 1099 833 vitae
1119 795 1245 852 consue-

145 866 229 935 tudo,
246 876 278 926 et
290 877 324 927 ut
337 887 418 926 suam
431 868 568 927 familiam
580 869 795 946 gubernasset:
816 870 902 946 quasi
911 869 1014 928 eodem
1027 868 1157 942 modoet
1168 887 1244 926 rem·

144 958 293 1035 publicam
322 971 401 1019 esset
427 960 751 1022 administraturuszet
773 981 898 1040 quorum
925 959 1103 1020 commercio
1125 961 1244 1038 gavisus

144 1061 235 1124 esset,
250 1052 375 1130 denique
389 1053 580 1132 pronunciare
594 1073 653 1112 non
672 1053 798 1125 dubitat,
819 1054 908 1113 talem
927 1071 994 1110 eum
1012 1071 1088 1122 esse,
1109 1044 1210 1130 q'uales
1225 1053 1245 1111 ii

146 1143 218 1214 sint,
237 1164 362 1221 quorum
377 1145 591 1204 consuetudine
614 1146 786 1205 delectetur.
810 1146 937 1223 AEquum
961 1144 1047 1222 igitur
1064 1146 1120 1216 est,
1135 1164 1187 1203 vos
1203 1144 1242 1204 de
1294 1167 1301 1176 ⁴

145 1235 304 1297 Timarcho
332 1237 418 1297 etiam
436 1239 545 1308 ¹iisdem
566 1259 633 1296 cum
656 1238 797 1318 Euripide
819 1239 862 1298 uti
885 1238 1054 1297 rationibus.
1089 1238 1246 1302 Quomodo

146 1351 231 1390 suam
246 1352 306 1391 rem
324 1333 495 1393 familiarem
516 1335 648 1394 curavit?
669 1334 881 1395 Patrimonium
894 1344 924 1394 et
944 1354 1028 1393 suum
1043 1344 1073 1394 et
1086 1336 1245 1394 amicorum

144 1442 198 1500 per
215 1423 317 1482 luxum
330 1425 502 1504 absumpsit,
520 1427 678 1504 prostituta
692 1427 826 1487 mercede
839 1426 989 1506 pudicitia,
1006 1426 1192 1504 acceptisque
1201 1430 1244 1488 ob

145 1535 208 1573 rem
219 1517 409 1593 judicandam
424 1520 590 1578 muneribus
611 1519 709 1578 omnia
723 1530 842 1578 strenue
863 1519 999 1588 confecit,
1019 1530 1051 1576 ut
1068 1518 1140 1576 nihil
1158 1520 1185 1577 ei
1207 1520 1246 1579 sit

111 1621 112 1624 ’
142 1601 290 1686 ¹reliquum
314 1621 419 1690 praeter
433 1609 583 1670 dedecus?
604 1611 697 1691 Cujus
719 1621 815 1670 autem
832 1611 1044 1670 consuetudine
1063 1611 1247 1672 delectatur?

147 1698 345 1778 Hagesandri.
369 1703 555 1782 Hegesandri
570 1723 655 1782 porro
670 1703 770 1762 studia
784 1722 850 1782 quae
865 1702 954 1761 sunt?
976 1703 1030 1774 Ea,
1049 1713 1166 1781 propter
1179 1719 1245 1782 quse

145 1789 262 1868 legibus
285 1815 303 1851 a
316 1795 506 1852 concionibus
521 1794 665 1852 habendis
680 1794 841 1872 repellitur.
872 1794 939 1871 Ego
952 1813 1021 1852 vero
1034 1794 1072 1853 de
1092 1796 1247 1856 Timarcho

146 1883 219 1959 quid
235 1882 322 1943 dico?
344 1883 384 1942 Et
397 1904 529 1962 quaenam
549 1883 586 1941 ad
607 1895 762 1963 praetorem
776 1883 883 1943 retuli?
905 1885 951 1943 Ne
968 1886 1126 1944 conciones
1139 1887 1248 1948 habeat

147 1975 335 2047 Timarchus
347 1977 486 2056 pudrcrtra
495 1978 662 2056 prostituta
673 1990 703 2037 et
712 1999 764 2057 per
775 1979 877 2037 luxum
896 1980 1052 2069 absumpto
1064 1978 1246 2057 patrimonio.

146 2071 209 2131 Vos
220 2073 293 2150 quid
301 2073 443 2152 jurastis?
465 2074 544 2132 De''
527 2095 562 2133 ns
573 2076 658 2134 rebus
670 2075 921 2154 pronunciatores,
936 2095 1002 2152 quae
1017 2074 1047 2132 in
1057 2075 1245 2144 accusatione

146 2167 329 2247 proescriptae
345 2167 413 2228 sint.

192 2259 242 2316 31.
264 2258 310 2317 Ne
329 2279 399 2319 vero
418 2269 570 2364 poetarum
593 2262 767 2322 auctoritate
780 2261 996 2322 inculcanda
973 2281 1027 2322 sun
1043 2261 1232 2340 prolixior,
1205 2283 1248 2320 ur-

148 2367 247 2408 rorum
267 2349 362 2410 dicam
383 2352 539 2423 seniorum,
557 2363 752 2432 uotorumque
774 2353 856 2414 vobis
879 2354 1008 2426 nomina,
1026 2354 1246 2414 adolescentum

148 2443 219 2503 item
234 2452 264 2504 et
278 2465 444 2523 puerorum,
463 2465 586 2524 quornm
604 2446 652 2506 alii
666 2449 704 2507 ob
721 2446 823 2506 formae
836 2456 1021 2508 venustatem
1034 2447 1141 2507 multos
1152 2447 1246 2506 habu·

148 2547 235 2599 erunt
249 2546 403 2621 amatores,
420 2538 468 2597 alii
488 2559 540 2618 per
557 2549 673 2615 aetatem
694 2560 774 2599 nunc
795 2540 883 2599 etiam
903 2540 1029 2599 habent:
1049 2560 1173 2617 quorum
1196 2559 1249 2599 ne·

149 2626 221 2686 mini
231 2649 360 2707 unquam
375 2631 475 2690 eadem
489 2652 555 2710 quae
570 2632 726 2691 Timarcho
740 2632 861 2692 crimina
872 2643 942 2692 sunt
950 2633 1077 2712 objecta
1097 2633 1247 2692 Vicissim·

99 2736 101 2742 ·
148 2739 207 2799 que
219 2724 300 2782 vobis
311 2726 544 2783 commemorabo
554 2725 830 2785 nominahominum
833 2746 900 2805 ,qm
892 2726 1021 2786 'libidini
1032 2726 1153 2805 turpiter
1163 2737 1248 2816 ap'er·

149 2822 237 2893 teque
251 2815 453 2875 indulserunt.
476 2827 509 2875 ut
522 2836 573 2875 vos
587 2836 688 2877 eorum
707 2815 862 2891 recordati,
884 2818 1099 2877 Timarchum
1092 2838 1121 2875 ιιι
1140 2838 1248 2877 conve·

147 2907 278 2964 nlentem
293 2927 320 2967 er
312 2908 465 2968 ordinem
480 2910 638 2988 reponatis.
661 2909 792 2968 Primum
806 2920 903 2969 autem
917 2911 1173 2969 commemorabo
1166 2929 1248 2987 mge-

149 3017 275 3057 nuorum
296 3000 423 3073 nomina,
446 3002 496 3080 qui
516 3013 634 3061 aetatem
657 3000 781 3060 honeste
803 3011 977 3079 exegerunt.
1016 3000 1128 3067 Nostis,
1155 3002 1249 3060 Athe·

150 3090 280 3161 menses,
297 3092 447 3151 Critonem
461 3092 614 3172 Astyochi,
629 3103 658 3152 et
673 3092 853 3152 Periclidem.
862 3091 1037 3167 Perithoedoe
1052 3092 1096 3161 F,
1111 3102 1142 3149 et
1159 3090 1246 3151 Pole-

149 3202 315 3261 magenem,
326 3195 357 3243 et
368 3184 591 3244 Pantoleontem
602 3184 755 3261 Cleagorae
768 3185 813 3256 F,
827 3193 857 3242 et
868 3181 1076 3241 Timesitheum
1089 3201 1247 3256 cursorem,

150 3276 201 3353 qui
223 3296 282 3335 non
305 3277 410 3335 civium
431 3275 587 3345 duntaxat,
604 3275 656 3335 sed
670 3286 701 3334 et
715 3274 886 3334 Graecorum
905 3273 1034 3333 omnium
1046 3273 1249 3336 formosissimi

113 3394 116 3400 ·
149 3370 278 3449 fuerunt,
304 3378 394 3446 atque
418 3377 564 3426 amatores
591 3367 731 3447 plurimos
760 3376 789 3425 et
813 3364 1045 3424 modestissimos
1066 3365 1248 3429 habuerunt:

150 3473 250 3523 tamen
263 3480 348 3520 nemo
363 3480 493 3539 unquam
505 3480 556 3520 eos
569 3459 754 3539 vituperavit.
776 3459 892 3517 Rursus
907 3479 944 3517 ex
958 3458 1207 3536 adolescentibus,
1219 3472 1252 3523 et
1265 3524 1271 3533 ,

149 3555 184 3614 iis
195 3555 246 3633 qui
255 3555 343 3613 etiem
351 3572 431 3613 nunc
440 3555 516 3613 inter
526 3573 636 3633 pueros
643 3562 810 3625 censentur,
819 3552 942 3631 primum
952 3553 1105 3631 Iphicratis
1115 3573 1151 3612 ex
1159 3555 1248 3617 fratre

149 3658 298 3752 nepotem,
321 3646 408 3705 Tisias
427 3646 665 3715 RhamnusiiP„
687 3644 841 3705 Timarcho
867 3665 946 3703 nunc
967 3664 1019 3704 reo
1032 3649 1248 3724 cognominem,

149 3740 279 3819 quicum
294 3740 333 3799 sit
341 3739 472 3799 decorus
487 3739 640 3819 adspectu,
649 3747 764 3797 tantum
774 3740 858 3798 abest
871 3756 889 3797 a
900 3736 1088 3815 turpitudine,
1101 3750 1135 3797 ut
1145 3760 1247 3821 nuper,

150 3850 219 3892 cum
233 3832 264 3889 in
284 3832 457 3891 suburbanis
473 3830 707 3891 Bacchanalibus
725 3830 906 3891 comoediae
899 3850 928 3887 ιιι
943 3829 1063 3909 Colytto
1084 3839 1249 3910 agerentur,

150 3934 182 3985 et
191 3924 339 3985 Parmeno
347 3922 585 3983 comicushistrio
597 3922 719 3983 dixisset
729 3924 769 3982 ad
779 3932 887 3982 coetum
896 3942 1013 3982 versum
1024 3927 1250 4003 anapaesticum:

150 4036 217 4077 esse
228 4016 374 4095 quosdam
383 4018 508 4097 magnos
517 4015 681 4088 catamitos,
692 4014 852 4085 Timarcho
861 4013 988 4073 similes:
1002 4034 1089 4075 nemo
1099 4017 1128 4075 id
1137 4016 1167 4073 in
1178 4017 1250 4076 ado-

147 4110 321 4182 lescentem,
336 4109 389 4169 sed
403 4109 434 4167 in
449 4117 477 4168 te
488 4110 590 4167 omnes
608 4106 666 4167 dici
679 4106 818 4187 putarint.
841 4106 924 4166 Adeo
937 4106 1016 4167 illius
1030 4108 1120 4167 studii
1133 4109 1250 4171 crevisti

148 4200 352 4261 hereditatem.
373 4199 520 4259 Anticlem
534 4220 620 4279 porro
636 4212 795 4271 cursorem,
810 4206 841 4257 et
850 4198 984 4259 Phidiam
995 4200 1108 4258 ¹Milesii
1119 4199 1247 4262 fratrem.

151 4292 229 4351 Cum
243 4301 341 4349 autem
352 4290 464 4350 ‘multos
486 4290 581 4349 adhuc
596 4290 733 4351 haberem
751 4290 1034 4362 commemorandos,
1049 4290 1191 4364 desinam,
1210 4314 1248 4355 ne

149 4384 187 4443 de
201 4382 347 4442 industria
360 4382 483 4459 gratiam
497 4382 611 4443 illorum
625 4383 890 4462 videaraucupari.
911 4383 979 4441 Jam
993 4382 1031 4441 de
1043 4381 1101 4441 illis
1115 4384 1248 4463 quisunt

145 4473 305 4535 Timarcho
325 4473 444 4553 similes,
468 4474 601 4552 quamvis
615 4473 781 4535 inimicitias
795 4474 917 4552 fugiam,
933 4472 1031 4532 nmen
1052 4492 1152 4533 eorum
1173 4496 1249 4557 quos
