<?xml version="1.0" encoding="UTF-8"?>
<!DOCTYPE html PUBLIC "-//W3C//DTD XHTML 1.0 Transitional//EN"
    "http://www.w3.org/TR/xhtml1/DTD/xhtml1-transitional.dtd">
<html xmlns="http://www.w3.org/1999/xhtml" xml:lang="en" lang="en">
 <head>
  <title>
</title>
<meta http-equiv="Content-Type" content="text/html;charset=utf-8" />
  <meta name='ocr-system' content='tesseract 3.04.00' />
  <meta name='ocr-capabilities' content='ocr_page ocr_carea ocr_par ocr_line ocrx_word'/>
</head>
<body>
  <div class='ocr_page' id='page_1' title='image "./demosthenisetsc06ulpigoog_0371.png"; bbox 0 0 2967 4950; ppageno 0'>
   <div class='ocr_carea' id='block_1_1' title="bbox 478 318 1248 392">
    <p class='ocr_par' dir='ltr' id='par_1_1' title="bbox 478 318 1248 392">
     <span class='ocr_line' id='line_1_1' title="bbox 478 318 1248 392; baseline 0.01 -8"><span class='ocrx_word' id='word_1_1' title='bbox 478 318 652 386; x_wconf 78' lang='lat' dir='ltr'>CONTRA</span> <span class='ocrx_word' id='word_1_2' title='bbox 671 325 947 387; x_wconf 76' lang='lat' dir='ltr'>TIMARGHUM.</span> <span class='ocrx_word' id='word_1_3' title='bbox 1212 334 1248 392; x_wconf 88' lang='lat' dir='ltr'>ll</span> 
     </span>
    </p>
   </div>
   <div class='ocr_carea' id='block_1_2' title="bbox 73 469 1306 2872">
    <p class='ocr_par' dir='ltr' id='par_1_2' title="bbox 141 469 1282 1300">
     <span class='ocr_line' id='line_1_2' title="bbox 146 469 1254 567; baseline 0.01 -32"><span class='ocrx_word' id='word_1_4' title='bbox 146 469 299 550; x_wconf 80' lang='lat' dir='ltr'>marchas,</span> <span class='ocrx_word' id='word_1_5' title='bbox 319 477 373 540; x_wconf 78' lang='lat' dir='ltr'>sed</span> <span class='ocrx_word' id='word_1_6' title='bbox 387 473 514 558; x_wconf 53' lang='lat' dir='ltr'>aetna,</span> <span class='ocrx_word' id='word_1_7' title='bbox 535 499 608 542; x_wconf 86' lang='lat' dir='ltr'>curn</span> <span class='ocrx_word' id='word_1_8' title='bbox 621 481 705 547; x_wconf 87' lang='lat' dir='ltr'>nulla</span> <span class='ocrx_word' id='word_1_9' title='bbox 726 503 759 543; x_wconf 91' lang='lat' dir='ltr'>re</span> <span class='ocrx_word' id='word_1_10' title='bbox 777 483 921 546; x_wconf 86' lang='lat' dir='ltr'>mediocri</span> <span class='ocrx_word' id='word_1_11' title='bbox 940 494 1041 563; x_wconf 77' lang='lat' dir='ltr'>egeret</span> <span class='ocrx_word' id='word_1_12' title='bbox 1063 482 1254 567; x_wconf 78' lang='lat' dir='ltr'>(permagnos</span> 
     </span>
     <span class='ocr_line' id='line_1_3' title="bbox 144 572 1253 659; baseline 0.007 -29"><span class='ocrx_word' id='word_1_13' title='bbox 144 572 226 630; x_wconf 85' lang='lat' dir='ltr'>eninr</span> <span class='ocrx_word' id='word_1_14' title='bbox 241 590 312 650; x_wconf 90' lang='lat' dir='ltr'>opes</span> <span class='ocrx_word' id='word_1_15' title='bbox 327 572 355 630; x_wconf 86' lang='lat' dir='ltr'>ei</span> <span class='ocrx_word' id='word_1_16' title='bbox 365 581 449 650; x_wconf 89' lang='lat' dir='ltr'>pater</span> <span class='ocrx_word' id='word_1_17' title='bbox 457 573 626 652; x_wconf 88' lang='lat' dir='ltr'>reliquerat,</span> <span class='ocrx_word' id='word_1_18' title='bbox 635 577 714 654; x_wconf 78' lang='lat' dir='ltr'>quas</span> <span class='ocrx_word' id='word_1_19' title='bbox 723 577 921 649; x_wconf 84' lang='lat' dir='ltr'>istedecoxit,</span> <span class='ocrx_word' id='word_1_20' title='bbox 932 589 966 636; x_wconf 91' lang='lat' dir='ltr'>ut</span> <span class='ocrx_word' id='word_1_21' title='bbox 978 597 1035 657; x_wconf 87' lang='lat' dir='ltr'>ego</span> <span class='ocrx_word' id='word_1_22' title='bbox 1044 577 1127 638; x_wconf 80' lang='lat' dir='ltr'>vobis</span> <span class='ocrx_word' id='word_1_23' title='bbox 1139 579 1169 640; x_wconf 90' lang='lat' dir='ltr'>in</span> <span class='ocrx_word' id='word_1_24' title='bbox 1182 599 1253 659; x_wconf 89' lang='lat' dir='ltr'>pro-</span> 
     </span>
     <span class='ocr_line' id='line_1_4' title="bbox 142 659 1252 755; baseline 0.01 -33"><span class='ocrx_word' id='word_1_25' title='bbox 142 683 252 741; x_wconf 81' lang='lat' dir='ltr'>gressu</span> <span class='ocrx_word' id='word_1_26' title='bbox 267 665 587 742; x_wconf 77' lang='lat' dir='ltr'>orationisostendam)</span> <span class='ocrx_word' id='word_1_27' title='bbox 596 659 716 728; x_wconf 75' lang='lat' dir='ltr'>&#39;sed&#39;ista</span> <span class='ocrx_word' id='word_1_28' title='bbox 729 671 811 740; x_wconf 83' lang='lat' dir='ltr'>lecit,</span> <span class='ocrx_word' id='word_1_29' title='bbox 821 668 857 729; x_wconf 89' lang='lat' dir='ltr'>ut</span> <span class='ocrx_word' id='word_1_30' title='bbox 864 662 1041 749; x_wconf 86' lang='lat' dir='ltr'>turpissimis</span> <span class='ocrx_word' id='word_1_31' title='bbox 1051 671 1252 755; x_wconf 76' lang='lat' dir='ltr'>voluptatibus</span> 
     </span>
     <span class='ocr_line' id='line_1_5' title="bbox 141 755 1251 842; baseline 0.009 -30"><span class='ocrx_word' id='word_1_32' title='bbox 141 755 370 832; x_wconf 83' lang='lat' dir='ltr'>obsequeretur,</span> <span class='ocrx_word' id='word_1_33' title='bbox 384 755 496 816; x_wconf 88' lang='lat' dir='ltr'>deliciis</span> <span class='ocrx_word' id='word_1_34' title='bbox 509 759 650 832; x_wconf 89' lang='lat' dir='ltr'>ciborum,</span> <span class='ocrx_word' id='word_1_35' title='bbox 668 769 698 820; x_wconf 92' lang='lat' dir='ltr'>et</span> <span class='ocrx_word' id='word_1_36' title='bbox 709 761 891 842; x_wconf 77' lang='lat' dir='ltr'><strong>sumptuosis</strong></span> <span class='ocrx_word' id='word_1_37' title='bbox 903 761 1007 833; x_wconf 85' lang='lat' dir='ltr'>coenis,</span> <span class='ocrx_word' id='word_1_38' title='bbox 1021 771 1052 820; x_wconf 91' lang='lat' dir='ltr'>et</span> <span class='ocrx_word' id='word_1_39' title='bbox 1069 762 1206 835; x_wconf 84' lang='lat' dir='ltr'>tibicinis,</span> <span class='ocrx_word' id='word_1_40' title='bbox 1219 773 1251 822; x_wconf 88' lang='lat' dir='ltr'>et</span> 
     </span>
     <span class='ocr_line' id='line_1_6' title="bbox 142 847 1280 931; baseline 0.009 -27"><span class='ocrx_word' id='word_1_41' title='bbox 142 847 357 919; x_wconf 77' lang='lat' dir='ltr'>meretricibus,</span> <span class='ocrx_word' id='word_1_42' title='bbox 371 856 402 907; x_wconf 91' lang='lat' dir='ltr'>et</span> <span class='ocrx_word' id='word_1_43' title='bbox 412 849 540 918; x_wconf 86' lang='lat' dir='ltr'>tesseris,</span> <span class='ocrx_word' id='word_1_44' title='bbox 555 850 720 928; x_wconf 89' lang='lat' dir='ltr'>ceterisque</span> <span class='ocrx_word' id='word_1_45' title='bbox 732 853 831 926; x_wconf 90' lang='lat' dir='ltr'>rebus,</span> <span class='ocrx_word' id='word_1_46' title='bbox 843 851 968 931; x_wconf 82' lang='lat' dir='ltr'>quarum</span> <span class='ocrx_word' id='word_1_47' title='bbox 980 852 1065 912; x_wconf 87' lang='lat' dir='ltr'>nulla</span> <span class='ocrx_word' id='word_1_48' title='bbox 1072 853 1148 912; x_wconf 84' lang='lat' dir='ltr'>vinci</span> <span class='ocrx_word' id='word_1_49' title='bbox 1161 855 1251 914; x_wconf 83' lang='lat' dir='ltr'>debet</span> <span class='ocrx_word' id='word_1_50' title='bbox 1275 870 1280 876; x_wconf 85' lang='grc'><em>’</em></span> 
     </span>
     <span class='ocr_line' id='line_1_7' title="bbox 144 928 1282 1022; baseline 0.011 -28"><span class='ocrx_word' id='word_1_51' title='bbox 144 957 322 1015; x_wconf 86' lang='lat' dir='ltr'>generosum</span> <span class='ocrx_word' id='word_1_52' title='bbox 336 948 368 998; x_wconf 88' lang='lat' dir='ltr'>et</span> <span class='ocrx_word' id='word_1_53' title='bbox 388 939 511 1000; x_wconf 88' lang='lat' dir='ltr'>liberale</span> <span class='ocrx_word' id='word_1_54' title='bbox 531 940 690 1020; x_wconf 85' lang='lat' dir='ltr'>ingenium.</span> <span class='ocrx_word' id='word_1_55' title='bbox 726 944 833 1022; x_wconf 83' lang='lat' dir='ltr'>Neque</span> <span class='ocrx_word' id='word_1_56' title='bbox 849 944 995 1004; x_wconf 85' lang='lat' dir='ltr'>nefarium</span> <span class='ocrx_word' id='word_1_57' title='bbox 1007 943 1103 1003; x_wconf 86' lang='lat' dir='ltr'>istum</span> <span class='ocrx_word' id='word_1_58' title='bbox 1121 946 1156 1003; x_wconf 89' lang='lat' dir='ltr'>in</span> <span class='ocrx_word' id='word_1_59' title='bbox 1176 947 1248 1006; x_wconf 83' lang='lat' dir='ltr'>flore</span> <span class='ocrx_word' id='word_1_60' title='bbox 1274 928 1282 944; x_wconf 54' lang='lat'><strong>⁹</strong></span> 
     </span>
     <span class='ocr_line' id='line_1_8' title="bbox 144 1031 1248 1117; baseline 0.01 -29"><span class='ocrx_word' id='word_1_61' title='bbox 144 1033 246 1102; x_wconf 77' lang='lat' dir='ltr'>aetatis</span> <span class='ocrx_word' id='word_1_62' title='bbox 262 1051 323 1091; x_wconf 91' lang='lat' dir='ltr'>suae</span> <span class='ocrx_word' id='word_1_63' title='bbox 333 1031 449 1110; x_wconf 89' lang='lat' dir='ltr'>puduit,</span> <span class='ocrx_word' id='word_1_64' title='bbox 463 1033 571 1098; x_wconf 88' lang='lat' dir='ltr'>relictis</span> <span class='ocrx_word' id='word_1_65' title='bbox 585 1036 714 1113; x_wconf 89' lang='lat' dir='ltr'>paternis</span> <span class='ocrx_word' id='word_1_66' title='bbox 733 1037 850 1096; x_wconf 87' lang='lat' dir='ltr'>aedibus</span> <span class='ocrx_word' id='word_1_67' title='bbox 863 1036 944 1117; x_wconf 87' lang='lat' dir='ltr'>apud</span> <span class='ocrx_word' id='word_1_68' title='bbox 959 1037 1121 1116; x_wconf 83' lang='lat' dir='ltr'>Misgole&#39;m</span> <span class='ocrx_word' id='word_1_69' title='bbox 1134 1039 1248 1101; x_wconf 72' lang='lat' dir='ltr'>vireret</span> 
     </span>
     <span class='ocr_line' id='line_1_9' title="bbox 141 1123 1249 1208; baseline 0.008 -27"><span class='ocrx_word' id='word_1_70' title='bbox 141 1123 193 1200; x_wconf 90' lang='lat' dir='ltr'>qui</span> <span class='ocrx_word' id='word_1_71' title='bbox 206 1143 303 1202; x_wconf 90' lang='lat' dir='ltr'>neque</span> <span class='ocrx_word' id='word_1_72' title='bbox 315 1135 455 1204; x_wconf 85' lang='lat' dir='ltr'>paternus</span> <span class='ocrx_word' id='word_1_73' title='bbox 465 1130 527 1202; x_wconf 89' lang='lat' dir='ltr'>ejus</span> <span class='ocrx_word' id='word_1_74' title='bbox 539 1127 660 1197; x_wconf 89' lang='lat' dir='ltr'>amicus,</span> <span class='ocrx_word' id='word_1_75' title='bbox 674 1147 771 1206; x_wconf 89' lang='lat' dir='ltr'>neque</span> <span class='ocrx_word' id='word_1_76' title='bbox 783 1129 916 1206; x_wconf 73' lang='lat' dir='ltr'>equalis,</span> <span class='ocrx_word' id='word_1_77' title='bbox 929 1133 1155 1208; x_wconf 73' lang='lat' dir='ltr'>neque&#39;curator</span> <span class='ocrx_word' id='word_1_78' title='bbox 1167 1138 1249 1190; x_wconf 89' lang='lat' dir='ltr'>erat:</span> 
     </span>
     <span class='ocr_line' id='line_1_10' title="bbox 142 1217 1247 1300; baseline 0.007 -26"><span class='ocrx_word' id='word_1_79' title='bbox 142 1217 337 1287; x_wconf 68' lang='lat' dir='ltr'>sederimus,</span> <span class='ocrx_word' id='word_1_80' title='bbox 349 1227 380 1276; x_wconf 91' lang='lat' dir='ltr'>et</span> <span class='ocrx_word' id='word_1_81' title='bbox 392 1218 457 1297; x_wconf 89' lang='lat' dir='ltr'>ipso</span> <span class='ocrx_word' id='word_1_82' title='bbox 471 1228 544 1277; x_wconf 87' lang='lat' dir='ltr'>natu</span> <span class='ocrx_word' id='word_1_83' title='bbox 553 1221 703 1298; x_wconf 83' lang='lat' dir='ltr'>grandior,</span> <span class='ocrx_word' id='word_1_84' title='bbox 713 1229 744 1280; x_wconf 92' lang='lat' dir='ltr'>et</span> <span class='ocrx_word' id='word_1_85' title='bbox 756 1221 787 1280; x_wconf 91' lang='lat' dir='ltr'>in</span> <span class='ocrx_word' id='word_1_86' title='bbox 797 1220 942 1300; x_wconf 84' lang='lat' dir='ltr'>ejusmodi</span> <span class='ocrx_word' id='word_1_87' title='bbox 951 1224 1040 1281; x_wconf 83' lang='lat' dir='ltr'>rebus</span> <span class='ocrx_word' id='word_1_88' title='bbox 1050 1223 1247 1299; x_wconf 66' lang='lat' dir='ltr'>incontinens.</span> 
     </span>
    </p>

    <p class='ocr_par' dir='ltr' id='par_1_3' title="bbox 73 1307 1306 2872">
     <span class='ocr_line' id='line_1_11' title="bbox 187 1307 1247 1392; baseline 0.008 -27"><span class='ocrx_word' id='word_1_89' title='bbox 187 1310 238 1366; x_wconf 86' lang='lat' dir='ltr'>ll.</span> <span class='ocrx_word' id='word_1_90' title='bbox 258 1307 433 1369; x_wconf 82' lang='lat' dir='ltr'>Timarchus</span> <span class='ocrx_word' id='word_1_91' title='bbox 455 1309 544 1390; x_wconf 86' lang='lat' dir='ltr'>igitur</span> <span class='ocrx_word' id='word_1_92' title='bbox 558 1330 625 1370; x_wconf 88' lang='lat' dir='ltr'>cum</span> <span class='ocrx_word' id='word_1_93' title='bbox 645 1313 704 1372; x_wconf 86' lang='lat' dir='ltr'>alia</span> <span class='ocrx_word' id='word_1_94' title='bbox 717 1313 882 1372; x_wconf 86' lang='lat' dir='ltr'>deridenda</span> <span class='ocrx_word' id='word_1_95' title='bbox 893 1313 964 1374; x_wconf 84' lang='lat' dir='ltr'>fecit</span> <span class='ocrx_word' id='word_1_96' title='bbox 977 1313 1034 1373; x_wconf 89' lang='lat' dir='ltr'>illis</span> <span class='ocrx_word' id='word_1_97' title='bbox 1053 1315 1247 1392; x_wconf 87' lang='lat' dir='ltr'>temporibus,</span> 
     </span>
     <span class='ocr_line' id='line_1_12' title="bbox 140 1401 1247 1484; baseline 0.006 -25"><span class='ocrx_word' id='word_1_98' title='bbox 140 1410 207 1459; x_wconf 90' lang='lat' dir='ltr'>turn</span> <span class='ocrx_word' id='word_1_99' title='bbox 215 1419 306 1459; x_wconf 87' lang='lat' dir='ltr'>unum</span> <span class='ocrx_word' id='word_1_100' title='bbox 315 1401 554 1484; x_wconf 76' lang='lat' dir='ltr'>quiddam,quod</span> <span class='ocrx_word' id='word_1_101' title='bbox 563 1404 648 1462; x_wconf 88' lang='lat' dir='ltr'>vobis</span> <span class='ocrx_word' id='word_1_102' title='bbox 657 1406 793 1464; x_wconf 87' lang='lat' dir='ltr'>narrabo.</span> <span class='ocrx_word' id='word_1_103' title='bbox 815 1405 967 1483; x_wconf 81' lang='lat' dir='ltr'>Agebatur</span> <span class='ocrx_word' id='word_1_104' title='bbox 977 1405 1155 1466; x_wconf 85' lang='lat' dir='ltr'>urbanorum</span> <span class='ocrx_word' id='word_1_105' title='bbox 1168 1405 1247 1466; x_wconf 84' lang='lat' dir='ltr'>Bac·</span> 
     </span>
     <span class='ocr_line' id='line_1_13' title="bbox 141 1493 1306 1576; baseline 0.003 -23"><span class='ocrx_word' id='word_1_106' title='bbox 141 1493 312 1554; x_wconf 85' lang='lat' dir='ltr'>chanalium</span> <span class='ocrx_word' id='word_1_107' title='bbox 341 1495 510 1556; x_wconf 77' lang='lat' dir='ltr'>celebritas.</span> <span class='ocrx_word' id='word_1_108' title='bbox 530 1495 618 1556; x_wconf 52' lang='lat' dir='ltr'>‘Una</span> <span class='ocrx_word' id='word_1_109' title='bbox 642 1515 733 1576; x_wconf 87' lang='lat' dir='ltr'>porro.</span> <span class='ocrx_word' id='word_1_110' title='bbox 753 1498 859 1556; x_wconf 83' lang='lat' dir='ltr'>festum</span> <span class='ocrx_word' id='word_1_111' title='bbox 881 1499 1070 1557; x_wconf 88' lang='lat' dir='ltr'>celebrabant</span> <span class='ocrx_word' id='word_1_112' title='bbox 1089 1497 1246 1575; x_wconf 83' lang='lat' dir='ltr'>Misgolas,</span> <span class='ocrx_word' id='word_1_113' title='bbox 1303 1542 1306 1547; x_wconf 83' lang='lat'>.</span> 
     </span>
     <span class='ocr_line' id='line_1_14' title="bbox 93 1585 1246 1669; baseline 0.005 -25"><span class='ocrx_word' id='word_1_114' title='bbox 93 1605 105 1620; x_wconf 77' lang='lat'>.</span> <span class='ocrx_word' id='word_1_115' title='bbox 139 1585 235 1646; x_wconf 77' lang='lat' dir='ltr'>istius</span> <span class='ocrx_word' id='word_1_116' title='bbox 243 1587 364 1666; x_wconf 86' lang='lat' dir='ltr'>hospes,</span> <span class='ocrx_word' id='word_1_117' title='bbox 378 1598 408 1647; x_wconf 89' lang='lat' dir='ltr'>et</span> <span class='ocrx_word' id='word_1_118' title='bbox 421 1587 564 1649; x_wconf 80' lang='lat' dir='ltr'>Phaedrus</span> <span class='ocrx_word' id='word_1_119' title='bbox 575 1590 678 1649; x_wconf 85' lang='lat' dir='ltr'>Calliae</span> <span class='ocrx_word' id='word_1_120' title='bbox 694 1589 728 1649; x_wconf 89' lang='lat' dir='ltr'>F.</span> <span class='ocrx_word' id='word_1_121' title='bbox 743 1589 907 1669; x_wconf 87' lang='lat' dir='ltr'>Sphettius.</span> <span class='ocrx_word' id='word_1_122' title='bbox 929 1590 1007 1650; x_wconf 88' lang='lat' dir='ltr'>Cum</span> <span class='ocrx_word' id='word_1_123' title='bbox 1020 1601 1117 1652; x_wconf 88' lang='lat' dir='ltr'>autern</span> <span class='ocrx_word' id='word_1_124' title='bbox 1132 1591 1246 1650; x_wconf 82' lang='lat' dir='ltr'>&#39;limar-</span> 
     </span>
     <span class='ocr_line' id='line_1_15' title="bbox 73 1679 1247 1758; baseline 0.003 -20"><span class='ocrx_word' id='word_1_125' title='bbox 73 1716 75 1721; x_wconf 91' lang='lat'><em>-</em></span> <span class='ocrx_word' id='word_1_126' title='bbox 141 1679 220 1738; x_wconf 86' lang='lat' dir='ltr'>chus</span> <span class='ocrx_word' id='word_1_127' title='bbox 234 1680 429 1758; x_wconf 81' lang='lat' dir='ltr'>promisisset,</span> <span class='ocrx_word' id='word_1_128' title='bbox 446 1699 478 1739; x_wconf 90' lang='lat' dir='ltr'>se</span> <span class='ocrx_word' id='word_1_129' title='bbox 491 1702 550 1741; x_wconf 90' lang='lat' dir='ltr'>una</span> <span class='ocrx_word' id='word_1_130' title='bbox 563 1701 632 1741; x_wconf 89' lang='lat' dir='ltr'>cum</span> <span class='ocrx_word' id='word_1_131' title='bbox 645 1681 680 1740; x_wconf 91' lang='lat' dir='ltr'>iis</span> <span class='ocrx_word' id='word_1_132' title='bbox 697 1683 805 1740; x_wconf 83' lang='lat' dir='ltr'>festum</span> <span class='ocrx_word' id='word_1_133' title='bbox 820 1691 975 1742; x_wconf 86' lang='lat' dir='ltr'>acturum:</span> <span class='ocrx_word' id='word_1_134' title='bbox 993 1683 1038 1742; x_wconf 91' lang='lat' dir='ltr'>illi</span> <span class='ocrx_word' id='word_1_135' title='bbox 1051 1683 1123 1743; x_wconf 88' lang='lat' dir='ltr'>dnm</span> <span class='ocrx_word' id='word_1_136' title='bbox 1140 1683 1247 1743; x_wconf 85' lang='lat' dir='ltr'>ceteris</span> 
     </span>
     <span class='ocr_line' id='line_1_16' title="bbox 137 1761 1268 1853; baseline 0.004 -23"><span class='ocrx_word' id='word_1_137' title='bbox 137 1772 229 1830; x_wconf 86' lang='lat' dir='ltr'>rebus</span> <span class='ocrx_word' id='word_1_138' title='bbox 240 1761 416 1849; x_wconf 85' lang='lat' dir='ltr'>apparandis</span> <span class='ocrx_word' id='word_1_139' title='bbox 431 1783 623 1852; x_wconf 88' lang='lat' dir='ltr'>occupantur,</span> <span class='ocrx_word' id='word_1_140' title='bbox 634 1774 689 1833; x_wconf 87' lang='lat' dir='ltr'>iste</span> <span class='ocrx_word' id='word_1_141' title='bbox 703 1794 764 1833; x_wconf 90' lang='lat' dir='ltr'>non</span> <span class='ocrx_word' id='word_1_142' title='bbox 776 1774 939 1834; x_wconf 87' lang='lat' dir='ltr'>revertitur.</span> <span class='ocrx_word' id='word_1_143' title='bbox 959 1774 1058 1841; x_wconf 88' lang='lat' dir='ltr'>Quam</span> <span class='ocrx_word' id='word_1_144' title='bbox 1073 1794 1133 1833; x_wconf 88' lang='lat' dir='ltr'>rem</span> <span class='ocrx_word' id='word_1_145' title='bbox 1143 1775 1246 1853; x_wconf 89' lang='lat' dir='ltr'>iniquo</span> <span class='ocrx_word' id='word_1_146' title='bbox 1265 1809 1268 1813; x_wconf 92' lang='lat'>·</span> 
     </span>
     <span class='ocr_line' id='line_1_17' title="bbox 136 1861 1244 1944; baseline 0.005 -22"><span class='ocrx_word' id='word_1_147' title='bbox 136 1862 240 1922; x_wconf 79' lang='lat' dir='ltr'>anhno</span> <span class='ocrx_word' id='word_1_148' title='bbox 254 1861 351 1922; x_wconf 83' lang='lat' dir='ltr'>ferens</span> <span class='ocrx_word' id='word_1_149' title='bbox 367 1863 523 1942; x_wconf 83' lang='lat' dir='ltr'>Misgolas,</span> <span class='ocrx_word' id='word_1_150' title='bbox 542 1885 601 1940; x_wconf 85' lang='lat' dir='ltr'>una</span> <span class='ocrx_word' id='word_1_151' title='bbox 623 1885 693 1925; x_wconf 88' lang='lat' dir='ltr'>cum</span> <span class='ocrx_word' id='word_1_152' title='bbox 712 1865 839 1924; x_wconf 80' lang='lat' dir='ltr'>Phaedro</span> <span class='ocrx_word' id='word_1_153' title='bbox 860 1885 929 1924; x_wconf 87' lang='lat' dir='ltr'>eum</span> <span class='ocrx_word' id='word_1_154' title='bbox 950 1866 1085 1943; x_wconf 85' lang='lat' dir='ltr'>inquirit:</span> <span class='ocrx_word' id='word_1_155' title='bbox 1105 1868 1244 1944; x_wconf 79' lang='lat' dir='ltr'>factoque</span> 
     </span>
     <span class='ocr_line' id='line_1_18' title="bbox 137 1954 1243 2038; baseline 0.005 -24"><span class='ocrx_word' id='word_1_156' title='bbox 137 1954 260 2026; x_wconf 90' lang='lat' dir='ltr'>indicio,</span> <span class='ocrx_word' id='word_1_157' title='bbox 274 1955 501 2033; x_wconf 88' lang='lat' dir='ltr'>deprehendunt</span> <span class='ocrx_word' id='word_1_158' title='bbox 515 1958 544 2016; x_wconf 93' lang='lat' dir='ltr'>in</span> <span class='ocrx_word' id='word_1_159' title='bbox 558 1957 675 2017; x_wconf 85' lang='lat' dir='ltr'>aedibus</span> <span class='ocrx_word' id='word_1_160' title='bbox 691 1969 761 2018; x_wconf 86' lang='lat' dir='ltr'>cum</span> <span class='ocrx_word' id='word_1_161' title='bbox 776 1957 943 2035; x_wconf 89' lang='lat' dir='ltr'>hospitibus</span> <span class='ocrx_word' id='word_1_162' title='bbox 958 1956 1134 2035; x_wconf 82' lang='lat' dir='ltr'>&#39;quibusdam</span> <span class='ocrx_word' id='word_1_163' title='bbox 1152 1977 1243 2038; x_wconf 41' lang='lat' dir='ltr'>prens</span> 
     </span>
     <span class='ocr_line' id='line_1_19' title="bbox 101 2035 1243 2134; baseline 0.005 -28"><span class='ocrx_word' id='word_1_164' title='bbox 101 2035 105 2048; x_wconf 78' lang='grc'><strong>’</strong></span> <span class='ocrx_word' id='word_1_165' title='bbox 137 2047 271 2106; x_wconf 87' lang='lat' dir='ltr'>dentem.</span> <span class='ocrx_word' id='word_1_166' title='bbox 305 2048 495 2108; x_wconf 80' lang='lat' dir='ltr'>interminato</span> <span class='ocrx_word' id='word_1_167' title='bbox 510 2060 608 2110; x_wconf 89' lang='lat' dir='ltr'>autem</span> <span class='ocrx_word' id='word_1_168' title='bbox 622 2049 754 2134; x_wconf 86' lang='lat' dir='ltr'>Misgola</span> <span class='ocrx_word' id='word_1_169' title='bbox 765 2064 796 2109; x_wconf 90' lang='lat' dir='ltr'>et</span> <span class='ocrx_word' id='word_1_170' title='bbox 810 2050 940 2110; x_wconf 83' lang='lat' dir='ltr'>Phaedro</span> <span class='ocrx_word' id='word_1_171' title='bbox 951 2050 1128 2129; x_wconf 88' lang='lat' dir='ltr'>hospitibus,</span> <span class='ocrx_word' id='word_1_172' title='bbox 1144 2060 1174 2110; x_wconf 92' lang='lat' dir='ltr'>et</span> <span class='ocrx_word' id='word_1_173' title='bbox 1192 2051 1243 2130; x_wconf 87' lang='lat' dir='ltr'>ju·</span> 
     </span>
     <span class='ocr_line' id='line_1_20' title="bbox 136 2139 1242 2222; baseline 0.004 -23"><span class='ocrx_word' id='word_1_174' title='bbox 136 2141 240 2211; x_wconf 90' lang='lat' dir='ltr'>bente,</span> <span class='ocrx_word' id='word_1_175' title='bbox 256 2140 354 2222; x_wconf 80' lang='lat' dir='ltr'>statim</span> <span class='ocrx_word' id='word_1_176' title='bbox 368 2159 418 2200; x_wconf 90' lang='lat' dir='ltr'>eos</span> <span class='ocrx_word' id='word_1_177' title='bbox 437 2139 587 2200; x_wconf 87' lang='lat' dir='ltr'>ambulare</span> <span class='ocrx_word' id='word_1_178' title='bbox 607 2142 636 2202; x_wconf 90' lang='lat' dir='ltr'>in</span> <span class='ocrx_word' id='word_1_179' title='bbox 657 2161 819 2213; x_wconf 87' lang='lat' dir='ltr'>carcerum,</span> <span class='ocrx_word' id='word_1_180' title='bbox 833 2141 913 2220; x_wconf 84' lang='lat' dir='ltr'>qnod</span> <span class='ocrx_word' id='word_1_181' title='bbox 926 2141 1145 2201; x_wconf 82' lang='lat' dir='ltr'>adolescentem</span> <span class='ocrx_word' id='word_1_182' title='bbox 1158 2143 1242 2222; x_wconf 82' lang='lat' dir='ltr'>inge·</span> 
     </span>
     <span class='ocr_line' id='line_1_21' title="bbox 134 2229 1240 2313; baseline 0.003 -22"><span class='ocrx_word' id='word_1_183' title='bbox 134 2249 232 2291; x_wconf 88' lang='lat' dir='ltr'>nuum</span> <span class='ocrx_word' id='word_1_184' title='bbox 247 2232 460 2310; x_wconf 79' lang='lat' dir='ltr'>corrupissent:</span> <span class='ocrx_word' id='word_1_185' title='bbox 483 2233 615 2312; x_wconf 88' lang='lat' dir='ltr'>hospites</span> <span class='ocrx_word' id='word_1_186' title='bbox 633 2229 788 2313; x_wconf 87' lang='lat' dir='ltr'>perterriti,</span> <span class='ocrx_word' id='word_1_187' title='bbox 806 2236 908 2312; x_wconf 86' lang='lat' dir='ltr'>lugam</span> <span class='ocrx_word' id='word_1_188' title='bbox 923 2233 1118 2312; x_wconf 87' lang='lat' dir='ltr'>arripuerunt,</span> <span class='ocrx_word' id='word_1_189' title='bbox 1130 2234 1240 2294; x_wconf 85' lang='lat' dir='ltr'>relictis</span> 
     </span>
     <span class='ocr_line' id='line_1_22' title="bbox 136 2323 1242 2404; baseline 0.001 -21"><span class='ocrx_word' id='word_1_190' title='bbox 136 2323 246 2402; x_wconf 88' lang='lat' dir='ltr'>epulis.</span> <span class='ocrx_word' id='word_1_191' title='bbox 281 2323 354 2382; x_wconf 85' lang='lat' dir='ltr'>Haec</span> <span class='ocrx_word' id='word_1_192' title='bbox 367 2335 435 2383; x_wconf 85' lang='lat' dir='ltr'>vere</span> <span class='ocrx_word' id='word_1_193' title='bbox 449 2343 467 2382; x_wconf 91' lang='lat' dir='ltr'>a</span> <span class='ocrx_word' id='word_1_194' title='bbox 480 2342 527 2383; x_wconf 88' lang='lat' dir='ltr'>me</span> <span class='ocrx_word' id='word_1_195' title='bbox 541 2325 611 2397; x_wconf 91' lang='lat' dir='ltr'>dici,</span> <span class='ocrx_word' id='word_1_196' title='bbox 626 2329 734 2385; x_wconf 86' lang='lat' dir='ltr'>nerunt</span> <span class='ocrx_word' id='word_1_197' title='bbox 747 2345 860 2396; x_wconf 89' lang='lat' dir='ltr'>omnes,</span> <span class='ocrx_word' id='word_1_198' title='bbox 874 2325 926 2403; x_wconf 83' lang='lat' dir='ltr'>qui</span> <span class='ocrx_word' id='word_1_199' title='bbox 938 2324 974 2384; x_wconf 89' lang='lat' dir='ltr'>iis</span> <span class='ocrx_word' id='word_1_200' title='bbox 986 2324 1167 2404; x_wconf 86' lang='lat' dir='ltr'>temporibus</span> <span class='ocrx_word' id='word_1_201' title='bbox 1180 2325 1242 2384; x_wconf 84' lang='lat' dir='ltr'>Mi-</span> 
     </span>
     <span class='ocr_line' id='line_1_23' title="bbox 134 2414 1239 2496; baseline 0.001 -19"><span class='ocrx_word' id='word_1_202' title='bbox 134 2415 258 2496; x_wconf 67' lang='lat' dir='ltr'>sgo&#39;larn‘</span> <span class='ocrx_word' id='word_1_203' title='bbox 269 2426 301 2475; x_wconf 91' lang='lat' dir='ltr'>et</span> <span class='ocrx_word' id='word_1_204' title='bbox 313 2414 502 2476; x_wconf 78' lang='lat' dir='ltr'>Timarchum</span> <span class='ocrx_word' id='word_1_205' title='bbox 517 2428 678 2477; x_wconf 82' lang='lat' dir='ltr'>noverunt:</span> <span class='ocrx_word' id='word_1_206' title='bbox 700 2417 779 2477; x_wconf 88' lang='lat' dir='ltr'>unde</span> <span class='ocrx_word' id='word_1_207' title='bbox 793 2417 909 2496; x_wconf 87' lang='lat' dir='ltr'>gaudeo</span> <span class='ocrx_word' id='word_1_208' title='bbox 924 2417 994 2477; x_wconf 90' lang='lat' dir='ltr'>mihi</span> <span class='ocrx_word' id='word_1_209' title='bbox 1007 2437 1070 2477; x_wconf 89' lang='lat' dir='ltr'>rem</span> <span class='ocrx_word' id='word_1_210' title='bbox 1087 2436 1154 2477; x_wconf 84' lang='lat' dir='ltr'>esse</span> <span class='ocrx_word' id='word_1_211' title='bbox 1170 2436 1239 2479; x_wconf 87' lang='lat' dir='ltr'>curn</span> 
     </span>
     <span class='ocr_line' id='line_1_24' title="bbox 135 2492 1241 2588; baseline 0 -19"><span class='ocrx_word' id='word_1_212' title='bbox 135 2509 257 2569; x_wconf 89' lang='lat' dir='ltr'>homine</span> <span class='ocrx_word' id='word_1_213' title='bbox 271 2510 353 2569; x_wconf 82' lang='lat' dir='ltr'>vohis</span> <span class='ocrx_word' id='word_1_214' title='bbox 365 2500 425 2568; x_wconf 88' lang='lat' dir='ltr'>non</span> <span class='ocrx_word' id='word_1_215' title='bbox 439 2511 551 2588; x_wconf 91' lang='lat' dir='ltr'>ignoto,</span> <span class='ocrx_word' id='word_1_216' title='bbox 571 2529 665 2588; x_wconf 91' lang='lat' dir='ltr'>neque</span> <span class='ocrx_word' id='word_1_217' title='bbox 679 2529 716 2567; x_wconf 84' lang='lat' dir='ltr'>ex</span> <span class='ocrx_word' id='word_1_218' title='bbox 730 2492 833 2568; x_wconf 73' lang='lat' dir='ltr'>aliare</span> <span class='ocrx_word' id='word_1_219' title='bbox 847 2510 909 2569; x_wconf 89' lang='lat' dir='ltr'>ulla</span> <span class='ocrx_word' id='word_1_220' title='bbox 922 2519 1003 2580; x_wconf 89' lang='lat' dir='ltr'>noto,</span> <span class='ocrx_word' id='word_1_221' title='bbox 1016 2510 1073 2568; x_wconf 89' lang='lat' dir='ltr'>nisi</span> <span class='ocrx_word' id='word_1_222' title='bbox 1087 2529 1124 2569; x_wconf 88' lang='lat' dir='ltr'>ex</span> <span class='ocrx_word' id='word_1_223' title='bbox 1136 2529 1173 2569; x_wconf 89' lang='lat' dir='ltr'>eo</span> <span class='ocrx_word' id='word_1_224' title='bbox 1185 2510 1241 2570; x_wconf 83' lang='lat' dir='ltr'>fla-</span> 
     </span>
     <span class='ocr_line' id='line_1_25' title="bbox 133 2594 1239 2683; baseline 0 -22"><span class='ocrx_word' id='word_1_225' title='bbox 133 2602 328 2683; x_wconf 86' lang='lat' dir='ltr'>gitio,dequo</span> <span class='ocrx_word' id='word_1_226' title='bbox 340 2594 558 2681; x_wconf 80' lang='lat' dir='ltr'>pronunciaturi</span> <span class='ocrx_word' id='word_1_227' title='bbox 569 2602 653 2661; x_wconf 89' lang='lat' dir='ltr'>estis.</span> <span class='ocrx_word' id='word_1_228' title='bbox 674 2601 751 2664; x_wconf 89' lang='lat' dir='ltr'>Nam</span> <span class='ocrx_word' id='word_1_229' title='bbox 762 2601 870 2680; x_wconf 82' lang='lat' dir='ltr'>ignotae</span> <span class='ocrx_word' id='word_1_230' title='bbox 877 2620 925 2661; x_wconf 93' lang='lat' dir='ltr'>res</span> <span class='ocrx_word' id='word_1_231' title='bbox 934 2600 1239 2662; x_wconf 85' lang='lat' dir='ltr'>accusatorisortassis</span> 
     </span>
     <span class='ocr_line' id='line_1_26' title="bbox 134 2694 1239 2776; baseline 0 -23"><span class='ocrx_word' id='word_1_232' title='bbox 134 2694 290 2776; x_wconf 84' lang='lat' dir='ltr'>perspicue</span> <span class='ocrx_word' id='word_1_233' title='bbox 311 2703 381 2753; x_wconf 90' lang='lat' dir='ltr'>sunt</span> <span class='ocrx_word' id='word_1_234' title='bbox 401 2694 657 2753; x_wconf 78' lang='lat' dir='ltr'>demonstrandae:</span> <span class='ocrx_word' id='word_1_235' title='bbox 678 2694 875 2775; x_wconf 81' lang='lat' dir='ltr'>inconfessis</span> <span class='ocrx_word' id='word_1_236' title='bbox 900 2704 998 2769; x_wconf 87' lang='lat' dir='ltr'>antem</span> <span class='ocrx_word' id='word_1_237' title='bbox 1022 2694 1158 2772; x_wconf 87' lang='lat' dir='ltr'>equidem</span> <span class='ocrx_word' id='word_1_238' title='bbox 1178 2714 1239 2753; x_wconf 90' lang='lat' dir='ltr'>non</span> 
     </span>
     <span class='ocr_line' id='line_1_27' title="bbox 135 2784 1239 2872; baseline -0.003 -25"><span class='ocrx_word' id='word_1_239' title='bbox 135 2786 238 2865; x_wconf 86' lang='lat' dir='ltr'>magni</span> <span class='ocrx_word' id='word_1_240' title='bbox 249 2786 344 2872; x_wconf 81' lang='lat' dir='ltr'>operis</span> <span class='ocrx_word' id='word_1_241' title='bbox 356 2804 424 2845; x_wconf 86' lang='lat' dir='ltr'>esse</span> <span class='ocrx_word' id='word_1_242' title='bbox 433 2795 505 2864; x_wconf 87' lang='lat' dir='ltr'>puto</span> <span class='ocrx_word' id='word_1_243' title='bbox 517 2804 669 2845; x_wconf 80' lang='lat' dir='ltr'>accusare.</span> <span class='ocrx_word' id='word_1_244' title='bbox 691 2784 769 2845; x_wconf 88' lang='lat' dir='ltr'>Nam</span> <span class='ocrx_word' id='word_1_245' title='bbox 777 2785 938 2852; x_wconf 75' lang='lat' dir='ltr'>excitanda</span> <span class='ocrx_word' id='word_1_246' title='bbox 948 2786 1092 2845; x_wconf 79' lang='lat' dir='ltr'>duntaxat</span> <span class='ocrx_word' id='word_1_247' title='bbox 1101 2795 1147 2845; x_wconf 86' lang='lat' dir='ltr'>eet</span> <span class='ocrx_word' id='word_1_248' title='bbox 1155 2786 1239 2844; x_wconf 89' lang='lat' dir='ltr'>audi·</span> 
     </span>
    </p>
   </div>
   <div class='ocr_carea' id='block_1_3' title="bbox 133 2876 1390 2956">
    <p class='ocr_par' dir='ltr' id='par_1_4' title="bbox 133 2876 1390 2956">
     <span class='ocr_line' id='line_1_28' title="bbox 133 2876 1390 2956; baseline -0.003 -17"><span class='ocrx_word' id='word_1_249' title='bbox 133 2887 234 2943; x_wconf 79' lang='lat' dir='ltr'>torum</span> <span class='ocrx_word' id='word_1_250' title='bbox 248 2876 397 2937; x_wconf 83' lang='lat' dir='ltr'>memoria.</span> <span class='ocrx_word' id='word_1_251' title='bbox 417 2876 478 2937; x_wconf 88' lang='lat' dir='ltr'>Sed</span> <span class='ocrx_word' id='word_1_252' title='bbox 488 2886 587 2937; x_wconf 87' lang='lat' dir='ltr'>tamen</span> <span class='ocrx_word' id='word_1_253' title='bbox 597 2896 665 2956; x_wconf 82' lang='lat' dir='ltr'>ege,</span> <span class='ocrx_word' id='word_1_254' title='bbox 677 2897 746 2937; x_wconf 90' lang='lat' dir='ltr'>cum</span> <span class='ocrx_word' id='word_1_255' title='bbox 759 2880 797 2938; x_wconf 92' lang='lat' dir='ltr'>de</span> <span class='ocrx_word' id='word_1_256' title='bbox 810 2898 843 2938; x_wconf 89' lang='lat' dir='ltr'>re</span> <span class='ocrx_word' id='word_1_257' title='bbox 853 2878 1111 2955; x_wconf 69' lang='lat' dir='ltr'>constatquando</span> <span class='ocrx_word' id='word_1_258' title='bbox 1119 2878 1149 2935; x_wconf 92' lang='lat' dir='ltr'>in</span> <span class='ocrx_word' id='word_1_259' title='bbox 1162 2897 1238 2955; x_wconf 82' lang='lat' dir='ltr'>prae·</span> <span class='ocrx_word' id='word_1_260' title='bbox 1327 2901 1330 2904; x_wconf 47' lang='lat'>‘</span> <span class='ocrx_word' id='word_1_261' title='bbox 1384 2892 1390 2901; x_wconf 91' lang='lat'><em>·</em></span> 
     </span>
    </p>
   </div>
   <div class='ocr_carea' id='block_1_4' title="bbox 132 2968 1236 3327">
    <p class='ocr_par' dir='ltr' id='par_1_5' title="bbox 132 2968 1236 3327">
     <span class='ocr_line' id='line_1_29' title="bbox 133 2968 1236 3054; baseline -0.004 -23"><span class='ocrx_word' id='word_1_262' title='bbox 133 2972 214 3032; x_wconf 86' lang='lat' dir='ltr'>torio</span> <span class='ocrx_word' id='word_1_263' title='bbox 227 2986 338 3041; x_wconf 85' lang='lat' dir='ltr'>sumus,</span> <span class='ocrx_word' id='word_1_264' title='bbox 352 2968 549 3028; x_wconf 89' lang='lat' dir='ltr'>testimonium</span> <span class='ocrx_word' id='word_1_265' title='bbox 565 2969 702 3047; x_wconf 84' lang='lat' dir='ltr'>Misgolae</span> <span class='ocrx_word' id='word_1_266' title='bbox 715 2970 827 3047; x_wconf 89' lang='lat' dir='ltr'>scripto</span> <span class='ocrx_word' id='word_1_267' title='bbox 838 2970 1034 3054; x_wconf 78' lang='lat' dir='ltr'>denunciari:</span> <span class='ocrx_word' id='word_1_268' title='bbox 1046 2988 1149 3028; x_wconf 84' lang='lat' dir='ltr'>verum</span> <span class='ocrx_word' id='word_1_269' title='bbox 1162 2968 1236 3027; x_wconf 91' lang='lat' dir='ltr'>illud</span> 
     </span>
     <span class='ocr_line' id='line_1_30' title="bbox 134 3051 1236 3144; baseline -0.004 -22"><span class='ocrx_word' id='word_1_270' title='bbox 134 3063 265 3144; x_wconf 90' lang='lat' dir='ltr'>quidem,</span> <span class='ocrx_word' id='word_1_271' title='bbox 286 3081 346 3122; x_wconf 92' lang='lat' dir='ltr'>non</span> <span class='ocrx_word' id='word_1_272' title='bbox 368 3070 466 3121; x_wconf 89' lang='lat' dir='ltr'>tamen</span> <span class='ocrx_word' id='word_1_273' title='bbox 484 3062 609 3139; x_wconf 88' lang='lat' dir='ltr'>incivile,</span> <span class='ocrx_word' id='word_1_274' title='bbox 629 3051 664 3119; x_wconf 83' lang='lat' dir='ltr'>ut</span> <span class='ocrx_word' id='word_1_275' title='bbox 683 3062 752 3121; x_wconf 90' lang='lat' dir='ltr'>milri</span> <span class='ocrx_word' id='word_1_276' title='bbox 772 3062 950 3141; x_wconf 88' lang='lat' dir='ltr'>persuadeo.</span> <span class='ocrx_word' id='word_1_277' title='bbox 982 3061 1059 3119; x_wconf 89' lang='lat' dir='ltr'>Nam</span> <span class='ocrx_word' id='word_1_278' title='bbox 1076 3060 1170 3139; x_wconf 85' lang='lat' dir='ltr'>ipsius</span> <span class='ocrx_word' id='word_1_279' title='bbox 1185 3061 1236 3131; x_wconf 85' lang='lat' dir='ltr'>rei,</span> 
     </span>
     <span class='ocr_line' id='line_1_31' title="bbox 132 3150 1236 3242; baseline -0.005 -26"><span class='ocrx_word' id='word_1_280' title='bbox 132 3175 226 3238; x_wconf 84' lang='lat' dir='ltr'>quarn</span> <span class='ocrx_word' id='word_1_281' title='bbox 239 3173 307 3215; x_wconf 89' lang='lat' dir='ltr'>cum</span> <span class='ocrx_word' id='word_1_282' title='bbox 317 3154 374 3213; x_wconf 90' lang='lat' dir='ltr'>isto</span> <span class='ocrx_word' id='word_1_283' title='bbox 382 3150 518 3232; x_wconf 85' lang='lat' dir='ltr'>patravit,</span> <span class='ocrx_word' id='word_1_284' title='bbox 527 3172 634 3214; x_wconf 88' lang='lat' dir='ltr'>nomeu</span> <span class='ocrx_word' id='word_1_285' title='bbox 644 3174 703 3213; x_wconf 91' lang='lat' dir='ltr'>non</span> <span class='ocrx_word' id='word_1_286' title='bbox 712 3155 849 3225; x_wconf 85' lang='lat' dir='ltr'>inscribo,</span> <span class='ocrx_word' id='word_1_287' title='bbox 860 3171 956 3231; x_wconf 89' lang='lat' dir='ltr'>neque</span> <span class='ocrx_word' id='word_1_288' title='bbox 967 3152 1071 3231; x_wconf 83' lang='lat' dir='ltr'>scripsi</span> <span class='ocrx_word' id='word_1_289' title='bbox 1078 3154 1236 3242; x_wconf 81' lang='lat' dir='ltr'>quicquam</span> 
     </span>
     <span class='ocr_line' id='line_1_32' title="bbox 132 3238 1236 3327; baseline -0.005 -18"><span class='ocrx_word' id='word_1_290' title='bbox 132 3250 229 3320; x_wconf 84' lang='lat' dir='ltr'>aliud,</span> <span class='ocrx_word' id='word_1_291' title='bbox 242 3238 281 3307; x_wconf 83' lang='lat' dir='ltr'>ob</span> <span class='ocrx_word' id='word_1_292' title='bbox 294 3242 475 3327; x_wconf 88' lang='lat' dir='ltr'>quodpoena</span> <span class='ocrx_word' id='word_1_293' title='bbox 484 3244 600 3325; x_wconf 87' lang='lat' dir='ltr'>legibus</span> <span class='ocrx_word' id='word_1_294' title='bbox 610 3261 679 3306; x_wconf 83' lang='lat' dir='ltr'>vera</span> <span class='ocrx_word' id='word_1_295' title='bbox 692 3265 753 3305; x_wconf 92' lang='lat' dir='ltr'>non</span> <span class='ocrx_word' id='word_1_296' title='bbox 762 3246 919 3305; x_wconf 87' lang='lat' dir='ltr'>testificato</span> <span class='ocrx_word' id='word_1_297' title='bbox 929 3245 1087 3323; x_wconf 80' lang='lat' dir='ltr'>infligitur:</span> <span class='ocrx_word' id='word_1_298' title='bbox 1105 3245 1236 3323; x_wconf 78' lang='lat' dir='ltr'>sedquoe</span> 
     </span>
    </p>
   </div>
   <div class='ocr_carea' id='block_1_5' title="bbox 133 3328 1347 3415">
    <p class='ocr_par' dir='ltr' id='par_1_6' title="bbox 133 3328 1347 3415">
     <span class='ocr_line' id='line_1_33' title="bbox 133 3328 1347 3415; baseline -0.007 -13"><span class='ocrx_word' id='word_1_299' title='bbox 133 3354 167 3402; x_wconf 86' lang='lat' dir='ltr'>et</span> <span class='ocrx_word' id='word_1_300' title='bbox 179 3328 263 3401; x_wconf 85' lang='lat' dir='ltr'>vobis</span> <span class='ocrx_word' id='word_1_301' title='bbox 277 3338 417 3398; x_wconf 85' lang='lat' dir='ltr'>audituris</span> <span class='ocrx_word' id='word_1_302' title='bbox 430 3348 510 3411; x_wconf 87' lang='lat' dir='ltr'>nota,</span> <span class='ocrx_word' id='word_1_303' title='bbox 525 3350 556 3398; x_wconf 90' lang='lat' dir='ltr'>et</span> <span class='ocrx_word' id='word_1_304' title='bbox 567 3338 736 3398; x_wconf 86' lang='lat' dir='ltr'>testificanti</span> <span class='ocrx_word' id='word_1_305' title='bbox 750 3349 816 3398; x_wconf 88' lang='lat' dir='ltr'>tuta</span> <span class='ocrx_word' id='word_1_306' title='bbox 829 3348 907 3410; x_wconf 85' lang='lat' dir='ltr'>sunt,</span> <span class='ocrx_word' id='word_1_307' title='bbox 920 3357 960 3397; x_wconf 87' lang='lat' dir='ltr'>ea</span> <span class='ocrx_word' id='word_1_308' title='bbox 971 3336 1087 3415; x_wconf 86' lang='lat' dir='ltr'>scripsi.</span> <span class='ocrx_word' id='word_1_309' title='bbox 1106 3339 1197 3403; x_wconf 78' lang='lat' dir='ltr'>Quod</span> <span class='ocrx_word' id='word_1_310' title='bbox 1210 3342 1236 3399; x_wconf 93' lang='lat' dir='ltr'>si</span> <span class='ocrx_word' id='word_1_311' title='bbox 1340 3384 1347 3393; x_wconf 80' lang='grc'><em>,</em></span> 
     </span>
    </p>
   </div>
   <div class='ocr_carea' id='block_1_6' title="bbox 128 3422 1235 3885">
    <p class='ocr_par' dir='ltr' id='par_1_7' title="bbox 128 3422 1235 3885">
     <span class='ocr_line' id='line_1_34' title="bbox 128 3422 1235 3510; baseline -0.005 -14"><span class='ocrx_word' id='word_1_312' title='bbox 128 3434 215 3496; x_wconf 77' lang='lat' dir='ltr'>volet</span> <span class='ocrx_word' id='word_1_313' title='bbox 226 3431 373 3510; x_wconf 84' lang='lat' dir='ltr'>Misgolas</span> <span class='ocrx_word' id='word_1_314' title='bbox 385 3429 447 3489; x_wconf 85' lang='lat' dir='ltr'>huc</span> <span class='ocrx_word' id='word_1_315' title='bbox 456 3436 628 3509; x_wconf 87' lang='lat' dir='ltr'>progressus</span> <span class='ocrx_word' id='word_1_316' title='bbox 639 3450 739 3490; x_wconf 88' lang='lat' dir='ltr'>verum</span> <span class='ocrx_word' id='word_1_317' title='bbox 753 3430 913 3497; x_wconf 81' lang='lat' dir='ltr'>testificari,</span> <span class='ocrx_word' id='word_1_318' title='bbox 924 3422 1004 3489; x_wconf 82' lang='lat' dir='ltr'>recte</span> <span class='ocrx_word' id='word_1_319' title='bbox 1015 3428 1121 3489; x_wconf 77' lang='lat' dir='ltr'>faciet:</span> <span class='ocrx_word' id='word_1_320' title='bbox 1143 3430 1190 3489; x_wconf 88' lang='lat' dir='ltr'>siu</span> <span class='ocrx_word' id='word_1_321' title='bbox 1202 3450 1235 3491; x_wconf 91' lang='lat' dir='ltr'>se</span> 
     </span>
     <span class='ocr_line' id='line_1_35' title="bbox 131 3522 1235 3603; baseline -0.003 -16"><span class='ocrx_word' id='word_1_322' title='bbox 131 3526 273 3587; x_wconf 85' lang='lat' dir='ltr'>citatione</span> <span class='ocrx_word' id='word_1_323' title='bbox 288 3522 377 3600; x_wconf 85' lang='lat' dir='ltr'>adigi,</span> <span class='ocrx_word' id='word_1_324' title='bbox 389 3538 475 3601; x_wconf 87' lang='lat' dir='ltr'>quam</span> <span class='ocrx_word' id='word_1_325' title='bbox 489 3541 591 3583; x_wconf 86' lang='lat' dir='ltr'>verum</span> <span class='ocrx_word' id='word_1_326' title='bbox 605 3522 732 3601; x_wconf 87' lang='lat' dir='ltr'>profiteri</span> <span class='ocrx_word' id='word_1_327' title='bbox 745 3522 890 3593; x_wconf 82' lang='lat' dir='ltr'>maluerit,</span> <span class='ocrx_word' id='word_1_328' title='bbox 901 3531 966 3581; x_wconf 89' lang='lat' dir='ltr'>tota</span> <span class='ocrx_word' id='word_1_329' title='bbox 974 3542 1020 3581; x_wconf 91' lang='lat' dir='ltr'>res</span> <span class='ocrx_word' id='word_1_330' title='bbox 1031 3522 1062 3579; x_wconf 91' lang='lat' dir='ltr'>irr</span> <span class='ocrx_word' id='word_1_331' title='bbox 1070 3534 1235 3603; x_wconf 87' lang='lat' dir='ltr'>conspectu</span> 
     </span>
     <span class='ocr_line' id='line_1_36' title="bbox 128 3612 1234 3694; baseline -0.004 -14"><span class='ocrx_word' id='word_1_332' title='bbox 128 3620 218 3681; x_wconf 84' lang='lat' dir='ltr'>vobis</span> <span class='ocrx_word' id='word_1_333' title='bbox 230 3617 298 3677; x_wconf 90' lang='lat' dir='ltr'>erit.</span> <span class='ocrx_word' id='word_1_334' title='bbox 331 3612 409 3675; x_wconf 84' lang='lat' dir='ltr'>Nam</span> <span class='ocrx_word' id='word_1_335' title='bbox 430 3616 455 3673; x_wconf 90' lang='lat' dir='ltr'>si</span> <span class='ocrx_word' id='word_1_336' title='bbox 475 3614 501 3673; x_wconf 90' lang='lat' dir='ltr'>is</span> <span class='ocrx_word' id='word_1_337' title='bbox 519 3612 725 3694; x_wconf 67' lang='lat' dir='ltr'>qni&#39;patravit,</span> <span class='ocrx_word' id='word_1_338' title='bbox 738 3614 993 3689; x_wconf 88' lang='lat' dir='ltr'>verecundabitur,</span> <span class='ocrx_word' id='word_1_339' title='bbox 1013 3624 1045 3673; x_wconf 89' lang='lat' dir='ltr'>et</span> <span class='ocrx_word' id='word_1_340' title='bbox 1066 3615 1234 3693; x_wconf 83' lang='lat' dir='ltr'>reipublicoe</span> 
     </span>
     <span class='ocr_line' id='line_1_37' title="bbox 128 3706 1235 3787; baseline -0.001 -17"><span class='ocrx_word' id='word_1_341' title='bbox 128 3710 213 3771; x_wconf 85' lang='lat' dir='ltr'>mille</span> <span class='ocrx_word' id='word_1_342' title='bbox 227 3708 384 3768; x_wconf 87' lang='lat' dir='ltr'>drachmas</span> <span class='ocrx_word' id='word_1_343' title='bbox 396 3706 527 3787; x_wconf 89' lang='lat' dir='ltr'>pendere</span> <span class='ocrx_word' id='word_1_344' title='bbox 541 3708 684 3779; x_wconf 86' lang='lat' dir='ltr'>maluerit,</span> <span class='ocrx_word' id='word_1_345' title='bbox 699 3728 789 3785; x_wconf 89' lang='lat' dir='ltr'>quam</span> <span class='ocrx_word' id='word_1_346' title='bbox 806 3718 968 3767; x_wconf 86' lang='lat' dir='ltr'>vestraora</span> <span class='ocrx_word' id='word_1_347' title='bbox 980 3707 1104 3766; x_wconf 84' lang='lat' dir='ltr'>intueri:</span> <span class='ocrx_word' id='word_1_348' title='bbox 1125 3709 1151 3767; x_wconf 88' lang='lat' dir='ltr'>is</span> <span class='ocrx_word' id='word_1_349' title='bbox 1163 3728 1235 3769; x_wconf 80' lang='lat' dir='ltr'>nero</span> 
     </span>
     <span class='ocr_line' id='line_1_38' title="bbox 128 3798 1234 3885; baseline -0.001 -23"><span class='ocrx_word' id='word_1_350' title='bbox 128 3804 182 3883; x_wconf 90' lang='lat' dir='ltr'>qui</span> <span class='ocrx_word' id='word_1_351' title='bbox 195 3820 300 3881; x_wconf 88' lang='lat' dir='ltr'>passus</span> <span class='ocrx_word' id='word_1_352' title='bbox 315 3810 370 3871; x_wconf 89' lang='lat' dir='ltr'>est,</span> <span class='ocrx_word' id='word_1_353' title='bbox 384 3799 622 3859; x_wconf 86' lang='lat' dir='ltr'>concionabitur:</span> <span class='ocrx_word' id='word_1_354' title='bbox 644 3800 790 3885; x_wconf 87' lang='lat' dir='ltr'>sapienter</span> <span class='ocrx_word' id='word_1_355' title='bbox 802 3798 1045 3877; x_wconf 79' lang='lat' dir='ltr'>lecit&#39;legislator,</span> <span class='ocrx_word' id='word_1_356' title='bbox 1061 3800 1111 3878; x_wconf 92' lang='lat' dir='ltr'>qui</span> <span class='ocrx_word' id='word_1_357' title='bbox 1124 3800 1204 3860; x_wconf 89' lang='lat' dir='ltr'>tales</span> <span class='ocrx_word' id='word_1_358' title='bbox 1213 3821 1234 3861; x_wconf 88' lang='lat' dir='ltr'>a</span> 
     </span>
    </p>
   </div>
   <div class='ocr_carea' id='block_1_7' title="bbox 128 3890 1401 3975">
    <p class='ocr_par' dir='ltr' id='par_1_8' title="bbox 128 3890 1401 3975">
     <span class='ocr_line' id='line_1_39' title="bbox 128 3890 1401 3975; baseline -0.005 -19"><span class='ocrx_word' id='word_1_359' title='bbox 128 3902 279 3973; x_wconf 88' lang='lat' dir='ltr'>suggestu</span> <span class='ocrx_word' id='word_1_360' title='bbox 292 3890 452 3972; x_wconf 57' lang='lat' dir='ltr'>repulerit*</span> <span class='ocrx_word' id='word_1_361' title='bbox 470 3890 523 3949; x_wconf 86' lang='lat' dir='ltr'>Sin</span> <span class='ocrx_word' id='word_1_362' title='bbox 537 3910 602 3949; x_wconf 89' lang='lat' dir='ltr'>sese</span> <span class='ocrx_word' id='word_1_363' title='bbox 617 3891 731 3962; x_wconf 89' lang='lat' dir='ltr'>stiterit,</span> <span class='ocrx_word' id='word_1_364' title='bbox 745 3901 887 3949; x_wconf 86' lang='lat' dir='ltr'>ettamen</span> <span class='ocrx_word' id='word_1_365' title='bbox 900 3890 1014 3949; x_wconf 89' lang='lat' dir='ltr'>adrem</span> <span class='ocrx_word' id='word_1_366' title='bbox 1033 3891 1165 3951; x_wconf 91' lang='lat' dir='ltr'>omnium</span> <span class='ocrx_word' id='word_1_367' title='bbox 1178 3894 1232 3951; x_wconf 90' lang='lat' dir='ltr'>im·</span> <span class='ocrx_word' id='word_1_368' title='bbox 1274 3935 1275 3940; x_wconf 18' lang='grc' dir='ltr'><strong>κ</strong></span> <span class='ocrx_word' id='word_1_369' title='bbox 1337 3938 1341 3944; x_wconf 70' lang='lat'><em>,</em></span> <span class='ocrx_word' id='word_1_370' title='bbox 1378 3916 1401 3975; x_wconf 74' lang='grc' dir='ltr'><em> </em></span> 
     </span>
    </p>
   </div>
   <div class='ocr_carea' id='block_1_8' title="bbox 123 3982 1310 4527">
    <p class='ocr_par' dir='ltr' id='par_1_9' title="bbox 124 3982 1310 4155">
     <span class='ocr_line' id='line_1_40' title="bbox 129 3982 1310 4069; baseline -0.003 -23"><span class='ocrx_word' id='word_1_371' title='bbox 129 3984 374 4069; x_wconf 78' lang='lat' dir='ltr'>pudentissimum</span> <span class='ocrx_word' id='word_1_372' title='bbox 398 3982 583 4052; x_wconf 85' lang='lat' dir='ltr'>converterit,</span> <span class='ocrx_word' id='word_1_373' title='bbox 604 3983 642 4041; x_wconf 85' lang='lat' dir='ltr'>ad</span> <span class='ocrx_word' id='word_1_374' title='bbox 656 3982 829 4062; x_wconf 82' lang='lat' dir='ltr'>ejurandurri</span> <span class='ocrx_word' id='word_1_375' title='bbox 845 3983 1008 4056; x_wconf 87' lang='lat' dir='ltr'>veritatem,</span> <span class='ocrx_word' id='word_1_376' title='bbox 1020 3993 1054 4042; x_wconf 93' lang='lat' dir='ltr'>ut</span> <span class='ocrx_word' id='word_1_377' title='bbox 1068 3984 1119 4062; x_wconf 93' lang='lat' dir='ltr'>qui</span> <span class='ocrx_word' id='word_1_378' title='bbox 1133 3995 1163 4043; x_wconf 89' lang='lat' dir='ltr'>et</span> <span class='ocrx_word' id='word_1_379' title='bbox 1176 3983 1233 4042; x_wconf 78' lang='grc' dir='ltr'>,Τί-</span> <span class='ocrx_word' id='word_1_380' title='bbox 1300 3982 1310 3999; x_wconf 81' lang='grc'><em>“</em></span> 
     </span>
     <span class='ocr_line' id='line_1_41' title="bbox 124 4074 1269 4155; baseline -0.007 -14"><span class='ocrx_word' id='word_1_381' title='bbox 124 4077 253 4141; x_wconf 82' lang='lat' dir='ltr'>marcho</span> <span class='ocrx_word' id='word_1_382' title='bbox 266 4076 387 4155; x_wconf 85' lang='lat' dir='ltr'>gratiam</span> <span class='ocrx_word' id='word_1_383' title='bbox 397 4074 516 4146; x_wconf 84' lang='lat' dir='ltr'>referat,</span> <span class='ocrx_word' id='word_1_384' title='bbox 528 4084 559 4133; x_wconf 91' lang='lat' dir='ltr'>et</span> <span class='ocrx_word' id='word_1_385' title='bbox 572 4074 652 4153; x_wconf 87' lang='lat' dir='ltr'>apud</span> <span class='ocrx_word' id='word_1_386' title='bbox 665 4075 739 4135; x_wconf 86' lang='lat' dir='ltr'>alios</span> <span class='ocrx_word' id='word_1_387' title='bbox 752 4077 885 4135; x_wconf 88' lang='lat' dir='ltr'>ostentet</span> <span class='ocrx_word' id='word_1_388' title='bbox 895 4094 983 4154; x_wconf 89' lang='lat' dir='ltr'>quam</span> <span class='ocrx_word' id='word_1_389' title='bbox 998 4075 1117 4147; x_wconf 83' lang='lat' dir='ltr'>solerter</span> <span class='ocrx_word' id='word_1_390' title='bbox 1129 4076 1233 4153; x_wconf 84' lang='lat' dir='ltr'>hujus·</span> <span class='ocrx_word' id='word_1_391' title='bbox 1267 4090 1269 4093; x_wconf 54' lang='lat'><strong>⁴</strong></span> 
     </span>
    </p>

    <p class='ocr_par' dir='ltr' id='par_1_10' title="bbox 123 4168 1234 4527">
     <span class='ocr_line' id='line_1_42' title="bbox 125 4168 1232 4248; baseline -0.004 -16"><span class='ocrx_word' id='word_1_392' title='bbox 125 4172 213 4232; x_wconf 77' lang='lat' dir='ltr'>mo&#39;di</span> <span class='ocrx_word' id='word_1_393' title='bbox 230 4170 362 4229; x_wconf 83' lang='lat' dir='ltr'>facinora</span> <span class='ocrx_word' id='word_1_394' title='bbox 374 4168 531 4247; x_wconf 85' lang='lat' dir='ltr'>contegere</span> <span class='ocrx_word' id='word_1_395' title='bbox 545 4170 658 4247; x_wconf 84' lang='lat' dir='ltr'>possit:</span> <span class='ocrx_word' id='word_1_396' title='bbox 679 4170 805 4247; x_wconf 89' lang='lat' dir='ltr'>primum</span> <span class='ocrx_word' id='word_1_397' title='bbox 818 4169 944 4248; x_wconf 86' lang='lat' dir='ltr'>perjurio</span> <span class='ocrx_word' id='word_1_398' title='bbox 956 4189 1030 4248; x_wconf 86' lang='lat' dir='ltr'>erga</span> <span class='ocrx_word' id='word_1_399' title='bbox 1042 4170 1232 4246; x_wconf 85' lang='lat' dir='ltr'>semetipsum</span> 
     </span>
     <span class='ocr_line' id='line_1_43' title="bbox 126 4248 1233 4342; baseline -0.003 -18"><span class='ocrx_word' id='word_1_400' title='bbox 126 4248 295 4342; x_wconf 89' lang='lat' dir='ltr'>delinquet,</span> <span class='ocrx_word' id='word_1_401' title='bbox 308 4261 415 4321; x_wconf 90' lang='lat' dir='ltr'>deinde</span> <span class='ocrx_word' id='word_1_402' title='bbox 429 4260 500 4320; x_wconf 91' lang='lat' dir='ltr'>nihil</span> <span class='ocrx_word' id='word_1_403' title='bbox 514 4281 549 4319; x_wconf 90' lang='lat' dir='ltr'>ea</span> <span class='ocrx_word' id='word_1_404' title='bbox 558 4277 589 4320; x_wconf 89' lang='lat' dir='ltr'>re</span> <span class='ocrx_word' id='word_1_405' title='bbox 603 4260 745 4340; x_wconf 85' lang='lat' dir='ltr'>proficiet.</span> <span class='ocrx_word' id='word_1_406' title='bbox 775 4261 853 4321; x_wconf 80' lang='lat' dir='ltr'>Nam</span> <span class='ocrx_word' id='word_1_407' title='bbox 866 4260 948 4321; x_wconf 91' lang='lat' dir='ltr'>aliud</span> <span class='ocrx_word' id='word_1_408' title='bbox 960 4279 1017 4339; x_wconf 85' lang='lat' dir='ltr'>ego</span> <span class='ocrx_word' id='word_1_409' title='bbox 1030 4260 1139 4319; x_wconf 87' lang='lat' dir='ltr'>dictavi</span> <span class='ocrx_word' id='word_1_410' title='bbox 1149 4262 1233 4321; x_wconf 89' lang='lat' dir='ltr'>testi·</span> 
     </span>
     <span class='ocr_line' id='line_1_44' title="bbox 123 4351 1232 4433; baseline -0.002 -17"><span class='ocrx_word' id='word_1_411' title='bbox 123 4354 273 4428; x_wconf 79' lang='lat' dir='ltr'>monium,</span> <span class='ocrx_word' id='word_1_412' title='bbox 286 4354 322 4413; x_wconf 84' lang='lat' dir='ltr'>iis</span> <span class='ocrx_word' id='word_1_413' title='bbox 340 4353 391 4433; x_wconf 90' lang='lat' dir='ltr'>qui</span> <span class='ocrx_word' id='word_1_414' title='bbox 412 4353 508 4411; x_wconf 90' lang='lat' dir='ltr'>sciunt</span> <span class='ocrx_word' id='word_1_415' title='bbox 528 4352 714 4411; x_wconf 82' lang='lat' dir='ltr'>&#39;lirnarcbum</span> <span class='ocrx_word' id='word_1_416' title='bbox 734 4351 992 4433; x_wconf 81' lang='lat' dir='ltr'>relictispaternis</span> <span class='ocrx_word' id='word_1_417' title='bbox 1012 4351 1131 4411; x_wconf 48' lang='lat' dir='ltr'>*adibus</span> <span class='ocrx_word' id='word_1_418' title='bbox 1151 4354 1232 4433; x_wconf 89' lang='lat' dir='ltr'>apud</span> 
     </span>
     <span class='ocr_line' id='line_1_45' title="bbox 123 4444 1234 4527; baseline 0.001 -21"><span class='ocrx_word' id='word_1_419' title='bbox 123 4445 294 4524; x_wconf 75' lang='lat' dir='ltr'>Misgolan</span> <span class='ocrx_word' id='word_1_420' title='bbox 308 4445 468 4508; x_wconf 87' lang='lat' dir='ltr'>habitasse.</span> <span class='ocrx_word' id='word_1_421' title='bbox 480 4446 543 4504; x_wconf 77' lang='lat' dir='ltr'>‘Ae</span> <span class='ocrx_word' id='word_1_422' title='bbox 552 4444 637 4505; x_wconf 88' lang='lat' dir='ltr'>rideo</span> <span class='ocrx_word' id='word_1_423' title='bbox 649 4444 798 4527; x_wconf 81' lang='lat' dir='ltr'>prolecto,</span> <span class='ocrx_word' id='word_1_424' title='bbox 815 4444 1038 4524; x_wconf 80' lang='lat' dir='ltr'>quamarduarn</span> <span class='ocrx_word' id='word_1_425' title='bbox 1050 4461 1234 4525; x_wconf 83' lang='lat' dir='ltr'>remaggre·</span> 
     </span>
    </p>
   </div>
   <div class='ocr_carea' id='block_1_9' title="bbox 0 0 1488 4950">
    <p class='ocr_par' dir='ltr' id='par_1_11' title="bbox 0 0 1488 4950">
     <span class='ocr_line' id='line_1_46' title="bbox 0 0 1488 4950; baseline 0 6"><span class='ocrx_word' id='word_1_426' title='bbox 0 0 1488 4950; x_wconf 95' lang='lat' dir='ltr'> </span> 
     </span>
    </p>
   </div>
  </div>
 </body>
</html>
