2967 4950
637 323 859 398 trrsronln.
888 408 891 417 J
953 381 956 389 t
1240 327 1296 386 rar

195 509 260 569 eos,
277 499 348 576 quid
363 499 391 557 in
411 482 603 562 Obaeronensi
616 481 718 582 pugna
734 467 800 563 urbi
814 501 1035 563 Atheniensium
1049 495 1199 578 profuerit,
1217 493 1299 576 quod
1354 583 1357 586 ῃ

196 589 280 649 Mars
293 609 376 650 suam
389 613 509 653 causam
523 609 590 656 cum
605 590 767 676 Neptuno'
759 613 790 654 ιιι
805 597 963 674 Areopago
978 587 1174 671 disceptarit?
1195 587 1298 646 Enim-

42 686 46 691 '
138 690 141 695 '
194 700 266 742 vero
276 683 349 745 ιιΙιιιι
365 687 609 748 considerandum
624 698 680 762 est,
695 708 735 751 an
748 689 786 748 ad
800 688 900 770 praelro
909 684 1119 748 decertandum
1135 701 1201 742 cum
1212 680 1299 746 Anti·

195 783 290 852 patro,
296 778 530 855 autquovisalio
540 780 739 839 Macedonum
749 799 829 860 rege,
833 780 929 859 justas
940 777 1193 842 viresltabeemus.
1208 771 1298 838 Quod

197 867 222 926 si
235 868 301 940 erit,
314 869 370 930 diis
385 873 624 956 approbantibus,
639 872 763 952 sumptis
777 872 876 945 armis,
890 862 1032 931 Graeccs
1024 890 1054 930 m
1067 861 1231 933 libertatem
1250 860 1297 924 as·

89 1028 96 1042 x
198 954 340 1021 seramus
367 962 419 1021 Sin
433 963 491 1048 bJoe
508 963 627 1042 quidem
645 961 1128 1070 neglexerimus,assentationibus
1141 957 1239 1018 autem
1252 957 1297 1016 in

194 1051 291 1126 ducti,
302 1055 434 1134 superati
446 1055 597 1129 fuerimus,
612 1077 662 1136 qur
654 1056 739 1117 fieri
752 1058 868 1138 poterit,
881 1066 915 1116 ιιι
927 1057 958 1114 in
970 1041 1170 1116 calamitatem
1184 1049 1243 1110 non
1254 1049 1296 1108 in·
1380 1096 1382 1104 ,

186 1143 351 1214 cidamum
373 1157 569 1228 praeterquam
578 1150 667 1256 quod
679 1149 852 1230 nosmetipsi
871 1149 902 1207 in
915 1147 995 1207 mala
1008 1146 1172 1226 conJecisse
1185 1142 1297 1202 ridebi-

194 1254 274 1312 mur,
288 1257 355 1319 quae
368 1240 432 1300 sola
442 1259 493 1303 res
500 1241 532 1300 in
546 1242 670 1302 miseriis
683 1242 796 1304 nnllam
807 1240 1039 1303 consolationem
1051 1236 1163 1298 habeti
1179 1235 1297 1326 Estau·

198 1341 301 1391 temet
318 1333 485 1413 reipublice
499 1343 530 1393 et
550 1334 601 1394 viri
614 1334 755 1413 sapientis
768 1335 908 1405 officium,
928 1334 966 1394 de
981 1342 1060 1392 stetu
1073 1347 1170 1390 rerum
1183 1345 1237 1407 pro
1250 1345 1300 1385 ra·

199 1423 279 1484 tione
290 1424 396 1486 horum
408 1436 573 1506 temporum
585 1425 765 1487 deliberaret
788 1427 941 1487 audaciam
955 1446 1033 1500 vero,
1046 1424 1090 1485 ad
1099 1443 1146 1483 res
1159 1437 1240 1498 quas
1247 1437 1299 1496 ge·
1355 1430 1358 1434 ’

199 1515 305 1575 rendas
319 1519 472 1598 suscipias,
485 1539 522 1578 ex
535 1520 626 1580 veteri
633 1519 766 1599 potentia
778 1520 942 1624 concipere,
954 1538 1013 1598 qua
1022 1517 1091 1578 olim
1105 1531 1214 1592 magna
1223 1528 1298 1590 prm
1323 1510 1331 1518 ’

198 1606 279 1666 ditus
288 1608 389 1681 fueris,
405 1611 436 1670 ιιι
443 1611 566 1690 perinde
578 1631 645 1672 esse
655 1612 778 1681 videtur,
787 1631 823 1672 ac
838 1611 863 1670 si
877 1611 942 1689 quis
953 1627 1031 1688 smpe
1040 1607 1185 1688 Olympiae
1194 1605 1297 1674 uictor,

198 1701 539 1780 postubieonsenuerit,
554 1697 1298 1782 adbucnomensuurnprofiteatur,etncribesero·

199 1802 249 1852 oet
249 1811 377 1874 eosque
386 1796 509 1868 roborts
518 1817 579 1856 non
587 1797 685 1876 quod
672 1812 735 1876 Jam
747 1796 846 1868 habet,
857 1796 911 1856 sed
922 1797 1000 1876 quod
1010 1795 1079 1855 olim
1090 1791 1205 1863 habuit,
1218 1807 1299 1849 com·

199 1887 386 1946 monefaciat.
411 1887 467 1947 Est
479 1889 567 1948 etiem
581 1889 912 1966 consideratu-dignum,
924 1886 1087 1968 cujusmodi
1098 1903 1134 1944 en
1148 1883 1223 1968 sint,
1232 1901 1300 1959 quae

201 1977 292 2035 abeis
306 1977 364 2037 dici
379 1979 481 2052 audio,
492 1999 581 2058 quam
595 1998 672 2040 nova
686 1991 717 2040 et
729 1976 889 2046 mirabilia:
911 1981 981 2039 dum
991 1997 1045 2038 nos
1059 1973 1220 2038 concordes
1234 1991 1301 2032 esse

195 2068 314 2146 jubent,
327 2080 465 2149 tunquam
485 2070 516 2130 id
540 2091 680 2151 magnum
699 2074 790 2132 rebus
812 2073 948 2178 gerendis
964 2070 1069 2132 efferat
1086 2069 1300 2170 adjumentum.

200 2162 294 2227 Quasi
305 2183 437 2224 rerovos
450 2164 602 2263 ignoretis,
615 2165 647 2224 id
661 2165 779 2243 quidem
794 2165 885 2226 cuivis
900 2164 1001 2224 urbi'
976 2183 1040 2224 srva
1052 2161 1161 2222 bellurn
1176 2157 1300 2238 gerenti,

201 2253 493 2335 sirepacemagenti,
504 2243 733 2336 esseoptimum,
740 2257 920 2318 illudentem
930 2258 1016 2317 nobis
1024 2253 1216 2338 spectandum
1225 2269 1302 2320 esse

194 2366 261 2406 ‘non
273 2367 313 2407 an
328 2342 437 2408 bellum
455 2350 633 2428 suscepturis
648 2349 807 2410 concordia
829 2351 866 2410 sit
879 2350 1117 2410 ineunda-narn
1138 2343 1299 2406 concordes
1412 2371 1419 2382 ,

193 2457 266 2510 'esse
280 2459 345 2515 nos,
359 2441 422 2501 sivo
435 2441 545 2501 bellum
559 2451 707 2521 gerentes,
720 2461 781 2504 sive
789 2443 985 2523 quiescentes,
999 2441 1135 2503 omnibus
1150 2437 1187 2497 de
1201 2436 1299 2498 causis

118 2558 122 2564 ’
202 2535 433 2614 oportet-,sed
444 2552 482 2594 an
487 2535 585 2614 justas
599 2536 675 2595 vires
688 2536 861 2611 babeamus,
873 2538 898 2599 ιι
910 2547 941 2596 et
950 2536 1059 2597 bellum
1074 2548 1178 2613 gerere
1186 2540 1216 2591 et
1229 2548 1299 2590 con·

201 2626 307 2686 cordes
319 2646 384 2687 esse
395 2628 587 2698 voluerimus,
597 2639 632 2687 nt
643 2628 753 2687 seimus
768 2648 879 2689 omnes.
888 2629 1007 2697 ,Quoad
1022 2620 1118 2688 antem
1130 2646 1191 2687 non
1199 2626 1299 2701 osten·
1350 2642 1357 2649 ·

201 2718 308 2791 derint,
320 2738 376 2779 nec
391 2735 465 2799 quos
477 2714 589 2780 bellum
603 2721 715 2799 gesturi
728 2722 877 2782 exercitus
893 2716 1019 2782 babituri
1028 2720 1130 2793 simus,
1141 2738 1197 2781 nec
1210 2734 1300 2797 quarn

133 2845 139 2850 ,
200 2810 335 2890 pecunie
351 2813 475 2893 copiam,
491 2814 544 2873 sed
559 2813 722 2874 Minervam
734 2815 806 2875 belli
819 2817 923 2876 vadem
939 2815 1023 2876 nobis
1039 2814 1184 2885 dederint,
1201 2810 1301 2871 statim

202 2918 255 2961 eos
264 2903 335 2961 nibil
346 2906 384 2962 ab
394 2904 504 2964 insanis
517 2904 632 2965 differre
646 2905 883 2966 existimabimus.
905 2908 953 2967 Ac
963 2905 1183 2984 illum'quidem,
1192 2912 1229 2962 ιιι
1238 2922 1300 2963 rne-¹

202 2995 331 3068 rebatur,
344 2994 575 3055 bomonimirum
589 2990 694 3058 mentis
709 3016 805 3057 errore
820 2998 953 3069 affectus,
963 2998 1029 3077 jura
1043 2996 1241 3077 repudiastis:
1252 2994 1302 3054 isti

202 3098 302 3147 antem
321 3089 451 3148 contenti
464 3106 531 3149 esse
545 3090 666 3165 debent,
681 3092 709 3151 si·
718 3091 790 3151 nihil
807 3092 880 3152 mali
893 3090 1051 3171 patiantur,
1067 3090 1139 3155 dum
1159 3087 1302 3149 absurdus

203 3180 374 3258 excogitant-
395 3181 561 3255 orationes,
577 3193 608 3242 et
629 3204 666 3243 ne
680 3183 818 3263 reliquias
832 3183 948 3263 quidem
964 3182 1044 3262 ullas
1055 3182 1135 3243 v'obis
1150 3199 1302 3263 superesse
1378 3257 1381 3266 Ι

200 3275 315 3345 sinunt,
328 3273 381 3331 sed
393 3274 448 3333 has
459 3276 546 3333 etiam
566 3275 602 3335 ιιι
615 3276 757 3348 invident,
770 3277 822 3355 qui
835 3278 920 3356 fungi
932 3276 1029 3336 officio
1044 3275 1183 3355 eupiuntt
1204 3274 1302 3335 donec

201 3365 412 3431 Thebanorum
427 3368 559 3445 exemplo
572 3369 722 3448 republica
731 3368 945 3440 administrata,
959 3369 1109 3446 regionem
1122 3376 1251 3427 nostram
1271 3368 1303 3429 ln

201 3458 302 3519 ovium
314 3474 426 3537 pascus
437 3461 578 3543 converti,
592 3463 696 3518 urbem
708 3460 801 3520 everti
818 3459 977 3539 coegerint.
1002 3456 1067 3519 Nec
1081 3459 1157 3518 enim
1171 3477 1208 3520 eo
1221 3460 1302 3538 quod
1406 3449 1410 3457 “

203 3568 250 3622 res
263 3548 339 3609 male
353 3569 387 3610 se
401 3551 521 3622 babent,
536 3550 749 3629 providendum
763 3571 822 3611 non
832 3560 887 3625 est,
896 3563 937 3613 ιιι·
946 3552 1106 3613 deteriores
1119 3552 1208 3631 etiarn
1218 3552 1301 3615 tant

297 3757 299 3761 ’
324 3767 396 3828 Xll.
430 3768 613 3831 SENATUI
634 3758 887 3835 POPULOQUE
908 3766 1173 3829 ATHENIENSI.
1256 3774 1258 3781 “

238 3914 573 3993 Egoadrempublicam
582 3914 704 3987 accessi,
714 3931 809 3973 annos
819 3922 878 3979 tres
889 3920 921 3971 et
931 3910 1049 3990 triginta
1058 3921 1156 3981 natus,
1165 3927 1232 3973 eum
1242 3927 1302 3974 mes

203 4006 399 4067 herculenon
413 4007 514 4067 tertius
528 4008 650 4067 actitare
669 4020 768 4087 partes
783 4004 963 4076 didicissem,
978 4016 1011 4079 ut
1024 4000 1304 4069 Demosthenet‘di·

204 4100 304 4172 cebet,
322 4099 376 4159 sed
395 4098 469 4159 illud
490 4099 685 4179 comperietis,
699 4118 746 4158 me
760 4108 790 4159 et
811 4097 968 4177 scribendi
970 4095 1136 4167 liberaliter,
1150 4105 1181 4154 et
1194 4092 1305 4159 medio·

202 4192 262 4253 cris
273 4192 435 4265 doctrinm,
441 4201 472 4253 et
481 4192 627 4273 aJusmodr
637 4193 802 4252 orationum
812 4190 956 4251 rationem
963 4186 1111 4257 habuisse,
1120 4205 1194 4264 quas
1203 4185 1305 4253 baben

204 4284 330 4346 Athenis
347 4285 476 4346 deceret
506 4285 605 4366 Atque
619 4304 670 4346 aas
688 4304 749 4345 non
768 4282 807 4351 sd
823 4271 1001 4363 calumniam
1019 4278 1190 4352 contulisse,
1206 4297 1305 4359 neque

204 4378 297 4439 ulli
271 4379 377 4439 arrium
379 4389 520 4459 ,accepta
530 4379 667 4459 pecnnia,
680 4356 1088 4459 periculumcreesse,neque
1101 4372 1209 4455 etiem
1200 4376 1305 4441 contu

205 4470 309 4534 melias
321 4469 502 4545 uendidisse,
517 4471 571 4533 sed
585 4490 702 4552 prorsus
716 4469 899 4532 contumeliis
915 4486 974 4531 non
989 4448 1126 4551 affectum
1139 4463 1245 4535 luisse,
1254 4482 1309 4534 nes
