2967 4950
246 314 285 370 74
583 309 629 369 IN
650 305 988 371 CTESIPHONTEM.

194 447 206 456 ⁵
244 464 316 524 dum
328 463 400 544 legis
417 445 588 543 aequitatem
602 463 724 525 ferenda
737 461 883 523 sententia
904 471 960 534 est,
976 480 1034 522 non
1049 458 1175 520 dicentis
1189 456 1340 538 impuden·

236 558 327 616 tiam.
896 559 899 569 ’
1159 575 1163 586 ’
1253 601 1256 606 .
1305 574 1309 578 ·

243 689 248 696 -
287 651 316 707 9.
337 649 408 708 Jam
429 649 468 708 de
481 648 540 720 illa,
554 667 644 727 quam
659 619 880 708 Demodthenes
899 645 1157 730 inexpugnabilem
1169 644 1219 716 ait,
1235 644 1344 704 ratione

247 760 342 819 pauca
355 742 539 820 praemittam.
562 740 738 800 Dicetenim
753 740 821 813 iste,
836 759 907 819 ego
926 739 1035 798 muris
1055 737 1272 814 reficiendis
1290 756 1345 796 ou·

245 844 346 892 rator
382 854 470 906 sum,
497 835 625 902 fateor,
650 832 715 891 sed
748 833 865 892 minas
901 842 1043 892 centum
1080 829 1241 908 largitus
1269 831 1345 887 s'um

246 925 401 998 civitati,
425 935 534 1004 atque
560 918 651 1003 opus
676 924 760 983 inde
797 924 952 1002 amplius
980 923 1093 982 multo
1117 919 1236 980 effeci.
1256 945 1258 950 ¹
1278 922 1344 980 Cu-

243 1021 301 1092 jus
324 1018 438 1094 igitur
462 1018 514 1077 rei
534 1016 621 1075 mihi
644 1016 739 1074 ratio
764 1016 962 1078 referenda
990 1014 1155 1088 est,›nisi
1183 1014 1285 1072 sorte
1313 1025 1348 1074 et

248 1112 518 1171 benevolentiae
552 1112 600 1170 sit
640 1110 899 1188 ratio‘aliqua
935 1105 1151 1168 referenda?
1195 1105 1347 1165 Adversus

225 1223 316 1268 ‚eum
346 1213 443 1263 autem
470 1212 644 1282 praetextum
665 1185 765 1261 addite
792 1201 971 1279 mepaucis,
1001 1209 1090 1278 quarn
1110 1217 1198 1278 aequa
1217 1208 1249 1256 et
1268 1197 1349 1257 vobis

208 1339 214 1348 .
248 1296 331 1356 utilia
351 1295 406 1354 sim
424 1295 570 1355 dicturus.
595 1284 639 1352 ‘ln
660 1297 718 1354 hac
738 1294 816 1354 euim
837 1303 921 1353 tanta
933 1299 970 1351 'et
991 1301 1056 1356 tam
1072 1292 1175 1350 veteri·
1188 1291 1348 1370 republica,

247 1407 335 1448 nemo
350 1397 396 1447 est
410 1407 509 1446 eorum
523 1387 574 1464 qui
592 1386 631 1445 ad
645 1406 737 1464 remp.
757 1385 1022 1465 quomodocunque
1042 1383 1223 1443 accesserint
1241 1384 1291 1462 qui
1305 1404 1349 1442 re·

247 1479 432 1539 ferendarum
445 1479 591 1538 rationum
597 1477 710 1555 judicio
723 1478 761 1537 sit
775 1478 898 1537 solutus.
923 1477 1017 1556 quue
1027 1467 1079 1536 ros
1094 1475 1128 1534 iis
1143 1475 1278 1536 edocebo
1291 1477 1348 1554 pri·

243 1561 405 1649 -murn'quae
419 1571 564 1656 plerisque
582 1570 656 1630 mira
679 1571 845 1652 rideantur.
882 1568 1057 1649 Cujusm'odi
1078 1577 1133 1638 est,
1148 1567 1228 1645 quod
1246 1568 1348 1628 Sacer·

247 1664 334 1724 dotes
347 1682 443 1722 mares
456 1663 639 1740 feminasque
659 1662 708 1721 lex
721 1663 883 1724 rationibus
900 1660 1060 1720 reddendis
1074 1655 1202 1738 subjicit,
1216 1670 1247 1720 et
1261 1680 1348 1738 geue-

247 1757 338 1833 ratim·
354 1775 456 1815 omnes
470 1764 501 1814 et
513 1747 749 1832 unumquemque
763 1754 922 1833 sigillatim,
942 1755 992 1832 qui
1005 1754 1151 1813 duntaxat
1163 1754 1349 1822 honorarium

247 1846 368 1924 aliquod
381 1845 531 1925 accipiunt
543 1857 575 1906 et
586 1856 655 1906 vota
663 1847 716 1927 pro
729 1848 814 1906 vobis
825 1845 881 1932 diis
890 1845 1019 1905 faciunt:
1041 1847 1131 1924 idque
1145 1865 1204 1904 non
1214 1847 1349 1925 privatim

242 1952 371 2011 tantum,
384 1941 437 2000 sed
450 1941 642 2007 communiter
655 1941 744 2000 etiam
757 1949 835 2000 totas
846 1939 982 2013 familias,
995 1938 1196 2020 Eumolpidas,
1211 1941 1350 2022 Cery'cas,

232 2066 233 2071 κ
246 2041 280 2093 et
292 2034 420 2112 reliquos
433 2052 545 2093 omnes.
567 2033 684 2092 Rursus
697 2033 885 2092 Trierarchos
900 2033 1040 2092 rationem
1056 2032 1178 2092 reddere
1196 2033 1247 2092 lex
1257 2034 1351 2113 jubet,

247 2127 298 2206 qui
312 2145 408 2205 neque
428 2125 549 2204 publica
560 2132 733 2197 tractarunt,
748 2143 845 2202 neque
861 2144 878 2183 e
900 2124 1093 2202 vectigalibus
1107 2125 1212 2186 vestris
1226 2126 1351 2186 multum

189 2221 193 2229 '
249 2218 392 2289 suffurati,
416 2207 553 2296 exiguum
579 2237 650 2278 vero
677 2217 820 2296 quiddam
841 2225 1041 2289 numerantes,
1060 2217 1160 2296 largiri
1181 2237 1226 2276 se·
1239 2219 1278 2277 de
1298 2237 1350 2278 suo

142 2366 149 2380 ,
243 2309 363 2382 dicunt,
374 2328 442 2390 cum
455 2319 554 2371 restra
566 2311 648 2370 vobis
662 2310 831 2382 restituunt,
845 2309 898 2370 sed
911 2309 962 2390 qui
976 2309 1050 2369 citra
1061 2311 1291 2371 controversiam
1305 2302 1353 2390 pa-

248 2403 385 2465 trimonia
397 2423 452 2462 sua
464 2403 549 2464 vestri
564 2403 905 2483 studioinsumpserunt.
926 2401 1033 2482 Neque
1045 2409 1113 2479 uero
1126 2401 1277 2472 trierarchi
1288 2404 1351 2477 soli,

248 2496 303 2555 sed
317 2491 446 2556 maxima
463 2497 592 2556 omnium
605 2502 674 2576 quae'
686 2497 715 2554 in
729 2496 846 2555 civitate
866 2505 934 2553 sunt
952 2495 1086 2565 coucilia,
1096 2496 1231 2575 judicum
1248 2496 1350 2557 suffra·

248 2590 329 2667 gium
349 2592 487 2649 subeunt.
519 2589 649 2648 Primum
670 2588 748 2648 enim
772 2587 1012 2666 Areopagiticum
1036 2588 1180 2647 Senatum
1194 2588 1284 2668 jubet
1305 2590 1351 2649 lex

184 2672 188 2679 ’
248 2680 376 2739 rationes
397 2700 467 2740 suas
487 2680 567 2759 apud
581 2680 736 2760 praefectos
755 2679 972 2739 ratiociniorum
991 2680 1107 2750 referre,
1121 2680 1248 2758 illosque
1261 2682 1352 2741 maxi·

243 2790 362 2830 marum
373 2781 404 2830 et
410 2770 646 2850 gravissimarum
656 2788 812 2832 causarum
826 2772 948 2831 arbitros
960 2781 1058 2837 vestro
1073 2769 1189 2851 subjicit
1201 2772 1350 2853 suffragio.

249 2865 452 2942 Nunquamne
470 2883 541 2942 ergo
555 2865 743 2924 coronabitur
761 2865 888 2923 Senatus
900 2862 1143 2941 Areopagiticusl
1164 2864 1352 2945 Nora-neque

246 2957 327 3015 enim
339 2956 398 3014 hoc
410 2955 470 3015 illis
489 2957 616 3035 patrium
631 2967 683 3016 aut
697 2958 837 3015 usitatum
851 2964 907 3015 est.
942 2955 1011 3014 Non
1026 2956 1176 3017 ducuntur
1188 2958 1288 3017 studio
1301 2958 1351 3017 ho·
1418 3010 1421 3021 .

243 3048 351 3108 noris?
371 3048 529 3107 Ducuntur
551 3068 632 3129 sane,
654 3068 756 3107 rerum
777 3066 836 3123 non
858 3047 928 3107 satis
950 3047 1069 3120 habeut,
1090 3049 1115 3107 si
1135 3049 1201 3127 quis
1221 3050 1303 3128 apud
1323 3070 1352 3110 se

243 3141 330 3220 ipsos
344 3140 452 3200 nemini
465 3140 556 3199 iaciat
575 3140 720 3218 injuriam,
735 3140 789 3199 sed
810 3139 913 3218 siquis
929 3138 1094 3218 deliquerit,
1116 3140 1284 3219 castigant:
1305 3164 1352 3203 re·

242 3233 303 3293 stri
318 3243 416 3292 autem
430 3242 560 3293 oratores
581 3230 700 3290 licentia
720 3230 890 3290 efferuntur.
926 3231 1073 3291 Praeterea
1094 3232 1236 3293 Senatum
1261 3234 1353 3303 Quin·

250 3315 569 3404 gentorumlegislator
581 3323 742 3383 referendis
756 3323 917 3383 rationibus
937 3324 1015 3383 fecit*
1025 3325 1195 3403 obnoxium,
1212 3336 1302 3405 atque
1319 3330 1351 3388 iis

249 3417 301 3493 qui
314 3418 442 3475 rationes
452 3416 583 3475 nonduin
595 3416 759 3475 retulerunt
771 3435 865 3494 usque
879 3416 954 3476 adeo
969 3415 1082 3489 diffidit,
1095 3429 1129 3475 ut
1141 3417 1242 3477 statim
1254 3419 1352 3501 legum

194 3511 196 3513 ’
250 3507 333 3566 initio
344 3508 443 3567 dicat:
469 3508 717 3587 Magistratus
741 3509 954 3567 rationibus
975 3528 1053 3569 non
1075 3509 1204 3569 relatis
1226 3517 1278 3572 ne'
1297 3532 1351 3592 pe-

251 3619 354 3678 regre
383 3599 640 3679 proficiscitur.
682 3600 732 3664 Dii
756 3601 845 3659 'bonil
867 3594 1013 3661 exclamet
1031 3599 1148 3681 aliquis,
1175 3620 1250 3661 eone
1275 3606 1353 3682 quod

250 3692 455 3770 magistratum
470 3692 634 3773 gessiaco
648 3710 775 3780 peregre
791 3693 979 3771 proficiscar?
1001 3693 1121 3753 Scilicet
1139 3713 1177 3753 ne
1192 3693 1353 3775 intercepta

242 3785 379 3865 pecunia
391 3785 576 3863 publicaaut
593 3784 717 3863 negotiis
736 3786 875 3861 molofide
886 3786 975 3863 gestis
988 3784 1018 3842 in
1038 3786 1139 3865 sugam
1154 3795 1184 3845 te
1205 3787 1352 3867 conjicias.

244 3878 368 3936 Rursus
383 3896 453 3967 eum
474 3877 525 3954 qui
545 3878 671 3937 rationes
691 3878 784 3938 debet
799 3896 895 3955 neque
915 3870 1078 3937 facultates·
1090 3897 1160 3938 suas
1181 3897 1353 3939 consecrare

251 3967 331 4040 sinit,
359 3979 454 4045 neque
480 3967 603 4028 donaria
623 3969 740 4048 templis
761 3968 953 4047 suspendere,
971 3984 1073 4048 'neque
1093 3970 1352 4050 adoptarineque

231 4055 583 4139 ‘testamentum'sacera
596 4061 690 4141 aliave
702 4060 856 4140 permulta.
886 4062 953 4121 Uno
978 4072 1012 4120 ut
1030 4062 1126 4122 dicam
1141 4064 1241 4136 verbo,
1254 4084 1351 4125 eorum

250 4153 302 4230 qui
309 4151 368 4210 hoc
378 4152 492 4230 judicio
504 4145 643 4214 tenentur
654 4155 734 4213 bona
748 4152 896 4231 legislator
907 4156 937 4213 in
951 4154 1062 4233 pignus¹
1073 4154 1183 4235 arripit,
1200 4154 1298 4217 donec
1313 4157 1352 4217 ci-

245 4243 333 4302 uitati
345 4244 487 4305 rationem
497 4244 658 4304 retulerint.
681 4246 762 4315 Fato,
777 4247 831 4309 sed
846 4255 901 4318 est,
914 4247 968 4325 qui
979 4266 1016 4306 ex
1029 4248 1161 4327 pecunia·
1169 4248 1291 4326 publica
1303 4270 1352 4309 ne·

250 4349 310 4408 que
330 4329 454 4413 sumpsit
469 4335 626 4414 quicquam
647 4354 741 4413 neque
760 4337 924 4417 insumpsit,
947 4338 1138 4417 ad'aliquam
1157 4348 1256 4399 tamen
1280 4341 1351 4420 reip.

243 4425 380 4482 accessit
399 4431 525 4513 partem.
560 4426 656 4487 Etiam
670 4426 747 4488 hunc
756 4428 842 4507 jubet
855 4428 903 4489 lex
919 4432 1045 4493 rationes
1058 4432 1164 4492 referre
1182 4432 1261 4511 apud
1284 4444 1352 4512 prah
