2967 4950
450 335 624 419 cousus,
644 297 927 394 amanuncus
1115 283 1118 287 ⁵
1191 336 1231 390 ar
1303 328 1307 332 ·

133 488 201 546 dum
215 487 396 558 recordatur,
413 508 444 548 se
456 491 577 550 invitum
589 490 726 551 fefellisse
734 491 825 550 fidem
840 490 992 569 Meuoetio,
1007 488 1135 549 Patrocli
1145 487 1230 566 patri,

136 577 251 636 datam:
275 578 323 636 cui
344 580 531 656 promisisset,
554 601 586 640 se
600 581 781 653 Patroclum,
799 582 949 660 Opuntem
964 581 1078 640 salvum
1091 578 1230 655 reductu·
1263 628 1266 635 ,
1322 581 1329 592 ”

136 665 292 730 rum-fuit
305 671 382 730 enim
396 661 593 750 Opuntius—,
609 675 633 731 'si
654 694 720 732 eum
739 693 840 733 secum
858 672 896 734 ad
917 673 1033 754 Trojam
1053 647 1231 748 ablegasset,

135 772 165 820 et
179 763 247 822 fidei
271 783 333 824 suae
356 765 567 825 commisisset.
590 765 669 825 uude
689 776 811 844 apparet
830 787 897 826 eum
917 767 1023 826 amoris
1043 783 1133 823 causa
1152 762 1230 820 illius

134 871 231 916 curum
247 857 410 936 suscepisse
424 877 431 915 :
453 876 505 916 eos
520 875 622 918 vorsus
630 859 739 936 posuit,
753 878 828 936 quos
838 879 894 938 ego
907 881 986 919 nunc
1000 859 1148 919 recitabo:

358 998 413 1045 Heu
426 1014 492 1058 quarn
502 995 574 1046 stultu
586 1015 642 1045 mesu
651 999 714 1046 venit
724 999 838 1047 sententie
846 1000 927 1056 menti,

313 1105 317 1112 ι
357 1079 411 1134 Quo
424 1077 538 1138 spondere
550 1076 589 1122 die
595 1076 663 1137 potui
675 1076 726 1132 tibi,
737 1077 799 1124 clare
809 1079 914 1131 Menoeti,

319 1159 322 1164 '
358 1140 510 1207 incolumem,
520 1152 681 1212 illustremque
692 1153 721 1200 ad
734 1155 837 1216 Opuntia
847 1155 932 1202 moenia
942 1161 1018 1202 natum

359 1229 448 1274 Euersa
458 1229 535 1288 Troja,
548 1229 631 1290 spoliis
640 1229 773 1290 insignibus
783 1237 885 1284 auctum,

359 1303 493 1350 Victoreml
514 1305 560 1350 Sed
574 1321 618 1352 uon
629 1305 688 1352 deus
696 1306 805 1354 omuibus
814 1306 890 1354 omnia
901 1313 956 1354 rote
994 1299 996 1302 Α

356 1381 483 1441 Indulget:
501 1376 616 1442 siqnidem
629 1382 748 1442 sicimpic
758 1383 805 1433 tan
813 1383 923 1438 tulerunt,

355 1458 407 1503 Nos
419 1459 499 1504 eadem
512 1466 537 1504 ut
548 1464 638 1520 tegeret
649 1459 858 1520 attenuansque
869 1475 951 1506 cruore

358 1533 445 1594 Sparsa
456 1535 649 1604 ruberetbumns.
701 1560 703 1568 ι

133 1645 238 1736 Neque
262 1677 330 1718 vero
351 1659 398 1718 hic
423 1661 570 1721 duntaxat
582 1659 769 1730 lamentatur,
789 1660 844 1718 sed
864 1679 931 1718 eum
948 1659 1024 1719 adeo
1045 1657 1231 1734 vehementer

53 1767 55 1770 ’
125 1752 226 1830 luget,
240 1761 273 1808 ut
286 1771 354 1810 cum
369 1741 524 1813 aThetide
539 1761 630 1810 matre
641 1750 782 1823 audisset,
794 1771 836 1822 se,
851 1749 984 1810 sihostes
999 1770 1059 1829 non
1071 1767 1230 1829 perseque-

131 1854 222 1915 retur,
247 1842 299 1901 sed
321 1843 445 1902 inultam
465 1841 594 1906 Patrocli
621 1862 724 1902 necem
747 1853 905 1921 pateretur,
929 1837 1049 1902 domum
1072 1863 1230 1914 reversum,

130 1955 231 1995 senem
245 1935 274 1992 in
292 1954 346 1994 sua
364 1937 458 2014 patria
471 1937 635 1996 obiturum:
658 1935 702 1997 sin
719 1935 799 1996 ultus
813 1945 901 2007 esset,
915 1936 1047 1994 celeriter
1059 1935 1148 1994 vitam
1162 1952 1230 1993 curu

130 2039 223 2086 morte
240 2038 496 2095 commutaturum,
510 2027 597 2088 fidem
618 2036 925 2104 ergamortuumuuae
945 2026 1105 2105 praetulerit
1119 2025 1229 2083 incolu-

130 2111 234 2178 mitati.
255 2117 409 2196 Tantaque
424 2119 513 2178 animi
531 2119 732 2196 magnitudine
748 2119 785 2177 ad
805 2118 1008 2178 ulciscendum
1021 2118 1098 2176 illius
1112 2115 1231 2175 interfe-

130 2220 241 2268 ctorem
269 2211 441 2289 properarit,
470 2220 503 2268 ut
522 2211 661 2270 omnibus
681 2231 749 2269 eum
776 2211 1007 2281 consolantibus,
1027 2220 1056 2269 et
1075 2211 1174 2269 lavare
1195 2229 1231 2268 ac

129 2302 229 2361 cibum
244 2321 348 2380 capere
359 2303 541 2380 jubentibus
560 2303 701 2380 abjurarit
716 2321 749 2361 se
765 2303 922 2382 quicquam
944 2303 1059 2366 illorum
1074 2303 1230 2372 facturum,

129 2393 302 2472 priusquam
325 2404 415 2472 caput
438 2394 574 2455 Hectoris
598 2394 637 2454 ad
658 2395 788 2454 Patrocli
808 2397 977 2475 sepulcrum
1002 2394 1159 2453 attulisset.
1196 2393 1232 2451 Ei

128 2482 217 2565 porro
241 2486 271 2543 in
290 2507 363 2565 rogo
387 2486 552 2559 dormienti,
565 2498 599 2546 ut
613 2488 653 2545 ait
666 2497 765 2565 poeta,
783 2488 970 2547 simulacrum
977 2487 1108 2547 'Patrocli
1127 2488 1231 2545 obrer-
1309 2494 1314 2499 ’

128 2591 237 2649 satum,
253 2578 419 2658 hujusmodi
434 2599 529 2637 rerum
540 2580 712 2637 memoriam
729 2581 857 2651 refricat,
876 2592 907 2639 et
924 2600 961 2639 ea
977 2580 1098 2639 mandat
1110 2580 1229 2650 Achilli,

128 2691 199 2749 quae
214 2671 297 2729 nobis
312 2670 457 2749 lacrymas
469 2680 604 2729 excutere
618 2671 740 2749 possint,
754 2683 784 2729 et
797 2666 925 2741 efficere,
935 2680 969 2729 ut
976 2672 1116 2742 ‚virtutem
1128 2690 1231 2730 eorum

129 2772 220 2840 atque
242 2762 397 2820 amicitiam
416 2762 601 2821 admiremur.
635 2762 713 2821 Nam
734 2783 801 2821 eum
822 2765 917 2837 jubet,
931 2763 1070 2842 praefatus
1086 2764 1116 2820 in
1130 2764 1229 2840 primis

125 2853 214 2915 illum
228 2854 520 2931 etiam-uomlongea
529 2863 623 2913 morte
634 2856 857 2932 abesse,·siquo
869 2855 957 2913 modo
968 2854 1030 2913 fieri
1044 2854 1145 2931 possit,
1159 2855 1230 2913 dare

88 2962 103 2995 ο
126 2962 262 3025 operatu,
277 2946 488 3024 acprouidere,
499 2957 529 3005 et
541 2947 859 3024 quemndrnodnmuua
871 2946 1100 3005 sintednoatiot
1114 2945 1231 3017 amnti,

126 3039 293 3097 siccorum
317 3037 403 3094 etiam
429 3036 637 3097 defunctorum
661 3057 731 3096 ossa
750 3037 854 3096 eodem
874 3037 904 3093 iu
926 3036 1023 3096 loculo
1043 3044 1230 3113 reponantur.

127 3131 281 3189 Praeterea
293 3128 468 3200 lamentans,
481 3138 510 3187 et
524 3140 620 3188 actam
636 3150 695 3187 una
708 3128 797 3187 vitam
810 3146 976 3197 recensens,
990 3127 1040 3199 ait,
1059 3146 1091 3185 se
1105 3126 1230 3203 posthac

126 3222 264 3282 maximis
275 3218 312 3280 de
323 3224 420 3303 rebus,
432 3232 464 3281 ut
479 3222 557 3281 soliti
566 3221 774 3301 prius'fuerint,
789 3221 818 3279 in
832 3218 936 3279 eodem
947 3238 1097 3290 consessu,
1108 3220 1230 3277 seorsim

123 3315 268 3376 coeteris
283 3334 341 3373 non
356 3334 418 3373 esse
436 3313 665 3373 deliberaturos:
687 3309 791 3386 fidem,
806 3313 919 3396 opinor,
938 3321 969 3371 et
988 3309 1230 3382 benevolentiam,

101 3430 189 3472 'reus
212 3408 318 3470 mani
338 3428 401 3467 esse
415 3408 551 3471 desiderii
560 3408 743 3473 ,existimans
774 3407 820 3469 Ut
835 3404 1231 3484 ‚manspoetaesestentias

118 3503 261 3565 uersibus
276 3499 556 3573 inclusasaudiatis,
570 3500 706 3562 recitabit
720 3497 1229 3575 uobissscribauensus·quos-hiarie

120 3596 222 3655 rebus
232 3594 304 3653 fecit
312 3593 476 3654 Homerus.
493 3593 556 3653 Eos
565 3592 929 3671 primumuarresspuosde
936 3590 1230 3680 Hectoristsupplieio

121 3687 211 3748 fecit.

292 3868 294 3871 ,
358 3818 427 3864 Nunc
438 3822 569 3877 postquam,
579 3815 697 3869 Patrocle,
710 3818 931 3882 tumsumpostere
931 3812 987 3859 rite

356 3894 471 3952 Tempore
483 3891 587 3946 sortitus,
599 3906 644 3960 nou
655 3896 707 3936 anto
719 3905 763 3949 ego
774 3890 853 3936 debita
865 3875 954 3935 solvam

358 3968 452 4015 Funera
460 3970 524 4028 justa
535 3974 587 4021 tuo,
598 3982 665 4027 qnam
677 3964 722 4010 buc
731 3956 847 4011 Hectoris
857 3980 921 4011 mma
932 3951 1028 4027 superbi

357 4046 389 4091 Et
400 4050 471 4105 caput
482 4044 618 4101 attulero.

122 4155 238 4215 Recita
248 4172 318 4233 ergo
330 4174 366 4213 ea
380 4175 446 4234 quse
455 4155 610 4215 Patroclus
621 4130 777 4213 insomnis·
785 4155 1121 4217 illitlicit'decommuni
1134 4155 1231 4233 sepul·

118 4250 206 4323 tura,
220 4247 298 4308 etde
312 4247 380 4307 vitae
396 4258 469 4307 actae
483 4266 543 4307 una
556 4248 789 4307 consuetudine:
855 4260 858 4263 ’

357 4390 412 4437 Νοιι
420 4390 513 4439 dabitur
525 4397 603 4438 usum
614 4393 721 4453 mbae
713 4394 843 4440 derebus
839 4347 948 4455 egelidis*

361 4468 500 4523 Gonsulare,
513 4472 537 4513 ut
548 4468 629 4529 ηιὸι·
635 4468 748 4518 mireum
752 4462 944 4517 Mundum:
