2967 4950
477 310 904 409 ,inorrurrononum
1180 313 1244 374 cn

144 472 311 553 mongut,
333 467 621 551 puudouam'autm
634 486 722 547 quam
735 468 921 531 vlumus
933 464 1015 540 dicit,
1028 463 1245 533 arobirabdiri

144 576 286 649 oportere
301 584 363 625 non
376 563 528 645 opinetrul
549 563 615 642 Ego
627 580 697 623 raro
716 572 782 632 tum
798 581 904 623 coram
922 561 958 621 iis
971 560 1093 623 testibus
1105 559 1157 639 qui
1166 557 1243 625 adar

146 669 212 721 rant
224 678 296 719 cum
309 656 467 738 provocavi
477 677 486 726 3
507 664 538 716 at
559 674 637 720 nuuc
658 654 748 715 etiam
766 658 867 717 conam
883 652 964 715 robis
984 651 1242 734 judictatum

147 770 283 831 provoco,
300 760 331 810 et
344 758 414 829 peto
428 758 461 811 ut
473 749 498 809 is
512 746 671 828 permittat,
683 755 718 807 ut
735 767 792 827 ego
810 747 957 827 permitto,
977 744 1080 826 aperiri
1097 743 1145 811 hit
1157 743 1188 811 in
1196 744 1246 826 {a-

146 843 224 908 dicio
237 840 415 923 pwdcncm,
433 849 466 901 et
484 840 598 903 recitari
610 838 691 899 robis
710 848 741 899 et
761 858 863 899 curma
875 837 1020 918 cluignari
1033 856 1132 901 coram
1148 836 1247 901 ‚rubis

147 934 345 1003 Androclides
359 940 458 993 autem
469 932 528 994 ,bic
542 932 643 993 adest:
663 932 811 1011 egoenim
828 931 859 992 ci
873 931 1050 992 daarmciari
1066 930 1247 997 nudem

146 1025 284 1107 pactione
297 1044 398 1085 secum
411 1024 468 1087 buc
481 1025 579 1085 allata.
622 1024 661 1085 Iit
674 1026 820 1105 permitto,
831 1024 964 1098 Judices,
975 1034 1009 1090 ut
1019 1042 1057 1085 ea
1071 1022 1117 1085 rel
1128 1025 1162 1085 ia
1172 1031 1257 1092 'm

148 1118 197 1179 rel
221 1117 253 1177 ia
274 1116 364 1197 ipsius
381 1114 597 1191 autionariis
612 1117 642 1177 iu
662 1118 759 1197 priore
775 1117 837 1178 sire
859 1117 889 1176 in
911 1115 1247 1199 posterioraapariatu.

149 1211 231 1272 Nihil
244 1212 324 1271 enim
337 1228 404 1271 mea
422 1212 562 1272 intercuti
583 1211 637 1273 scd
658 1230 711 1275 ros
725 1212 828 1271 audire
846 1210 914 1271 ¹colo
926 1209 1093 1290 pulonem
1112 1210 1247 1291 etjuio·

147 1304 274 1365 randum
298 1302 378 1383 quod
398 1312 500 1365 mutuo
521 1303 667 1377 dedimus,
690 1322 749 1382 ogo
772 1314 803 1364 st
825 1302 1066 1383 olympiudms
1105 1303 1196 1369 Quod
1221 1300 1248 1363 ci

147 1394 296 1469 coneedit,
308 1395 359 1462 liat
373 1394 423 1469 ita,
435 1403 468 1455 at
480 1414 532 1456 ros
544 1394 643 1457 audite
656 1395 681 1455 si
700 1395 749 1455 isti
762 1394 926 1456 uidebiturr
945 1394 991 1458 sio
1010 1393 1069 1455 boc
1080 1394 1180 1458 aare
1191 1412 1248 1454 no·

150 1486 249 1561 luerit,
264 1504 363 1557 noune
372 1487 435 1566 jam
448 1486 546 1566 palam
559 1488 624 1559 crit,
637 1486 771 1559 Judices,
792 1507 859 1548 cum
877 1486 1006 1547 omnium
1018 1486 1248 1547 bominumssoe

148 1578 459 1661 impudentissimum?
478 1598 573 1659 neque
587 1578 678 1639 ullum
692 1579 758 1659 ejus
770 1581 891 1641 verbum
904 1598 992 1659 porro
1000 1578 1155 1659 quicquam
1168 1578 1248 1660 apud

147 1690 201 1733 ros
215 1669 398 1731 auctoritatis
411 1670 518 1731 babere
532 1670 682 1751 oporteret
1187 1706 1190 1715 ·

193 1767 242 1825 13.
264 1763 324 1825 Sed
346 1764 417 1844 quid
439 1782 614 1845 magnopere
628 1763 798 1825 contendo?
827 1762 932 1842 Neque
953 1762 1031 1823 enim
1048 1763 1112 1842 ipse
1124 1761 1249 1842 ignorat,

149 1856 222 1917 mibi
234 1876 255 1917 a
267 1876 301 1917 se
321 1856 382 1917 lieri
395 1857 538 1933 injuriam,
558 1857 618 1933 lieri
642 1866 673 1917 et
695 1856 751 1915 diis
764 1856 983 1927 immortalibus,
999 1874 1122 1934 qnorum
1139 1872 1248 1915 numen

145 1949 258 2029 jurarit
270 1958 301 2009 et
313 1948 472 2029 pejeravit:
493 1959 598 2010 emota
615 1950 721 2009 mentis
734 1958 790 2021 est,
799 1948 930 2019 Judices,
946 1958 978 2007 et
990 1946 1105 2027 desipit
1139 1947 1250 2009 inritus

131 2037 135 2045 “
150 2040 288 2121 equidem
302 2040 379 2101 facio
394 2050 482 2118 atque
495 2042 636 2101 crubesco
647 2039 744 2101 dicore
757 2040 836 2120 apud
849 2060 913 2113 ros,
922 2040 941 2099 J
943 2039 1054 2112 udices,
1065 2038 1096 2098 id
1109 2040 1189 2118 quod
1203 2040 1248 2099 di·

150 2142 256 2193 cturus
271 2150 346 2204 sum,
356 2130 409 2192 sed
422 2150 513 2211 cogor
524 2132 631 2212 eloqui,
639 2144 675 2192 'ut
687 2152 750 2207 vos,
763 2131 974 2212 pronunciandi
988 2131 1161 2192 auctoritate
1173 2150 1250 2211 prce·

150 2224 215 2297 diti,
225 2222 361 2285 omnibus
373 2223 479 2284 auditis
491 2224 528 2284 de
541 2225 625 2284 nobis
639 2225 669 2285 id
682 2226 763 2304 quod
775 2224 918 2305 optimum
936 2225 1017 2285 factu
1031 2223 1177 2283 videbitur
1189 2234 1251 2286 sta·

151 2319 254 2379 tuatis.
297 2319 405 2378 Eorum
418 2338 487 2379 vcro
500 2338 566 2397 quae
581 2317 676 2379 dicam
690 2320 747 2379 iste
766 2330 867 2380 auctor
880 2329 935 2392 cst,
950 2319 1000 2399 qui
1012 2318 1091 2398 apud
1108 2327 1250 2397 cognatos

151 2412 199 2472 bis
222 2414 261 2475 de
284 2411 370 2471 rebus
391 2428 504 2471 mecum
525 2411 687 2491 transigere
708 2430 768 2471 nou
785 2410 859 2483 vult,
879 2411 931 2471 sed
951 2410 1135 2492 impudenter
1153 2404 1251 2492 negat.

153 2503 393 2585 olympiodorus,
414 2502 548 2575 Judices,
562 2503 712 2564 mulierem
730 2504 824 2565 civem
848 2503 963 2582 legibus
979 2504 1083 2564 vestris
1104 2523 1252 2583 nunquam

153 2598 248 2670 duxit,
262 2615 296 2656 ac
311 2597 338 2656 ei
351 2595 434 2656 liberi
447 2616 542 2674 neque
557 2606 731 2677 suntncque
741 2596 804 2657 nati
813 2597 951 2658 fuerunt:
972 2597 1025 2657 sed
1036 2606 1166 2658 scortum
1173 2595 1253 2658 domi

151 2690 337 2768 redemptum
348 2688 448 2748 habet.
491 2687 571 2747 Illud
584 2689 723 2768 estquod
737 2709 792 2751 nos
801 2708 904 2750 omnes
918 2689 1056 2768 exagitet,
1068 2699 1100 2751 et
1110 2690 1200 2750 istum
1213 2689 1253 2751 ad

152 2783 297 2862 majorem
316 2779 456 2842 insaniam
471 2781 610 2861 impellat.
651 2784 698 2842 An
713 2803 782 2848 vero
794 2803 855 2844 nou
873 2782 979 2842 insanit
993 2783 1018 2842 is
1031 2782 1092 2862 qui,
1106 2802 1173 2862 quos
1185 2802 1254 2864 pro·

153 2874 235 2934 misit
255 2883 286 2933 et
308 2872 421 2953 pepigit
442 2873 544 2933 volens
566 2893 633 2936 cum
658 2874 774 2935 volente
801 2884 832 2935 et
850 2873 1040 2954 jurejurando
1062 2875 1254 2947 confirmarit,

153 2985 258 3027 eorum
274 2965 345 3024 nihil
364 2965 518 3044 quicquam
539 2967 737 3044 prestandum
758 2967 883 3028 censet?
903 2985 950 3026 me
969 2966 1128 3046 prasertim
1141 2986 1200 3027 non
1215 2965 1254 3026 dc

155 3059 269 3138 mopso
281 3057 424 3117 duntaxat
436 3055 560 3131 solicito,
575 3057 627 3118 sed
641 3058 717 3119 etde
731 3058 815 3120 istius
829 3077 928 3118 sorore
942 3077 1081 3137 germana
1089 3069 1121 3117 et
1130 3057 1254 3132 uterina,

156 3169 247 3232 quam
260 3169 314 3228 ego
327 3149 358 3209 in
372 3149 552 3210 matrimonio
566 3151 671 3224 babeo,
682 3162 712 3211 et
724 3153 762 3210 de
770 3151 857 3212 istius
866 3161 964 3230 nepte,
978 3171 1045 3211 mea
1055 3149 1154 3210 filiola.
1196 3149 1253 3208 Hae

155 3243 241 3306 enim
255 3251 324 3302 sunt
337 3243 441 3321 quibus
455 3261 514 3301 nou
528 3243 621 3303 minor
631 3244 668 3303 sit
681 3263 769 3322 quam
778 3242 849 3303 mibi
862 3243 976 3321 injuria,
985 3243 1037 3302 sed
1048 3242 1143 3322 major
1155 3241 1254 3302 etiam.

156 3338 266 3398 Nonne
288 3345 386 3396 autem
398 3335 501 3416 injuria
513 3335 554 3394 eis
568 3336 612 3405 lit,
627 3345 657 3395 ct
669 3335 767 3415 inique
782 3354 849 3394 cum
868 3334 910 3394 eis
931 3333 1038 3412 agitur,
1053 3353 1121 3394 cum
1137 3332 1256 3394 rideant

154 3429 242 3490 istius
255 3428 435 3489 meretricem
456 3428 532 3488 ultr'a
554 3447 642 3507 quam
656 3438 702 3488 sat
715 3438 761 3487 est
781 3437 811 3486 et
826 3427 912 3488 decet
933 3428 1055 3486 multum
1069 3427 1177 3488 habere
1192 3424 1256 3485 auri

156 3533 190 3586 et
201 3531 317 3582 vestem
332 3519 527 3601 splendidam,
542 3533 573 3580 et
585 3519 736 3602 splendide
753 3530 840 3600 atque
853 3520 1013 3581 insolenter
1025 3520 1139 3601 prodire
1152 3519 1182 3578 in
1200 3538 1256 3598 pu-

153 3615 278 3688 blicum,
293 3623 324 3674 ct
344 3614 381 3673 de
394 3623 499 3672 ¹nostro
521 3615 678 3692 superbire,
693 3634 725 3674 se
747 3633 814 3672 vero
827 3615 857 3674 iu
877 3613 922 3672 bis
938 3615 1025 3672 rebus
1040 3611 1174 3671 omuibus
1190 3630 1256 3670 esse

155 3705 326 3770 tenuiores?
348 3705 453 3764 Nonne
477 3705 534 3764 illis
557 3707 647 3786 major
668 3706 702 3765 fit
722 3726 809 3786 quam
828 3705 898 3777 mibi
911 3703 1036 3785 injuriat
1069 3706 1174 3764 Nonne
1187 3722 1256 3763 vero

154 3802 213 3862 iste
235 3809 337 3879 aperte
350 3797 498 3856 insanitet
512 3796 626 3868 delirat,
640 3797 690 3877 qui
704 3798 746 3857 ita
765 3798 795 3858 in
811 3798 1000 3877 semetipsum
1022 3792 1178 3856 consulat?
1209 3795 1256 3854 Ne

156 3911 228 3954 vero
251 3891 340 3963 dicat,
354 3889 486 3963 Judices,
501 3910 553 3970 per
577 3890 752 3951 calumniam
776 3890 842 3950 baec
863 3909 881 3949 a
902 3909 949 3948 me
966 3889 1034 3963 diei,
1048 3889 1136 3969 hujus
1153 3887 1257 3968 judicii

154 4005 259 4057 causa,
273 3983 470 4045 testimonium
484 3983 566 4044 vobis
580 3981 749 4042 recitabitur
767 3990 959 4062 cognatorum
973 3981 1057 4042 istius
1071 3991 1103 4042 et
1115 4000 1257 4052 meorum,

554 4164 863 4258 rasuruonrum.
960 4283 964 4288 ι

159 4343 393 4424 olympiodorus
414 4343 500 4422 igitur
524 4343 589 4402 talis
611 4341 699 4402 homo
720 4352 776 4415 est,
797 4360 854 4400 non
875 4341 964 4402 modo
986 4339 1119 4422 injurius,
1133 4343 1185 4404 sed
1208 4347 1259 4425 qui

117 4455 120 4464 ·
156 4439 249 4500 etiarn
270 4437 396 4498 insanire
421 4437 553 4498 videatur
572 4435 705 4497 omnibus
725 4433 859 4514 cognatis
881 4445 912 4494 et
925 4435 1124 4511 familiaribus,
1139 4457 1174 4498 eo
1194 4439 1259 4500 vitre
