2967 4950
133 259 138 270 '
183 379 187 393 Ι
249 291 290 349 ss
480 285 538 348 ιιιι
559 283 680 346 unns
701 283 838 346 essen
858 230 1116 346 suessione

246 414 623 528 sagacissimacoujeetura
639 459 706 501 csse
725 437 823 512 usum,
843 438 897 500 sed
916 439 955 504 sb
968 439 1087 518 iugenio
1105 456 1159 500 suo
1175 435 1351 517 longissime

198 593 203 604 ,
248 538 409 596 aberrasse.
439 533 613 594 Nihilenim
626 532 770 612 ejusmodi
786 552 819 594 se
832 533 1067 594 commissurum.
1103 529 1145 590 Ut
1163 541 1263 592 sutem
1283 551 1353 593 vera

139 645 143 650 ’
239 647 298 691 ⁴me
309 627 407 686 dicere
416 621 541 699 cointet,
554 626 653 704 ipsum
665 625 895 704 Aristophanem
908 633 1014 684 testem
1027 624 1198 704 producam.
1220 625 1352 686 Accerse

180 759 184 766 -
241 719 471 802 Aristophanem
487 717 670 798 Olynthium,
683 717 808 798 ejusque
819 717 1020 780 testimonium·
1030 717 1133 790 recita,
1145 735 1204 782 eos„
1214 717 1286 778 item
1300 716 1352 797 qui

239 812 306 872 hoc
324 831 363 871 ox
371 811 426 872 illo
439 811 625 883 audiverunt,
638 810 768 889 mihique
781 811 976 883 nunciarunt,
986 809 1168 889 Dercyllum
1166 809 1306 874 Antoniis
1321 829 1350 872 s.

249 904 446 1030 llaguusium,
461 913 491 965 et
510 902 669 964 Aristidem
683 901 878 1037 Euphiletir.
901 901 1133 1035 Cephisiensem.
1231 930 1234 940 ·

641 1082 947 1145 TESTIMONIUM.

248 1211 490 1294 Testesjureutes
498 1224 529 1275 et
535 1213 729 1274 testificantes
735 1211 855 1286 auditis,
864 1212 992 1273 nefarias
1002 1222 1100 1272 autem
1109 1213 1181 1274 istas
1188 1215 1346 1275 verborum

247 1306 383 1380 technas,
397 1308 537 1386 quasiste
548 1305 783 1367 adolescentibus
793 1305 957 1385 pollicetur,
972 1303 1135 1384 quibusque
1148 1325 1229 1365 nuuc
1243 1317 1348 1367 conus

246 1421 294 1460 me
307 1412 352 1461 est
365 1403 486 1474 abusus,
499 1399 632 1480 nunquid
646 1399 828 1469 meministis,
843 1409 875 1457 ut
896 1399 1007 1458 obortae
1026 1398 1085 1457 sint
1098 1398 1125 1456 ei
1143 1397 1295 1478 lacrymas,
1314 1410 1348 1460 ut

180 1519 183 1525 ·
245 1493 393 1554 Graeciam
413 1492 581 1573 deplorauit,
607 1502 640 1552 ut
667 1491 803 1572 Satyrum
832 1491 976 1551 comicum
1002 1489 1346 1569 histrionemlaudare't,

234 1582 325 1665 'quod
336 1583 467 1665 hospites
482 1584 627 1663 quosdam
641 1603 710 1644 suos
724 1584 856 1662 captivos
869 1583 1015 1642 fodientes
1028 1582 1058 1640 in
1071 1581 1197 1662 Philippi
1208 1585 1307 1659 vinea,
1317 1599 1347 1646 et

236 1679 371 1752 tinctos,
389 1679 419 1764 in
439 1678 655 1756 compotatione
673 1675 842 1752 sPhilippo
858 1673 1060 1752 impetrasset:
1080 1672 1139 1734 hoc
1151 1675 1346 1738 fundamento

238 1769 331 1849 jacto,
351 1768 468 1844 adjecit,
478 1777 624 1829 contenta
645 1777 733 1826 acuta
746 1768 805 1824 ista
817 1773 848 1823 et
864 1763 975 1824 nefaria
994 1783 1077 1839 voce,
1097 1785 1185 1844 quem
1205 1772 1344 1832 acerbum

243 1861 293 1934 sit,
306 1881 373 1920 cum
386 1862 411 1920 is
424 1861 474 1940 qui
488 1860 629 1919 Cariones
649 1869 681 1918 et
693 1857 838 1917 Xanthias
853 1867 1053 1937 repraesentet,
1074 1859 1149 1919 adeo
1164 1879 1344 1939 generosum

233 1965 275 2015 ‘et
286 1953 505 2033 magnanimum
520 1971 552 2011 se
566 1950 732 2035 prebuerit,
747 1969 794 2010 me
808 1949 859 2028 qui
873 1949 928 2009 sim
947 1951 1010 2009 urbi
1024 1952 1157 2012 maximae
1170 1973 1188 2012 a
1201 1957 1344 2032 consiliis,

243 2047 293 2127 qui
306 2047 373 2107 illos
388 2065 423 2105 x.
439 2065 474 2104 ιι.
499 2043 631 2103 Arcadas
649 2044 836 2114 admoneam,
857 2041 1050 2122 petulantiam
1070 2063 1164 2104 meam
1182 2054 1242 2106 non
1260 2069 1345 2110 coer·

234 2139 350 2212 citime,
361 2139 415 2198 sed
427 2137 524 2198 calore
535 2146 680 2209 evectum,
693 2156 760 2196 cum
770 2148 825 2196 uos
837 2135 955 2215 quidam
969 2155 1006 2195 ex
1020 2135 1149 2217 Philippi
1163 2140 1265 2200 amicis
1280 2143 1341 2202 Xe-

231 2233 373 2292 ·nodocus
385 2229 517 2302 convivio
531 2228 705 2308 excepisset,
723 2227 837 2307 capillis
860 2229 994 2301 traxisse,
1015 2237 1047 2288 et
1066 2228 1136 2289 loris
1150 2227 1274 2312 arreptis
1288 2255 1340 2296 ca-

169 2377 173 2384 .
233 2327 348 2406 'ptivam
361 2322 512 2382 mulierem
525 2319 713 2401 flagellasse?
735 2318 869 2400 lgitursi
884 2339 937 2381 vos
953 2321 981 2380 ei
1000 2321 1209 2396 credidissetis,
1224 2335 1255 2385 et
1270 2329 1339 2388 Ari-

231 2418 397 2498 stophanes
414 2433 476 2477 una
488 2433 556 2475 cum
570 2433 666 2474 come
683 2431 736 2494 per
757 2413 942 2475 mendacium
963 2415 1168 2495 oppressisset,
1181 2419 1232 2479 'ob
1254 2429 1340 2503 turpe

230 2508 349 2571 ‘crimen
359 2509 426 2589 jure
439 2507 602 2588 periissem.
635 2508 744 2567 Sinetis
757 2507 845 2586 igitur
858 2526 925 2566 eum
946 2508 997 2589 qui
1010 2507 1078 2569 talis
1091 2509 1130 2569 sit
1145 2530 1229 2572 meus
1242 2516 1341 2579 malus

240 2604 344 2681 genius
361 2600 452 2678 (absit
462 2601 540 2661 enim
554 2610 589 2660 ut
600 2599 685 2660 vobis
700 2600 759 2673 sit),
776 2598 888 2673 sinetis,
902 2599 1033 2679 inquam,
1051 2604 1160 2661 versari
1173 2604 1249 2665 inter
1261 2608 1341 2668 rosi

229 2694 284 2768 'Ac
302 2693 473 2753 concionem
486 2690 606 2769 quidem
619 2690 836 2760 lustrabitis,1n
852 2692 977 2754 decretis
992 2703 1090 2754 autem
1102 2704 1172 2757 vota
1185 2692 1236 2777 per
1248 2698 1339 2763 istum

222 2783 374 2847 ‘'facietisi
395 2782 436 2842 Et
455 2782 614 2843 exercitum
636 2783 697 2843 sive
718 2783 929 2863 pedestrem
906 2805 967 2846 sive
987 2786 1120 2848 navalem
1141 2790 1339 2913 ablegabitis'i

237 2878 330 2959 Atqui
343 2875 493 2937 Hesiodus
506 2877 566 2935 ait:

347 3071 350 3077 Ι
431 3006 566 3069 Seps
544 3004 589 3055 vrri
601 3022 657 3070 gons
667 3013 716 3055 tots
726 3006 772 3055 luit
783 3007 862 3054 scelus
874 3006 941 3055 unius
953 3014 1030 3066 ιιιοιι,

357 3077 361 3089 '
464 3084 513 3143 Qui
523 3100 630 3147 proeoeps
640 3084 717 3147 agitur
724 3083 784 3133 male
795 3084 847 3131 sani
856 3084 960 3146 pectoris
970 3090 1039 3133 estu.

226 3242 247 3268 .·
277 3215 328 3273 50.
350 3212 450 3271 Unum
463 3210 562 3273 adhuc
571 3210 771 3290 superioribus
785 3208 930 3287 adjiciam.
962 3208 1041 3269 Nam
1051 3209 1076 3269 si
1085 3230 1142 3290 qua
1151 3212 1336 3279 estinrebus

225 3305 369 3374 ,humanis
383 3303 564 3382 improbitas,
581 3302 666 3382 cujus
682 3322 739 3381 ego
762 3322 822 3361 non
835 3300 995 3381 principem
1018 3323 1084 3364 esse
1101 3305 1337 3370 Demosthenem

225 3398 447 3465 demonstrato,
461 3395 606 3455 morinos
623 3414 741 3453 recuso.
763 3394 824 3453 Sed
837 3394 933 3454 multis
949 3414 1015 3455 reus
1029 3394 1252 3459 difficultatibus
1264 3422 1336 3463 con-

225 3489 373 3559 ¹dictatur,
382 3497 413 3545 et
421 3506 551 3547 animum
561 3488 616 3547 ab
608 3505 651 3546 rra
659 3485 822 3565 periculum
831 3485 869 3545 ad
878 3486 982 3548 saluus
991 3498 1109 3549 revocat
1116 3489 1335 3556 defensionem

234 3600 271 3642 ac
279 3578 428 3659 dispicere
439 3577 536 3657 jubet,
549 3597 587 3637 ne
600 3578 693 3637 ullum
708 3578 905 3643 accusationis
920 3590 1009 3659 caput
1021 3581 1249 3660 praetermiseris
1276 3587 1336 3647 lta·

233 3692 293 3751 que
313 3669 399 3730 simul
412 3680 444 3730 et
456 3669 538 3730 vobis
552 3679 582 3729 et
596 3668 666 3728 mihi
680 3656 799 3747 objecta
812 3659 933 3733 crimina
949 3672 980 3732 in
995 3672 1172 3736 memoriam
1177 3678 1335 3741 revocabo.

234 3763 428 3824 Considerate
448 3762 536 3842 igitur
556 3761 684 3842 singula,
701 3759 914 3838 Athenienses,
931 3785 990 3844 quo
1006 3766 1126 3827 decreto
1145 3788 1202 3873 ego
1222 3773 1334 3852 scripto

216 3873 367 3931 ..accusem
382 3866 435 3917 aut
453 3877 513 3935 que
524 3856 590 3937 lage
603 3857 756 3935 abrogata,
775 3867 827 3915 aut
841 3877 900 3935 qua
916 3857 1057 3938 impedita
1074 3879 1134 3938 quo
1154 3862 1251 3923 miuus
1267 3882 1335 3943 per-

231 3951 366 4018 ferretur,
379 3957 431 4007 aut
439 3950 545 4026 quibus
559 3947 744 4028 pactionibus
757 3968 809 4027 pro
823 3948 973 4029 republica
985 3951 1082 4023 iactis,
1097 3961 1149 4013 aut
1160 3953 1268 4031 quibus
1282 3958 1335 4019 de·

232 4042 320 4105 cretis
340 4040 379 4100 de
392 4060 466 4120 psce
478 4040 595 4110 deletis,
605 4050 668 4106 ‚sut
680 4040 787 4119 quibus
800 4060 867 4118 quoe
887 4041 969 4103 vobis
986 4045 1111 4121 probata
1125 4046 1252 4119 luerunt,
1272 4068 1334 4113 non

224 4133 409 4214 ndscriptisi
430 4132 500 4191 Non
518 4133 657 4211 placebat
672 4152 733 4212 pax
746 4132 924 4211 quibusdam
940 4146 1098 4197 oratorum.
1135 4137 1242 4198 Nonne
1263 4160 1334 4202 vero

224 4240 294 4289 ,tum
316 4226 537 4307 refragatum
551 4244 629 4285 nune
643 4245 692 4285 me
710 4245 850 4285 accusare
871 4226 1055 4287 debuerunt?
1076 4222 1334 4313 Ditabanturqui·

230 4321 300 4379 dam
308 4319 388 4381 bello
394 4320 433 4379 de
442 4317 548 4381 restrrs
558 4318 672 4377 tributis
682 4328 713 4377 et
722 4317 848 4397 publicis
859 4318 1063 4399 vectigalibus
1086 4322 1218 4389 Quorum
1227 4328 1334 4397 messis

231 4431 310 4473 nunc
321 4411 419 4511 desiit.
455 4402 543 4474 Pax
531 4411 610 4473 enim
626 4409 719 4500 otium
737 4430 797 4471 non
812 4411 874 4476 alit.
904 4412 929 4481 li
942 4432 1014 4505 ergo
1027 4414 1078 4493 qui
1096 4434 1155 4475 non
1169 4416 1333 4495 laeduntur,
