2967 4950
506 670 1049 763 DEMOSTHENIS

628 898 924 975 EXCEPTIO

387 1118 701 1229 aurursus
742 1094 1179 1193 serumserum.

272 1292 300 1353 1.
322 1293 414 1363 Quis
437 1291 584 1354 dederunt
600 1291 681 1371 leges
696 1290 858 1371 excipiendi
878 1298 1064 1370 potestatem,
1079 1288 1210 1363 ludices,
1231 1290 1267 1351 iis
1287 1290 1329 1349 de

226 1387 317 1447 rebus
336 1403 403 1465 quae
426 1392 500 1443 actm
520 1391 737 1461 transactasque
759 1392 838 1453 sunt,
853 1391 883 1445 et
901 1382 967 1446 baec
982 1392 1111 1473 ‘utraque
1130 1381 1274 1451 interme
1295 1391 1329 1443 et

229 1476 435 1537 Pantaenetum
455 1475 690 1545 intercesserunt,
710 1473 886 1553 praescripsi,
909 1483 943 1532 ut
967 1472 1057 1539 modo
1083 1472 1243 1544 audivistis,
1267 1492 1327 1531 non

228 1567 358 1627 dandam
379 1585 445 1627 esse
466 1566 492 1625 ei
513 1566 669 1639 actionem,
682 1584 745 1624 non·
763 1564 969 1625 abstinendum
988 1563 1045 1623 hoc
1060 1565 1127 1645 jure
1148 1564 1218 1623 mihi
1234 1573 1325 1638 ratus,

230 1678 326 1737 neque
336 1655 580 1722 committendum
599 1666 632 1717 ut
647 1676 714 1751 pum
729 1667 834 1737 prater
845 1665 953 1717 caetera
966 1657 1063 1717 omnia
1073 1657 1227 1717 convicero
1237 1656 1328 1717 istum
1428 1705 1430 1716 .

230 1760 261 1811 et
273 1750 354 1811 omni
366 1770 413 1811 me
426 1750 555 1830 periculo
568 1750 706 1811 liberasse
724 1758 757 1809 et
771 1764 886 1810 mecum
908 1750 1099 1828 transegisse,
1114 1748 1210 1809 dicere
1227 1758 1329 1828 posset

228 1860 278 1901 me
298 1861 357 1903 non
378 1860 449 1901 vera
468 1840 560 1919 loqui,
582 1860 657 1906 neve
683 1840 742 1901 boc
769 1849 945 1920 argumento
963 1849 1102 1911 uteretur,
1126 1840 1151 1900 si
1173 1839 1245 1918 quid
1268 1840 1328 1903 tale

196 1964 199 1973 ·
224 1942 328 2007 actum
353 1943 442 2005 esset,
463 1932 554 1993 luisse
577 1952 625 1993 me
647 1921 702 1991 ilbi
725 1932 980 2013 praescripturum:
1010 1930 1064 1993 sed
1088 1929 1118 1991 in
1139 1932 1196 1992 hoc
1214 1932 1329 2011 judicio

229 2025 391 2105 eademque
405 2043 496 2086 causa
509 2024 591 2085 robis
604 2033 761 2103 utrumque
779 2023 1004 2097 ostendendum,
1017 2035 1048 2083 et
1062 2024 1110 2083 isti
1124 2041 1143 2084 a
1156 2044 1202 2083 me
1215 2024 1328 2084 nullam

228 2136 295 2177 esse
309 2118 418 2177 lactum
432 2116 576 2193 iujuriam,
590 2124 620 2176 et
634 2119 671 2177 ab
685 2135 721 2175 eo
734 2114 805 2175 mihi
826 2125 928 2175 contra
944 2116 1027 2195 leges
1041 2116 1148 2177 lacessi
1167 2118 1327 2193 negotium.

229 2210 320 2278 Quod
333 2210 358 2270 si
371 2209 443 2289 quid
456 2228 557 2285 eorum
569 2208 725 2269 accidisset
738 2208 912 2269 Pautaeneto
933 2227 1001 2287 quoe
1024 2228 1104 2269 nunc
1116 2208 1256 2286 queritur,
1269 2206 1329 2271 illis

226 2303 328 2365 stetim
340 2301 523 2380 temporibus
536 2300 566 2359 in
577 2302 626 2377 jus
639 2320 686 2361 me
699 2308 846 2372 vocasset,
858 2300 965 2379 quibus
981 2300 1057 2362 inter
1072 2320 1126 2361 nos
1140 2309 1328 2363 contraxera-

230 2416 307 2469 mns,
320 2396 389 2456 cum
404 2405 435 2458 et
449 2404 600 2454 menstrua
612 2395 673 2455 siut
687 2394 802 2476 judicis
816 2394 892 2468 haec,
911 2404 941 2455 et
954 2394 1068 2474 utrique
1082 2394 1161 2455 dorni
1175 2394 1327 2467 fuerimus,

229 2499 260 2550 et
273 2509 375 2550 omnes
387 2488 521 2549 homines
538 2486 704 2552 recentibus
721 2487 833 2567 injuriis
847 2487 941 2566 magis
955 2505 1043 2566 quarn
1058 2505 1139 2548 mura
1154 2487 1325 2566 interposita

227 2581 375 2662 indignari
395 2582 528 2642 soleant:
553 2581 606 2641 sed
625 2590 782 2662 postquam
796 2580 878 2640 nulla
891 2579 1013 2640 affectus
1027 2581 1207 2660 injuria-ut
1220 2590 1251 2642 et
1263 2600 1326 2654 vos,

153 2668 156 2672 ⁴
227 2674 301 2734 satis
311 2675 383 2748 scio,
391 2675 493 2734 audita
503 2695 534 2736 re
542 2675 689 2736 assensuri
702 2676 956 2735 estis—successu
964 2673 1102 2754 Euergini
1107 2674 1213 2755 judicii
1221 2675 1327 2747 elatus,

227 2766 436 2840 calumniatur,
449 2767 594 2845 reliquunt
606 2778 663 2840 est,
675 2767 694 2826 J
698 2766 808 2842 udices,
817 2777 861 2839 ut,
874 2766 955 2845 apud
969 2785 1020 2827 ros
1030 2776 1150 2828 ostensa
1159 2767 1328 2827 innocentia

229 2877 297 2918 mea
317 2868 347 2918 et
367 2858 403 2918 iis
425 2878 492 2937 qum
513 2859 612 2919 dicam
635 2859 761 2919 testibus
783 2853 991 2937 comprobatis,
1014 2858 1089 2918 tueri
1112 2879 1159 2918 me
1182 2859 1326 2919 studeam.

227 2950 336 3010 'Petam
352 2959 450 3012 autem
471 2971 489 3010 a
506 2951 589 3011 robis
610 2952 744 3013 omnibus
762 2969 824 3010 rem
840 2969 956 3030 requam
971 2961 1001 3011 et
1013 2950 1169 3024 modicam,
1185 2959 1219 3009 ut
1232 2969 1326 3010 meam
1349 2979 1353 2985 ·
1468 2939 1469 2944 ¹

230 3044 435 3125 exceptionem
449 3044 576 3124 benigue
589 3043 727 3117 audiatis,
740 3052 892 3122 totumque
904 3043 1053 3122 negotium
1067 3043 1223 3122 diligenter
1232 3051 1328 3102 atten-

230 3126 324 3196 datis:
344 3154 493 3195 namcum
507 3135 602 3195 multa
615 3135 648 3193 in
666 3136 739 3194 urbe
753 3133 867 3213 judicia
883 3133 963 3214 sacta
983 3135 1053 3207 sint,
1066 3133 1178 3193 nullam
1197 3153 1328 3213 unquam

232 3228 375 3288 actionem
387 3225 641 3307 relimpudentius
655 3226 703 3289 rel
713 3225 891 3304 iniquius'ab
906 3224 967 3284 ullo
977 3244 1047 3284 esse
1059 3224 1224 3285 institutam
1237 3225 1331 3286 senti·

230 3319 296 3390 etis,
306 3327 342 3378 ut
354 3319 488 3392 arbitror,
498 3337 535 3379 es
551 3339 613 3398 qua
632 3337 714 3378 nunc
733 3317 790 3376 iste
804 3317 939 3402 instituta
951 3316 981 3376 in
995 3324 1185 3396 conspectum
1198 3313 1328 3376 restrum

196 3406 347 3494 *prodire
368 3430 427 3470 non
446 3410 596 3471 dubitarit.
638 3409 727 3470 Dabo
742 3418 838 3488 autem
853 3428 981 3490 operam,
994 3418 1029 3469 ut
1040 3429 1100 3470 rem
1112 3409 1195 3470 vobis
1211 3427 1331 3470 omnem

231 3497 271 3562 ab
282 3503 376 3576 initio,
388 3522 477 3582 quam
500 3501 564 3561 fieri
581 3501 765 3580 paucissimis
777 3503 894 3584 poterit,
909 3502 1060 3584 explicem.

273 3597 303 3656 2.
323 3595 529 3655 Mutuarimus
548 3594 679 3673 quinque
697 3605 728 3654 et
747 3604 864 3654 centum
881 3594 987 3668 minas,
1004 3592 1138 3665 ludices,
1154 3592 1328 3656 Pautoeneto

227 3706 289 3765 ego
308 3698 339 3746 et
360 3686 493 3766 Erergns
513 3685 552 3745 ad
576 3684 720 3747 officinam
740 3685 770 3744 in
791 3685 899 3746 fodinis
921 3685 1071 3746 Maroneia
1093 3696 1125 3745 et
1147 3683 1186 3745 ad
1208 3685 1330 3765 triginta

185 3855 190 3865 1
230 3779 394 3858 mancipia:
415 3779 478 3858 ejus
496 3778 630 3858 pecunim
649 3777 843 3858 quadragintis
862 3777 992 3857 quinque
1010 3777 1098 3836 minae
1111 3777 1329 3853 meaefueruru,

230 3871 374 3932 talentum
388 3869 507 3950 Erergr‘.
527 3946 529 3951 Ι
548 3871 704 3931 Acciderat
717 3879 816 3930 autem
830 3881 863 3929 ut
876 3871 931 3931 iste
945 3870 1065 3930 deberet
1076 3868 1212 3948 Mnesicli
1223 3871 1328 3952 Colyt-

232 3964 308 4024 tensi
326 3950 479 4035 talentum,
493 3965 605 4025 Phileas
620 3964 773 4024 Eleusinia
796 3973 827 4024 et
846 3963 966 4028 Plistori
989 3963 1330 4044 quadragintaquinque

231 4054 340 4118 minas,
378 4057 521 4119 Venditor
542 4056 666 4117 officinm
679 4066 710 4117 et
722 4057 933 4136 mancipiorum
951 4056 1036 4118 nobis
1052 4057 1086 4118 fit
1100 4053 1327 4119 Mnesicles—-is

231 4151 308 4229 enim
319 4169 355 4211 ea
364 4150 412 4211 isti
423 4150 559 4210 'emerata
570 4150 766 4210 Telemarcho
774 4139 868 4228 priore
879 4149 1049 4222 domino'-,
1058 4168 1095 4208 ea
1107 4167 1177 4209 vero
1190 4147 1330 4208 conducit

127 4235 131 4241 ’
232 4242 289 4301 iste
312 4262 331 4302 a
352 4242 436 4303 nobis
454 4262 544 4304 usura
563 4241 638 4302 illius
655 4243 780 4321 argenti,
799 4243 929 4323 quinque
947 4254 977 4302 et
997 4252 1114 4302 centurn
1135 4241 1282 4302 drachmis
1296 4242 1327 4301 in

234 4333 366 4414 singulos
376 4356 504 4397 menses.
545 4335 724 4396 conficimus
737 4337 863 4411 tabulas,
877 4335 983 4416 quibus
997 4346 1028 4397 et
1039 4335 1159 4409 locatio,
1172 4344 1203 4396 et
1216 4347 1326 4396 certum

233 4426 383 4506 quoddam
396 4440 512 4511 tempus
531 4429 608 4490 intra
620 4429 700 4510 quod
714 4449 735 4490 a
754 4429 839 4490 nobis
854 4427 999 4491 officinam
1019 4429 1046 4490 ei
1066 4429 1206 4491 redimere
1219 4428 1328 4500 liceret,
