2967 4950
245 308 302 365 668
466 308 509 367 IN
536 304 740 367 EleRGUM
764 310 815 367 ΕΤ
835 304 1122 368 MNESIBULUM.

567 550 655 609 LEX.
697 550 1011 616 TESTIMONIUM.
1065 590 1072 603 .

284 693 333 752 21.
353 688 431 751 Eum
450 692 538 773 igitur
553 690 733 754 concessisse
748 690 778 753 et
790 692 942 753 distulisse
963 673 1039 753 diem
1055 712 1072 751 e
1087 691 1214 751 testibus
1229 688 1350 751 audivi-

243 783 315 845 stis:
336 780 382 843 me
398 794 496 847 autem
510 786 682 847 instruxisse
697 787 854 861 triremem,
867 797 898 846 et
911 784 1029 866 quidem
1043 804 1176 863 eamque
1188 784 1351 863 imperator

242 876 432 963 ¹rllcimachus
446 878 609 954 veheretur,
624 880 738 961 collega
760 879 791 938 in
812 880 986 961 praefectura
1003 899 1086 938 meus
1101 889 1147 938 est
1161 878 1349 938 testificatus.

243 960 371 1034 Proinde
387 974 459 1035 nihil
473 995 491 1034 a
504 994 551 1033 me
571 985 669 1057 petere
690 974 787 1055 potuit
808 983 926 1054 propter
939 972 1057 1033 dilatam
1071 971 1257 1043 solutionem,
1268 991 1349 1049 proe·

242 1063 344 1126 sertim
366 1087 433 1127 cum
445 1068 551 1129 vellem
573 1068 705 1129 solvere:
727 1066 780 1127 sed
795 1066 899 1147 ingens
920 1057 1106 1127 est'hominis
1120 1058 1242 1124 araritia
1253 1075 1350 1142 atque

242 1158 397 1240 cupiditas,
411 1160 429 1219 J
432 1160 545 1233 udices,
561 1171 621 1221 tam
635 1160 795 1221 minoribus
810 1179 897 1239 quarn
908 1158 1064 1239 majoribus
1078 1157 1108 1217 in
1122 1159 1218 1217 rebus.
1246 1156 1350 1217 Probe

242 1250 312 1311 item
326 1253 469 1327 sciebant,
483 1254 508 1313 si
520 1254 673 1314 mulierem
686 1253 886 1325 tradidissent,
903 1254 1000 1333 palam
1014 1253 1085 1325 lore,
1096 1271 1142 1311 me
1155 1250 1233 1310 falso
1248 1246 1286 1311 ab
1301 1253 1351 1312 eis

242 1356 308 1405 csse
324 1345 525 1406 accusatumt'
536 1347 582 1407 sin
595 1366 654 1407 non
674 1339 875 1420 tradidissent,
889 1366 977 1425 quam
995 1347 1063 1405 eum
1083 1344 1197 1404 tradere
1214 1344 1351 1405 voluisse

240 1437 387 1499 testificati
401 1438 528 1513 fuerant,
542 1438 604 1500 fore
617 1450 650 1499 ut
669 1439 734 1499 falsi
749 1439 908 1499 testimonii
922 1440 1172 1499 convincerentur.
1214 1436 1277 1497 Oro
1290 1458 1351 1497 au-

240 1536 300 1588 tern
314 1550 377 1603 vos,
390 1528 524 1602 ludices,
535 1530 558 1590 si
569 1531 636 1609 quis
650 1550 749 1591 eorum
763 1531 837 1591 forte
848 1532 898 1611 qoi
908 1540 969 1589 turn
978 1532 1028 1609 jus
1041 1530 1180 1589 dixerunt
1187 1528 1235 1589 hic
1246 1528 1352 1604 adest,

241 1631 275 1680 ut
288 1621 393 1681 iisdem
415 1623 538 1683 utamini
560 1623 708 1697 institutis,
724 1624 829 1702 quibus
848 1634 911 1683 turn
931 1642 1059 1703 quoqne.
1100 1624 1146 1681 Ac
1169 1622 1194 1683 si
1210 1621 1351 1683 testimo-

241 1714 321 1771 nium
344 1726 407 1774 tum
421 1714 480 1776 fide
494 1708 619 1795 dignum
629 1716 723 1778 visur'n
738 1725 795 1791 est,
807 1716 833 1776 si
851 1737 898 1776 me
916 1716 1031 1796 fugisse
1050 1734 1109 1793 quo
1126 1714 1219 1773 minus
1230 1714 1351 1775 veritas

241 1820 471 1887 cognosceretur
485 1830 522 1869 ex
537 1810 655 1869 muliere
666 1810 800 1890 putastis,
813 1829 881 1870 cum
895 1829 974 1869 nunc
989 1809 1037 1869 isti
1051 1810 1159 1869 falsum
1173 1808 1283 1868 dixisse
1298 1818 1352 1869 te-

240 1900 408 1961 stimonium
423 1903 633 1963 convincantur
646 1912 676 1962 et
689 1902 838 1962 mulierem
852 1902 967 1962 tradere
981 1912 1128 1976 recusent,
1143 1911 1176 1960 ut
1195 1920 1239 1961 me
1252 1901 1352 1981 juve·

239 1992 297 2053 tis:
318 1995 397 2073 quod
421 1995 445 2056 si
470 1996 540 2055 nrihi
564 1996 630 2056 irati
651 1996 760 2068 fuistis,
783 1996 865 2075 quod
887 1995 1008 2075 pignora
1029 2006 1169 2075 capturus
1197 1993 1234 2054 ad
1257 1996 1352 2057 oedes

239 2083 418 2167 Theoplremi
431 2089 555 2158 accessi,
577 2098 610 2148 ut
630 2097 661 2147 et
681 2088 745 2149 istis
770 2109 848 2149 nuno
871 2089 1046 2160 irascamini,
1060 2088 1139 2168 quod
1160 2106 1239 2149 meas
1257 2088 1354 2151 mdes

141 2222 143 2227 ι
239 2176 417 2243 invaserunt.

279 2274 330 2331 22.
352 2272 449 2351 Atque
471 2291 539 2351 ego,
557 2272 672 2353 legibus
695 2284 725 2333 et
745 2274 870 2334 decretis
889 2284 1133 2347 coactus,tamen
1152 2275 1213 2334 cavi
1233 2293 1271 2333 ne
1292 2275 1353 2336 vel

239 2363 277 2424 ad
291 2376 404 2444 patrem
416 2363 502 2425 istius
515 2365 693 2444 ingrederer,
706 2365 753 2427 vel
766 2366 805 2426 ad
819 2376 949 2440 matrem,
962 2368 1008 2427 rel
1021 2366 1178 2447 quicquam
1188 2366 1268 2447 quod
1281 2366 1354 2429 fra-

239 2457 291 2522 tris
306 2462 368 2536 ejus
384 2469 464 2520 esset
477 2458 632 2534 auferrem,
649 2460 702 2520 sed
717 2481 753 2520 eo
766 2460 834 2522 veni
848 2460 897 2521 ubi
917 2461 981 2541 ipse
995 2459 1203 2540 Theophemus
1224 2458 1353 2524 babita-

238 2551 308 2614 bat:
330 2572 418 2632 quem
432 2573 497 2612 cum
513 2552 591 2612 domi
606 2573 665 2612 non
687 2553 872 2632 reperissem,
886 2555 958 2615 nihil
976 2575 1015 2616 ex
1036 2555 1150 2614 aedibus
1171 2553 1271 2634 eripui,
1284 2557 1353 2616 sed

238 2641 455 2722 accersijussi:
478 2655 508 2706 et
520 2654 666 2724 praesente
680 2663 726 2718 eo,
737 2664 796 2706 non
813 2648 944 2719 absente,
956 2647 1079 2727 pignora
1089 2646 1170 2726 cepi;
1192 2665 1258 2725 quse
1268 2654 1352 2708 'cum

238 2733 310 2794 mihi
337 2737 518 2817 eriperentur
540 2737 624 2798 amisi
645 2748 675 2797 et
694 2738 732 2797 ad
750 2748 882 2798 senatum
902 2739 1123 2819 legitimumque
1139 2737 1353 2819 magistratum

237 2829 316 2890 abii:
338 2849 432 2908 eoque
456 2830 556 2891 delato
580 2842 611 2890 et
632 2829 771 2891 damnato
794 2831 825 2892 in
847 2844 962 2905 senatu,
976 2833 1047 2893 satis
1068 2853 1134 2892 esse
1152 2831 1220 2892 duxi
1241 2851 1351 2896 arma·

237 2932 338 2982 menta
358 2922 463 3003 simpla
484 2923 622 3003 recipere,
647 2924 684 2982 de
704 2923 873 2985 verberibus
892 2934 991 2985 autem
1013 2924 1124 3004 sumpsi
1147 2925 1286 2984 arbitrum
1313 2939 1352 2988 et

236 3013 377 3075 mulctam
399 3026 492 3076 ratam
516 3016 615 3078 habui.
657 3017 700 3075 Ac
721 3035 780 3094 ego
801 3017 920 3095 quidem
943 3018 1018 3078 adeo
1031 3037 1079 3077 me
1097 3015 1195 3078 lenem
1214 3017 1243 3076 in
1257 3016 1350 3082 ¹istos

233 3109 358 3187 praebui.
384 3109 436 3170 Isti
456 3129 525 3170 vero
539 3109 580 3170 ita
592 3110 758 3192 petulantes
774 3109 969 3190 etimportuui
983 3111 1112 3184 fuerunt,
1126 3121 1160 3171 ut
1172 3130 1290 3183 uxorem
1310 3125 1351 3176 et

234 3196 344 3262 liberos
357 3204 563 3282 opprimerent,
579 3221 645 3261 cum
660 3202 778 3282 quidem
790 3222 860 3262 oves
875 3213 905 3264 et
916 3202 1044 3264 famulos
1057 3203 1256 3276 abstulissent,
1269 3224 1349 3282 quae

233 3292 328 3372 pluris
343 3304 428 3354 erant
441 3314 529 3374 quarn
552 3295 655 3374 quanti
676 3313 723 3355 me
740 3295 993 3357 condemnarant:
1009 3316 1080 3356 cum
1092 3317 1179 3377 porro
1199 3290 1278 3356 diem
1291 3299 1349 3362 di-

235 3393 315 3444 ctam
329 3385 522 3460 distulissent,
537 3406 651 3466 egoque
673 3389 872 3468 promisissem
895 3409 952 3464 me,
967 3400 1031 3450 ute
1051 3390 1176 3450 testibus
1199 3388 1346 3466 audistis,

236 3476 376 3538 mulctam
397 3475 439 3538 eis
462 3478 638 3552 soluturum,
650 3479 681 3538 in
698 3467 779 3541 mdes
796 3481 921 3561 ingressi
933 3493 1013 3557 sunt,
1027 3493 1057 3542 et
1078 3482 1273 3562 supellectilia
1285 3504 1348 3546 ex-

196 3565 201 3576 ’
236 3580 394 3648 portarunt,
409 3582 440 3630 et
455 3568 609 3644 nutricem,
625 3591 723 3633 senem
738 3573 898 3649 mulierem,
911 3586 1029 3659 propter
1042 3577 1191 3658 cymbium
1204 3581 1350 3641 excomi-
1401 3585 1405 3592 ’

235 3663 378 3740 ficerunt;
402 3683 469 3744 quse
487 3663 767 3739 omnia,.etiamnum
787 3677 898 3740 tenent,
913 3679 944 3743 et
957 3669 1089 3729 nondum
1101 3669 1272 3745 restituunt,
1286 3691 1344 3734 so·

235 3746 332 3834 lutisa
346 3777 391 3818 me
405 3759 484 3822 mille
498 3756 637 3820 trecentis
653 3759 773 3840 triginta
785 3761 876 3822 tribus
888 3762 1036 3824 drachmis
1050 3763 1166 3844 duobus
1180 3764 1284 3826 obolis.

233 3843 238 3850 ’
275 3853 324 3912 23.
347 3851 457 3932 Siquis
480 3863 577 3914 autern
601 3873 652 3914 eos
674 3864 738 3914 turn
756 3854 911 3935 ignoravit,
925 3876 962 3918 ac
984 3856 1131 3938 simplices
1151 3857 1284 3918 homines
1304 3872 1343 3920 et

234 3943 348 4022 quietos
363 3963 428 4016 esse
441 3943 564 4023 putavit,
580 3945 748 4008 testimonia
761 3948 843 4009 vobis
861 3948 899 4009 de
913 3949 967 4017 eis.
987 3969 1054 4029 quas
1068 3950 1216 4027 testificati
1230 3951 1300 4010 mibi
1315 3953 1340 4018 ii

234 4048 303 4096 sunt
316 4055 391 4116 quos
412 4035 459 4095 isti
481 4037 593 4118 injuriis
615 4037 786 4112 affecerunt,
801 4041 1051 4110 recitab0,-nem
1065 4041 1103 4102 ad
1121 4064 1159 4104 ea
1172 4038 1340 4106 enarranda

233 4148 311 4210 aqua
324 4129 394 4188 mihi
409 4130 544 4190 defutura
553 4141 681 4204 esset-,
693 4143 726 4192 ut
734 4133 781 4192 his
792 4135 938 4208 omnibus,
945 4155 1011 4216 quae
1021 4145 1131 4196 etame
1142 4148 1200 4198 eta
1208 4131 1337 4209 testibus

233 4220 312 4282 dicta
333 4234 410 4293 sunt,
433 4223 635 4298 consideratis,
657 4225 698 4284 ita
721 4227 917 4306 pronuncietis
936 4238 970 4287 ut
987 4239 1086 4290 vestra
1107 4228 1226 4302 fideset
1243 4230 1338 4310 juris-

229 4305 347 4392 jurandi
359 4315 462 4397 religio
476 4315 616 4398 postulat.
658 4319 764 4378 Recita
778 4319 951 4382 testimonia.
1018 4313 1032 4391 j
1047 4361 1051 4376 .

658 4464 922 4526 TESTIMONIA.
