2967 4950
153 349 155 356 .
256 287 319 351 reu
614 287 783 352 corrue
805 287 1004 375 sunnin.

258 443 440 526 pultem
464 443 598 506 fanorum
620 445 702 526 leges
722 448 887 526 prohibent,
902 458 977 507 ‘cuns
1002 443 1110 523 thus
1132 440 1250 505 edulter
1268 435 1353 498 luerit

256 537 490 617 deprehensuslr
514 539 559 598 sin
577 537 721 617 ingresse
746 540 854 600 fuerint
877 535 1055 616 contemptis
1074 535 1205 614 iegibus,
1238 532 1353 610 impone

254 629 364 708 ¹<tutoris
378 629 511 694 mulctari
530 630 618 692 licere
635 632 736 702 modo,
752 633 820 692 vites
833 631 922 692 modo
933 639 1079 710 parcatur,
1088 636 1121 688 et
1132 624 1297 685 mulctandi
1305 643 1354 688 ese

258 733 435 802 menatem
448 722 496 786 lex
509 723 601 784 cuivis
615 725 701 784 obvio
712 724 803 786 dedit.
831 725 900 784 Hac
913 732 1012 786 sutem
1026 721 1064 781 de
1073 723 1174 791 deust,
1183 715 1355 776 mulieribus

257 815 409 889 reniteris,
433 816 488 878 etsi
511 815 617 878 ceteris
639 817 774 878 omnibus
799 818 908 893 injuriis
930 814 1125 896 exagitentur,
1147 811 1270 890 negavit
1287 810 1355 870 ulti·

256 927 359 978 onem,
375 906 500 972 interfici
513 916 610 968 temen
631 907 735 981 uoluit,
749 930 788 970 ne
809 910 880 972 lens
892 910 1067 989 polluantur,
1080 915 1133 966 ant
1145 903 1250 982 religio
1266 902 1354 962 viole·

258 1010 327 1068 lur:
349 1000 421 1062 sutis
435 1019 543 1078 mogun
556 1009 664 1062 terrore
674 1001 717 1062 illi
730 1002 814 1064 sexui
822 1003 940 1082 injecto,
950 1001 990 1060 sd
1002 998 1157 1060 colendam
1170 993 1356 1061 modernam.

257 1102 290 1152 et
302 1091 414 1172 flagitis
425 1092 555 1164 viteuds,
569 1091 733 1172 traditaque
748 1095 914 1174 disciplina,
930 1090 1145 1165 domum-sicut
1161 1107 1282 1167 reqsum
1302 1097 1355 1158 est,

254 1183 454 1256 curedieudi,
473 1184 553 1262 quod
576 1183 601 1243 si
626 1185 697 1263 quid
719 1187 780 1246 tale
792 1187 823 1246 iu
842 1207 876 1248 se
894 1185 1073 1257 admiserint,
1087 1181 1220 1242 simulet
1240 1181 1355 1240 aedibus

259 1279 366 1349 nunu,
380 1287 412 1340 et
423 1276 548 1357 publicis
561 1277 641 1338 urbis
661 1278 736 1340 lanis
752 1281 986 1362 sintejicieudoe.
1026 1280 1102 1339 Hsec
1120 1277 1163 1336 ite
1182 1295 1215 1336 re
1235 1275 1355 1346 habere,

253 1371 323 1451 ipsa
336 1372 404 1452 lege
418 1371 519 1434 eudits
532 1371 730 1448 cognoscetis.
773 1374 854 1455 Grpe
868 1374 979 1455 legem,

634 1539 713 1602 LEX
745 1541 981 1609 auuuususs.

293 1671 419 1732 Postquam
426 1679 503 1722 sulen
513 1675 642 1723 rdnltsrnm
652 1673 839 1737 deprehenderit,
850 1671 925 1734 etqui
934 1670 1088 1734 deprehendit
1096 1683 1166 1731 perro
1176 1668 1201 1714 in
1209 1665 1355 1714 menineris

260 1747 345 1798 usus·
356 1747 475 1798 melissea
485 1763 536 1798 esu
547 1766 575 1800 ne
586 1750 670 1801 litent:
690 1765 758 1811 quern
769 1749 792 1802 si
802 1749 932 1805 retinuerit,
942 1745 1110 1809 ignominiosus
1118 1755 1178 1792 estu
1210 1745 1299 1804 Neque
1308 1757 1355 1790 nu·

259 1823 312 1873 lieri
324 1822 394 1870 lineet
403 1824 494 1890 ingredi
502 1826 527 1873 in
536 1827 588 1875 iens
595 1827 698 1894 publius,
709 1841 763 1874 oum
773 1842 819 1889 qus
828 1827 899 1876 inerit
909 1825 1000 1877 edultsr
1010 1825 1186 1886 deprehensum
1200 1821 1243 1871 sin
1250 1822 1354 1882 ingresse

259 1899 335 1955 inerit,
348 1899 442 1962 impune
452 1901 546 1970 quidvis
555 1903 578 1950 in
589 1919 639 1952 erm
651 1903 729 1961 licent,
740 1910 815 1952 morte
823 1912 930 1964 excepte.

202 2085 205 2092 ,
299 2016 350 2082 23.
373 2015 525 2082 Exhibebo
546 2019 646 2080 eutem'
667 2017 760 2090 vobis,
781 2015 989 2084 Athenienses,
1002 2013 1090 2073 etiem
1111 2010 1212 2091 populi
1232 2010 1354 2071 Atheni·

255 2108 337 2175 eatis
351 2108 560 2182 testimouium,
575 2122 694 2190 quentis
707 2131 785 2171 cursa
798 2109 862 2170 hnc
881 2127 966 2168 secra
976 2108 1093 2179 habeat,
1107 2116 1221 2183 quante
1237 2125 1277 2164 ea
1291 2105 1354 2166 dili-

258 2201 360 2281 genua
381 2211 413 2264 et
431 2203 531 2262 studio
553 2203 774 2284 conplectatur.
815 2201 947 2282 Populus
965 2201 1042 2261 enim
1056 2198 1256 2272 Atheniensis,
1271 2203 1354 2281 cnjus
1458 2228 1459 2231 ¹

258 2303 431 2360 summensi
442 2295 475 2371 iu
487 2297 572 2358 rebus
592 2297 631 2358 ed
644 2296 851 2376 rempublicam
869 2293 1081 2375 pertinentibus
1096 2293 1231 2355 omniurn
1252 2303 1354 2354 aucto

253 2388 338 2461 rius,
349 2388 454 2469 cuique
467 2391 563 2452 lacere
576 2391 656 2470 quud
670 2391 795 2470 veluerit
803 2390 883 2472 licet,
895 2389 1118 2470 iteproeclurum
1126 2399 1157 2446 et
1166 2387 1355 2467 splendidum
1458 2412 1460 2443 ι

255 2481 370 2549 donum
391 2502 457 2545 esse
476 2485 594 2545 censuit
613 2484 821 2546 Atheniensem
833 2485 905 2555 lieri,
918 2495 952 2543 nt
970 2485 1033 2563 ipse
1054 2481 1109 2542 sibi
1126 2482 1208 2559 leges
1223 2482 1356 2560 presseri-

258 2576 360 2653 psetit,
369 2572 475 2652 quibui
489 2576 604 2655 legibus
614 2578 768 2638 faciendus
778 2577 951 2655 sit,siquem
964 2577 1102 2636 donmum
1113 2574 1231 2634 civitate
1244 2575 1356 2644 velint,
1407 2598 1414 2615 ·
1457 2637 1458 2648 χ

256 2684 326 2745 quse
348 2686 427 2729 nuuc
451 2670 627 2748 proculcatm
647 2681 717 2732 eunt
735 2692 755 2730 a
773 2670 935 2749 Stephano,
948 2679 978 2729 et
995 2668 1031 2727 iis
1049 2668 1100 2746 qui
1113 2667 1157 2727 sic
1170 2668 1356 2727 matrimonia

258 2769 478 2823 contruxerunt.
519 2762 595 2829 Quse
608 2782 659 2823 vus
672 2763 789 2825 audiere
800 2764 959 2843 prestabit,
973 2771 1009 2822 ut
1019 2761 1216 2839 cognoscatis,
1226 2780 1282 2820 eos
1291 2761 1355 2840 pul·
1457 2749 1458 2778 ³

257 2849 446 2918 mensuret
460 2852 700 2930 splendidissima
717 2854 808 2927 dona,
820 2855 860 2915 de
879 2854 1030 2934 republica
1048 2854 1125 2912 hene
1144 2853 1253 2913 meritis
1269 2854 1355 2913 tribui
1456 2885 1457 2940 3

259 2942 357 3023 solite,
370 2944 594 3009 contaminasse.
635 2946 766 3011 Primum
779 2949 856 3007 enim
872 2948 934 3013 leta
952 2947 1020 3005 haec
1038 2946 1150 3025 populo
1171 2946 1219 3005 lex
1239 2958 1299 3017 est,
1320 2965 1355 3005 ne
1456 3007 1457 3010 ,

256 3054 344 3115 tillem
357 3035 454 3103 fetere
468 3036 555 3099 lioeat
568 3038 788 3112 Atheniensem,
808 3040 864 3099 nisi
883 3040 943 3120 qui,
964 3048 1081 3119 propter
1099 3048 1248 3099 strenuam
1261 3040 1355 3105 Athe

256 3128 352 3199 uisuri
361 3128 475 3209 populo
489 3141 624 3193 navatam
638 3152 755 3213 opernm
771 3145 802 3193 et
814 3132 1026 3204 fortitudinem,
1039 3132 1100 3190 lieri
1113 3130 1185 3190 ciris
1197 3142 1355 3191 mereatur.

261 3221 387 3295 Deinde,
398 3222 423 3288 si
436 3242 607 3301 persuasum
619 3226 730 3306 populo
744 3226 841 3299 luerit,
854 3236 889 3285 ut
901 3226 952 3285 det
963 3225 995 3285 id
1004 3244 1123 3295 munus,
1133 3234 1226 3283 retem
1235 3236 1355 3305 eoopu-
1455 3267 1456 3314 p

260 3314 367 3373 tionem
390 3334 457 3373 esse
478 3314 557 3375 haud
580 3317 657 3389 sinit,
679 3318 734 3377 nisi
758 3318 900 3379 concione
921 3317 1055 3396 sequenti
1079 3316 1130 3376 viri
1151 3316 1280 3396 amplius
1302 3337 1354 3377 sex

260 3403 339 3463 mille
353 3404 549 3467 Athenienses
568 3409 689 3469 occultis
704 3409 849 3487 suffragiis
864 3408 1089 3489 comproberint.
1131 3412 1292 3469 Senatores
1306 3429 1355 3467 au·

258 3507 318 3561 lem
334 3497 419 3574 jubet
442 3498 539 3559 salex
563 3521 724 3579 proponere
746 3503 893 3582 capsulas,
908 3512 939 3562 et
957 3490 1089 3561 calculos
1110 3500 1181 3560 dare
1196 3501 1356 3561 secedenti

259 3590 378 3669 populo,
398 3588 566 3671 priusquam
589 3593 719 3672 hospites
747 3595 958 3673 ingrediantur,
979 3604 1009 3653 et
1031 3594 1150 3672 premis
1175 3593 1301 3662 tollant;
1325 3604 1355 3652 ut
1454 3613 1455 3618 ¹

260 3682 461 3763 unusquisque
482 3684 526 3743 sui
546 3685 620 3765 juris
635 3686 732 3747 adhuc
749 3707 849 3747 secum
864 3689 925 3766 ipse
938 3686 1087 3758 deliberet,
1103 3704 1190 3765 quern
1210 3688 1305 3746 civem
1320 3686 1357 3746 sit
1454 3729 1455 3778 p

259 3776 401 3850 Amatur,
415 3797 452 3839 an
467 3796 503 3839 eo
516 3794 636 3839 munere
651 3780 689 3840 sit
702 3780 812 3859 dignus
825 3780 915 3859 isqui
929 3788 1101 3857 recepturus
1114 3779 1161 3840 sit.
1203 3779 1279 3839 Post
1291 3780 1354 3838 hmo

260 3868 429 3937 violatarum
448 3870 548 3949 legum
572 3873 716 3941 achonem
743 3873 834 3933 cuivis
857 3872 1081 3931 Atheniensium
1101 3872 1131 3932 iu
1157 3892 1226 3931 eum
1252 3872 1354 3933 dedit:
1453 3927 1454 3934 ,

180 4004 187 4017 ·
258 3963 384 4043 horaque
397 3964 529 4051 ingresso
542 3966 572 4026 in
583 3966 725 4045 judicium
745 3968 900 4037 revincere,
912 3986 973 4026 nan
986 3967 1108 4044 dignum
1123 3985 1188 4025 esse
1207 3986 1275 4027 euru
1290 3984 1355 4025 mu·
1453 3947 1454 3980 ³

256 4078 326 4125 ituro
339 4060 400 4131 ilio,
418 4058 471 4119 sed
485 4070 588 4121 contre
597 4062 680 4140 leges
693 4061 901 4123 Atheniensem
916 4080 983 4121 esse
993 4060 1113 4121 lactum.
1155 4061 1195 4120 Et
1202 4061 1262 4140 jem
1278 4080 1353 4120 non·

257 4152 344 4217 nulls
367 4152 514 4229 usuvenit,
533 4163 567 4212 ut
587 4153 658 4213 dato
682 4174 802 4215 munere
820 4174 873 4234 per
898 4154 1051 4233 populum,
1073 4152 1265 4232 flagitantium
1288 4174 1354 4211 ver·
1452 4155 1453 4230 j

255 4245 302 4309 bie
327 4245 497 4325 deceptum,
521 4246 605 4309 feisse
630 4248 791 4327 rogationis
818 4247 933 4307 actione
959 4246 1037 4327 apud
1056 4246 1173 4325 judices
1190 4239 1354 4325 proposita,

235 4335 284 4399 'ir
307 4338 355 4415 eui
381 4358 489 4401 nunnus
509 4338 686 4419 recepisset,
713 4338 935 4401 convinceretur
963 4358 1083 4400 munere
1110 4338 1247 4418 indignus
1271 4358 1352 4409 esse,

257 4431 491 4513 euenturum
510 4433 655 4495 sententis
674 4433 858 4514 spoliaretur.
897 4435 944 4495 Ac
957 4432 1065 4498 multos
1083 4453 1101 4492 e
1112 4433 1257 4509 veteribus
1268 4450 1353 4493 oum·
1451 4455 1452 4458 ¹
