2967 4950
248 281 307 340 su
550 278 746 344 uxorum
766 272 1037 368 concionum.

246 455 343 518 neque
357 451 457 500 omnes
472 439 558 501 simul
571 439 770 519 magistratus,
784 431 965 498 sublatarum
984 436 1094 514 legum,
1112 452 1234 512 quarum
1256 427 1338 492 vohis

246 549 317 628 curu
329 533 483 594 commissa
495 542 551 604 est,
566 532 637 594 satis
651 550 756 611 graves
768 547 874 610 poenas
887 530 959 593 dare
971 547 1067 608 posse.

756 676 827 744 xn.

287 799 433 864 Fortassis
446 802 628 876 invidiosum,
641 801 848 873 Athenienses,
862 797 1038 881 quibusdam
1051 816 1116 858 esse
1130 794 1272 854 videatur.
1307 765 1344 866 Si

247 894 311 976 quis
325 894 413 955 homo
426 895 506 956 rudis
519 905 551 956 et
564 915 641 956 unus
656 913 673 955 e
686 905 784 956 vestro
798 910 930 964 numero,
945 900 1014 970 post
1035 887 1107 948 alios
1128 906 1275 958 suasores,
1288 887 1340 966 qui
1455 880 1456 975 l

247 999 277 1048 et
287 987 475 1049 diuturnitate
483 999 576 1069 gestas
587 988 656 1048 clim
668 985 848 1068 Reipublicae
857 997 887 1046 et
896 983 1071 1045 auctoritate
1082 1001 1141 1062 qua
1150 981 1249 1040 valent
1259 980 1340 1060 apud

227 1099 300 1150 ,vos
314 1079 472 1156 excellunt,
487 1100 657 1161 progressus
671 1080 759 1151 dicet,
774 1077 865 1139 videri
878 1077 932 1136 sibi
947 1095 998 1136 eos
1017 1095 1075 1133 non
1089 1073 1176 1132 modo
1187 1093 1247 1132 non
1261 1084 1341 1134 recte

247 1172 419 1246 diceresed
434 1195 487 1235 nec
501 1195 591 1256 prope
605 1175 709 1235 obesse
724 1193 742 1234 a
755 1181 834 1233 recte
848 1169 1010 1231 sentiendo.
1049 1167 1160 1227 Verum
1178 1185 1235 1244 ego
1250 1186 1341 1245 usque

247 1265 322 1330 adeo
335 1267 474 1327 merobis
489 1265 605 1327 utiliora
615 1286 704 1345 quam
716 1266 789 1326 istos
803 1264 948 1325 dicturum
958 1259 1068 1340 opinor,
1078 1269 1112 1318 ut
1124 1278 1183 1317 non
1196 1257 1347 1331 dubitem,

247 1365 284 1417 ea
297 1378 363 1437 quae
377 1357 515 1418 dixerunt
524 1359 623 1420 omnia
635 1357 744 1418 nullius
756 1376 823 1418 csse
835 1355 920 1437 pretii
934 1371 1078 1414 asserere:
1093 1350 1227 1409 existimo
1241 1360 1342 1411 eutem

247 1467 300 1509 vos
314 1450 401 1510 etiam
420 1459 500 1511 recte
520 1451 659 1524 lecturos,
673 1449 698 1510 si
717 1468 776 1510 non
800 1448 957 1520 dicentem,
970 1444 1023 1506 sed
1041 1443 1104 1524 ipsa
1126 1441 1261 1515 consilia,
1274 1463 1342 1523 spe·

246 1540 345 1602 stetis.
384 1541 480 1604 Decet
492 1543 580 1618 enim,
597 1543 802 1614 Athenienses,
814 1549 941 1601 vestram
953 1535 1187 1598 benevolentiam
1201 1555 1264 1594 non
1277 1536 1342 1614 qui-

245 1635 382 1710 busdam,
394 1637 476 1698 velut
497 1637 721 1710 haereditariam,
734 1634 788 1696 sed
810 1635 846 1696 iis
866 1633 917 1714 qui
939 1632 1050 1713 optima
1070 1625 1187 1709 quoque
1208 1639 1342 1710 tempore
1455 1712 1456 1723 ἵ

248 1725 359 1802 dicunt,
372 1739 505 1810 paratam
518 1749 594 1792 esse.

751 1880 837 1944 XIII.

287 1998 402 2061 Vellem
410 2020 475 2075 ros,
487 2001 690 2078 Athenienses,
698 2011 810 2066 attente
822 2001 923 2062 audire
935 2019 973 2060 ea
984 2019 1050 2079 qum
1063 1998 1174 2058 dicam:
1196 2017 1254 2058 nec
1264 1998 1343 2058 euim

247 2107 337 2169 parve
346 2091 392 2153 ies
408 2095 513 2174 agitur.
543 2096 607 2176 Ego
621 2095 719 2166 miror,
733 2097 785 2174 qui
797 2095 916 2156 tuudem
929 2094 990 2167 fist,
999 2103 1033 2152 ut
1045 2090 1217 2172 priusquam
1225 2090 1257 2150 in
1271 2111 1344 2152 com.

247 2183 362 2245 cionem
375 2186 582 2261 adscendatur,
603 2188 768 2268 cuicunque
787 2197 916 2253 vestrum
934 2185 1038 2268 aliquis
1057 2185 1160 2246 obvius
1177 2185 1242 2256 liat,
1253 2186 1279 2245 is
1301 2184 1346 2246 ita

247 2291 381 2358 prompte
394 2281 489 2359 possit
507 2280 615 2354 dicere,
634 2301 693 2360 quo
714 2292 803 2362 pacto
821 2300 867 2342 res
880 2280 941 2340 fieri
954 2278 1068 2360 possint
1088 2276 1234 2349 meliores,
1254 2288 1344 2358 atquc

246 2371 352 2431 iterum
366 2373 474 2442 statim,
491 2373 539 2433 ubi
554 2373 739 2449 discessistis,
749 2375 874 2454 quisque
887 2372 1014 2435 disserat
1025 2371 1097 2450 quid
1107 2369 1156 2450 agi
1170 2371 1343 2434 conveniat:

247 2461 314 2524 'cum
330 2484 396 2525 vero
409 2463 439 2524 in
451 2464 574 2546 publicis
596 2467 789 2528 conventibus
802 2465 859 2527 illis
874 2464 945 2545 ipsis
958 2465 996 2526 de
1008 2463 1096 2524 rebus
1117 2461 1345 2526 deliberandum

247 2565 303 2640 est,
316 2576 367 2617 vos
381 2557 438 2616 illis
460 2576 546 2617 eures
568 2560 733 2638 prebeatis,
746 2559 796 2639 qui
818 2558 932 2638 quidvis
950 2557 1047 2637 potius
1068 2556 1181 2630 dicunt,
1195 2576 1287 2634 quam
1308 2577 1345 2617 ea

159 2694 161 2699 .
247 2666 314 2725 quae
329 2648 368 2708 ad
389 2668 448 2709 reru
459 2648 592 2711 faciuntt
615 2651 707 2724 Itane,
727 2651 933 2723 Athenienses,
949 2648 1151 2729 unusquisque
1168 2658 1300 2711 vestrum
1313 2659 1346 2710 et

246 2739 318 2821 quid
332 2740 438 2802 deceat
455 2742 602 2823 intelligit,
614 2752 645 2803 et
665 2742 787 2804 aliorum
807 2744 933 2805 rationes
956 2761 1108 2803 recensere
1127 2751 1237 2823 potest,
1256 2761 1345 2803 nemo

246 2852 316 2894 vero
335 2832 438 2893 iisdem
457 2834 598 2895 faciendis
619 2835 848 2914 gratificabitur?
876 2847 907 2897 et
928 2836 1073 2917 privatim,
1086 2845 1121 2896 nt
1141 2836 1205 2915 ipse
1223 2856 1346 2916 qums:

246 2924 340 3006 ptimo
363 2936 432 2986 sunt
447 2927 571 3007 quisque
594 2928 701 3007 cupide
720 2929 852 2991 facturus
878 2928 1020 2997 videatur,
1040 2927 1114 2988 alios
1135 2927 1345 3007 reprehendit:

246 3018 364 3097 publice
383 3029 479 3079 autem
504 3039 540 3080 ea
559 3020 714 3081 decernere
737 3021 861 3091 dubitat,
875 3019 981 3100 quihus
994 3017 1182 3079 adducamini
1195 3030 1229 3080 nt
1242 3040 1346 3089 omnes

247 3111 347 3172 debita
359 3121 390 3173 et
403 3114 568 3175 necessarie
582 3112 668 3194 Reip.
690 3134 812 3175 munera
824 3112 961 3174 obeatisl
994 3111 1084 3180 Quod
1108 3113 1134 3171 si
1155 3110 1272 3171 nullum
1289 3132 1346 3171 un-

245 3223 335 3282 quam
348 3213 463 3285 tempus
486 3204 548 3265 l'ore
569 3206 691 3286 putetis,
703 3207 784 3285 quod
803 3207 888 3267 istam
907 3202 1169 3265 dissimulationem
1188 3205 1344 3288 interrum-

247 3306 309 3376 pat,
321 3315 382 3356 non
396 3299 481 3357 obsto
495 3316 553 3377 quo
566 3299 662 3359 minus
675 3300 800 3361 eandem
819 3298 961 3359 rationem
974 3296 1119 3357 teneatis:
1140 3296 1186 3356 sin
1200 3296 1269 3377 ipsa
1290 3319 1344 3359 ne-

249 3386 329 3465 gotia
341 3388 435 3465 magis
448 3408 483 3449 ac
496 3390 589 3469 magis
603 3392 853 3471 approprinquare
871 3388 1001 3463 cernitis,
1010 3388 1226 3470 providendum
1237 3402 1293 3464 est,
1306 3412 1345 3451 ne

248 3478 463 3539 cominuscum
480 3478 538 3539 illis
552 3481 590 3540 sit
603 3484 842 3557 conflictandum,
857 3502 925 3561 quoe
943 3479 993 3540 diu
1008 3492 1078 3541 ante
1095 3482 1257 3562 proecareri
1276 3501 1345 3562 pos·

248 3580 325 3643 sunt,
334 3579 365 3631 et
372 3568 456 3650 ii,qui
462 3573 651 3634 nuncavobis
660 3583 971 3655 contemnuntur,post
979 3572 1062 3634 melis
1072 3574 1177 3636 vestris
1183 3574 1345 3653 gaudeam.

754 3737 838 3801 XIV.

249 3848 264 3942 ’ἵ
290 3854 336 3916 De
358 3864 435 3916 statu
449 3856 640 3938 Respublica,
653 3857 861 3931 Athenienses,
873 3878 1042 3939 quanquam
1055 3859 1082 3919 is
1094 3877 1156 3919 non
1167 3870 1215 3921 est
1226 3862 1346 3944 qualem

247 3968 313 4011 esse
327 3949 488 4027 oportebat,
499 3970 558 4017 non
571 3950 689 4011 omnino
701 3950 772 4009 mihi
784 3948 975 4013 videturesse
989 3949 1110 4011 difficile
1119 3972 1262 4032 querere,
1273 3953 1345 4033 quid

247 4030 414 4101 laciendum
426 4049 506 4101 essct
519 4042 560 4101 uti
574 4042 776 4123 corrigeretur·
818 4041 887 4109 Quo
908 4055 1006 4104 autem
1022 4053 1112 4122 pacto
1136 4044 1173 4104 de
1195 4044 1242 4105 his
1255 4048 1346 4108 rebus

247 4120 327 4213 'apud
340 4120 394 4191 vos
407 4132 447 4191 sit
458 4132 669 4219 disserendum,
684 4134 715 4194 id
735 4132 842 4193 multas
864 4155 1045 4215 magnasque
1066 4137 1176 4197 habere
1198 4150 1272 4217 puto
1287 4138 1345 4199 dit·

248 4222 403 4296 ficultotes,
416 4244 477 4285 uon
491 4224 561 4305 quin
573 4245 610 4285 ea
622 4245 688 4304 quae
705 4225 839 4285 dicentur
857 4224 1125 4302 intellecturisitis,
1136 4228 1286 4309 sedquod
1301 4230 1346 4301 ita

248 4315 341 4387 multu
353 4327 383 4375 et
396 4316 471 4379 falso
484 4329 514 4381 et
527 4316 640 4398 quiduis
654 4318 852 4397 potiusquam
866 4321 955 4381 rebus
974 4319 1058 4381 utilia
1075 4320 1254 4384 consuefacti
1263 4320 1345 4383 ,mihi

247 4402 384 4481 videmini
411 4411 523 4484 audire,
548 4420 582 4471 ut
602 4419 742 4486 metuam,
767 4430 803 4472 ne
824 4411 935 4492 optime
952 4431 1030 4475 nuuc
1056 4412 1237 4488 consulenti,
1263 4412 1345 4495 quod
