2967 4950
408 300 466 362 nn
488 303 611 364 narn
632 300 766 364 ursan
789 253 1040 388 isenricus.
1235 301 1275 360 ro

167 452 455 534 lugitivoshomines
465 478 503 520 ex
517 458 636 520 Gracia
648 458 838 540 collegerant,
853 480 889 524 ac
901 461 1022 522 seorsim
1036 460 1065 538 in
1080 461 1274 521 mercenarios

120 541 125 547 ’
167 545 252 618 istos,
266 548 316 627 qui
330 549 361 607 in
373 561 512 630 suggesto
525 562 560 629 et,
569 553 761 613 concionibus
773 564 945 614 versantur:
971 554 1021 631 qui
1036 572 1053 612 a
1067 553 1180 612 miseris
1193 553 1274 614 insu·

166 639 280 700 laribus
302 643 460 721 quotannis
473 647 625 724 sexaginta
640 646 755 705 talenta
774 647 934 726 exigebant
948 645 1049 704 tributi
1062 645 1201 706 nomine:
1224 647 1275 726 qui

167 751 260 792 naves
270 744 302 792 et
315 734 437 796 Graecos
448 735 479 794 in
490 738 639 797 communi
652 739 720 796 navi
730 737 993 816 depraedabantur:
1014 747 1116 796 ‘nostra
1125 731 1194 798 'vero
1206 739 1273 800 urbs
1350 775 1357 796 t

166 824 236 883 loco
263 827 445 888 auctoritatis
470 839 499 888 et
524 829 706 908 principatus
722 829 934 902 Graecorum,
949 831 1074 890 eandem
1096 827 1273 908 opinionem,

166 938 260 997 quam
275 920 460 998 Myonnesus
471 931 502 981 et
514 923 627 1002 piratae,
639 933 801 984 consecuta
816 934 887 984 erat.
910 922 1063 1002 Philippus
1077 943 1189 1001 porroe
1204 925 1274 984 Ma-

165 1011 293 1072 cedonia
311 1033 497 1092 progressus,
510 1035 570 1074 non
588 1025 621 1074 ut
637 1015 781 1076 hactenus
796 1017 833 1076 de
854 1017 1023 1096 Amphipoli
1043 1017 1197 1092 nobiscum
1219 1039 1272 1097 pu·
1358 1035 1361 1040 “

168 1090 296 1186 gnabat:
308 1106 429 1185 sedjam
438 1107 476 1167 de
487 1107 597 1168 Lemno
606 1119 636 1168 et
647 1111 745 1169 Imbro
756 1119 786 1178 et
794 1110 896 1188 Scyro,
905 1111 1013 1169 nostris
1024 1111 1274 1198 possessionibusr

90 1217 94 1223 ·
167 1208 200 1256 et
213 1197 493 1258 Chersonnesum
467 1220 547 1260 crues
564 1201 659 1260 nostri
675 1201 862 1272 deserebant,
875 1221 941 1279 quae
956 1203 1029 1261 citra
1049 1205 1276 1264 controversiam
1386 1209 1388 1216 '

168 1301 218 1349 est
232 1291 468 1351 Atheniensium.
492 1292 585 1351 Erant
593 1303 692 1352 autern
700 1293 826 1372 plures
811 1295 977 1352 necessario
991 1293 1109 1354 indictae
1119 1297 1274 1368 conciones

167 1403 240 1443 cum
252 1383 380 1442 tumultu
394 1395 424 1444 et
441 1393 522 1443 metu
535 1385 692 1457 habendae,
706 1406 794 1464 quam
808 1395 894 1446 statae
909 1407 944 1446 ac
958 1387 1109 1464 legitimae,
1124 1409 1171 1448 res
1185 1411 1272 1469 porro

163 1475 208 1550 ita
226 1475 412 1536 labefactatae
437 1495 472 1536 ac
499 1476 673 1557 periculosos
697 1487 791 1550 erant,
810 1488 844 1537 ut
868 1478 1055 1558 Cephisopho
1081 1479 1274 1556 Poeaniensis,
1348 1545 1353 1550 ,
1382 1461 1396 1474 ¹¹

166 1567 282 1629 amicus
296 1580 327 1628 et
341 1567 490 1628 familiaris
506 1569 653 1641 Charetis,
672 1569 824 1630 decretum
838 1571 966 1646 scribere
979 1583 1144 1650 cogeretur,
1165 1583 1199 1634 ut
1212 1575 1274 1634 An·

166 1658 286 1718 tiochus
297 1656 434 1732 actuariis
447 1658 571 1739 navigiis
583 1660 754 1739 praefectus,
765 1681 853 1740 quarn
864 1663 989 1741 primum
1000 1663 1137 1739 solveret,
1152 1665 1275 1746 impera·
1321 1745 1326 1757 ,

167 1762 263 1810 torem
284 1752 451 1830 quaesitum,
464 1753 513 1812 cui
527 1754 701 1813 commissus
721 1764 801 1814 esset
814 1755 969 1816 exercitus.
1012 1758 1102 1822 Quod
1118 1760 1143 1818 si
1162 1759 1192 1818 in
1207 1780 1275 1822 eum

167 1844 342 1904 incidisset:
361 1845 393 1916 ei
418 1855 557 1919 narraret,
580 1845 679 1904 mirari
701 1845 843 1930 populum
863 1846 1085 1920 Atheniensem,
1105 1847 1275 1931 Philippum

168 1937 416 2011 Chersonnesum,
432 1956 498 2015 quae
518 1937 556 1997 sit
570 1936 809 2012 Atheniensium,
828 1937 983 1998 invadere:
1005 1939 1204 2002 Athenienses
1220 1964 1273 2004 au-

168 2040 231 2090 tem
245 2031 368 2101 nescire,
383 2021 438 2090 nec
452 2029 512 2088 dux
524 2049 582 2090 nec
597 2030 690 2109 copiae
709 2050 783 2110 quas
798 2031 939 2102 miserint,
954 2031 1003 2092 ubi
1018 2032 1098 2092 sintl
1119 2033 1162 2093 Ut
1175 2046 1275 2096 autem

148 2131 240 2184 'vera
253 2143 300 2184 me
315 2123 398 2202 loqui
419 2122 611 2202 intelligatis:
632 2123 784 2182 decretum
807 2124 905 2184 audite
928 2134 959 2184 et
983 2125 1055 2185 belli
1083 2122 1279 2188 recordamini

166 2225 199 2274 et
211 2235 318 2295 pacem
332 2234 351 2274 a
363 2215 435 2275 belli
449 2214 585 2290 ducibus,
598 2233 658 2274 non
673 2214 814 2298 elegatis
829 2215 991 2296 reperitote.

272 2438 505 2502 racemum
530 2440 557 2498 Α
583 2438 942 2501 curursorrrours
966 2411 1164 2503 sacrum
1207 2445 1211 2452 ¹

166 2596 213 2655 Ae
232 2595 500 2676 temporaquidem
512 2594 649 2669 civitatis,
662 2597 768 2677 quibus
792 2597 830 2657 de
849 2585 923 2677 paee
941 2598 1031 2659 verba
1051 2588 1175 2672 fiebant,
1191 2610 1276 2659 erant

165 2688 348 2769 hujusmodi.
369 2690 514 2772 Oratores
532 2699 632 2751 autem
645 2690 692 2749 isti
706 2688 833 2763 factiosi,
854 2710 921 2750 cum
943 2688 1155 2750 addicendum
1171 2711 1273 2770 surge·

167 2783 252 2856 bant,
271 2782 309 2843 de
322 2782 450 2843 civitatis
467 2782 587 2862 quidam
600 2782 804 2843 incolumitate
818 2782 892 2843 nihil
908 2784 939 2841 in
960 2782 1089 2842 medium
1104 2782 1275 2859 afferebant,

168 2874 224 2935 sed
237 2894 289 2935 sos
301 2876 378 2935 arcis
391 2875 571 2936 resnbulum
581 2875 687 2939 intueri
691 2876 848 2953 jubebant,
865 2884 896 2932 et
907 2872 1073 2932 Salaminia
1082 2894 1192 2953 pugnae
1202 2894 1274 2935 con-

169 2977 218 3027 tra
234 2967 352 3040 Persas,
366 2978 398 3028 et
412 2965 611 3047 sepulcrorum
625 2975 657 3023 et
668 2967 813 3043 majorum
828 2972 995 3023 nostrorum
1015 2975 1045 3023 et
1062 2966 1275 3047 triumphorum

168 3062 347 3125 meminisse.
392 3059 459 3136 Ego
472 3077 541 3116 vero
554 3056 660 3115 horum
673 3074 746 3115 sane
759 3055 891 3115 omniurn
909 3054 1123 3114 recordandum
1142 3075 1208 3117 esse
1229 3060 1275 3119 di-

165 3151 355 3228 cebam,5sed
377 3159 477 3210 tamen
495 3149 681 3229 prudentiam
699 3149 843 3227 majorum
863 3165 928 3208 esse
946 3147 1127 3221 imitandam,
1151 3161 1275 3229 peecata

166 3266 239 3307 vero
260 3254 292 3305 et
311 3243 543 3322 intempestivam
563 3243 780 3301 contentionem
801 3239 962 3310 vitandam,
984 3240 1124 3319 pedestre·
1141 3243 1275 3321 praelium
1345 3249 1347 3254 '

169 3340 210 3400 ad
223 3340 354 3399 Plataeas
375 3345 479 3397 contra
497 3334 614 3407 Persas,
635 3345 667 3393 et
685 3334 890 3393 contentiones
904 3333 942 3391 de
957 3332 1115 3405 Salamine,
1128 3344 1159 3393 et
1173 3334 1274 3399 Mara·

167 3433 304 3503 ¹thomam
324 3449 465 3511 pugnam,
488 3438 518 3488 et
542 3426 647 3488 nasale
662 3426 796 3506 pralium
820 3426 859 3506 ad
875 3425 1074 3500 Artemisium]
1089 3435 1119 3485 et
1132 3426 1276 3490 Tolmidss

168 3524 322 3605 imperium
340 3524 481 3602 jubebam
502 3520 619 3593 imitari,
640 3520 690 3598 qui
714 3538 782 3579 cum
805 3518 927 3579 haberet
941 3516 1018 3577 mille
1031 3517 1163 3586 delectos
1181 3520 1297 3581 Athe·'

168 3618 299 3690 aienses,
319 3614 433 3674 infestis
456 3612 543 3673 armis
565 3632 667 3674 secure
684 3632 737 3691 per
760 3611 887 3671 mediam
910 3609 1146 3689 Peloponnesum
1172 3632 1275 3691 perva-

119 3730 124 3735 ·
149 3710 264 3785 sisset,
285 3707 503 3788 expeditionem
518 3717 616 3765 autern
637 3706 821 3766 Siciliensem
835 3704 996 3777 cavendam
1011 3722 1088 3774 esse,
1104 3720 1164 3783 qna
1179 3706 1274 3770 Leon

165 3802 237 3864 ¹tinis
251 3800 362 3874 auxilia
376 3799 533 3871 misissent,
548 3816 616 3859 cum
629 3798 731 3863 hostes
751 3799 781 3857 in
798 3806 933 3858 nostrum
952 3814 1058 3881 agrum
1068 3795 1210 3876 impetum
1231 3798 1273 3857 ie·

166 3896 288 3974 cissent,
302 3902 334 3953 et
352 3890 484 3954 Decelea
496 3883 600 3951 contra
621 3908 676 3949 nos
699 3889 813 3949 munita
831 3898 926 3961 esset,
942 3897 1122 3967 postremum
1143 3889 1214 3949 item
1228 3900 1272 3947 te—

168 3988 334 4066 meritatem
346 3984 427 4045 illam
448 3982 622 4055 cavendam,
635 4000 703 4041 cum
715 3981 795 4042 bello
809 3981 888 4053 victi,
901 3980 1118 4059 postulantibus
1134 3980 1273 4039 Lacedae·

168 4079 275 4141 moniis
288 4088 322 4137 ut
334 4096 440 4157 pacem
463 4086 594 4155 agerent,
608 4085 638 4134 et
659 4084 766 4154 prater
779 4074 918 4144 Atticam,
936 4075 1025 4133 etiam
1039 4072 1196 4142 Lemnum,
1208 4073 1273 4135 Im·

92 4192 99 4209 ¹
165 4173 254 4233 hrum
273 4181 304 4230 et
318 4172 443 4249 Scyrum
456 4177 600 4239 tenerent,
619 4177 650 4225 et
661 4167 819 4227 constituta
832 4168 946 4246 legibus
966 4166 1098 4252 libertate
1112 4173 1272 4238 uterentur,

166 4266 273 4325 horum
292 4262 365 4321 nihil
379 4253 533 4321 admittere
546 4259 712 4330 voluerant,
735 4258 788 4319 sed
802 4259 912 4319 bellum
935 4259 1016 4339 quod
1030 4247 1130 4336 gerere
1145 4277 1203 4319 non
1218 4279 1272 4341 po·

168 4365 275 4428 terant,
303 4352 515 4435 praetulerunt.
538 4372 605 4412 cum
626 4352 745 4433 quidem
768 4351 902 4432 Cleopho
922 4352 1049 4431 lyramm
1070 4349 1161 4420 faber,
1183 4372 1272 4457 quern

169 4450 255 4513 multi
269 4446 463 4529 compedibus
476 4447 607 4511 vinctum
627 4446 830 4522 meminerant,
843 4464 895 4525 per
909 4442 1042 4509 handen
1056 4462 1090 4507 ac
1106 4445 1249 4525 turpiter
1241 4466 1272 4507 ιιι
1379 4510 1381 4513 ,

699 4539 754 4599 *ιι
