2967 4950
424 265 643 327 ADVERSUS
658 260 1041 331 ZENOTHEMIDEMc·
1208 276 1267 335 517
1337 306 1344 321 ι

210 426 240 482 3.
263 422 342 481 Sunt
351 420 479 482 officinae
491 422 644 483 bominum
653 423 687 483 in
701 422 825 503 Pittaco,
835 396 1036 506 improborum
1051 425 1101 505 qui
1120 426 1270 507 conspira-

168 524 246 587 runt,
259 531 334 595 quos
351 517 515 593 neque'ros
531 516 702 595 ignorabitis
722 516 893 577 siridcatis.
934 518 1048 579 Horum
1069 538 1174 593 unum,
1189 528 1271 599 post·

168 621 255 687 quarn
266 609 323 667 iste
336 608 367 667 id
381 607 491 687 agebat
500 626 540 667 ne
552 609 612 667 buc
625 608 831 687 perveheretur
852 609 948 681 aevis,
961 610 1032 670 inito
1045 611 1174 670 consilio
1186 610 1269 691 lega-

167 710 230 762 tu'm
243 700 412 781 deligimus,
427 720 488 761 non
508 702 628 762 omnino
645 693 764 779 quidem
777 701 911 780 ignotum
924 702 1019 775 illum,
1032 703 1085 763 sed
1098 702 1189 763 talem
1203 720 1271 763 esse
1379 746 1396 758 ,,

169 795 282 876 ignari:
304 796 335 853 in
357 810 430 873 quo,
449 809 540 873 prope
553 794 687 867 dixerim,
699 812 785 873 mque
797 812 946 873 ‚magnam
966 795 1081 855 cladem
1101 796 1270 875 accepimus

169 897 258 966 atque
277 886 309 944 in
327 904 371 945 „eo
389 901 457 945 cum
476 886 603 965 primurn
622 884 653 943 in
673 884 826 946 bominum
847 886 1044 965 improborum
1063 878 1270 947 commercium

168 978 334 1039 incidimus.
375 975 406 1037 Is
418 978 560 1037 missus'a
577 977 663 1037 nobis
677 987 733 1048 est,
745 977 928 1057 Aristopbon
940 978 1068 1055 nomine,
1083 978 1176 1057 quiet
1190 977 1269 1038 Mic·

168 1071 289 1131 aalionis
302 1071 423 1150 negotia
441 1070 589 1129 iustruxit.
629 1070 676 1129 Ea
691 1071 782 1148 igitur
799 1088 874 1149 eum*
892 1071 990 1131 omnia
1008 1070 1174 1147 audivimus
1194 1088 1271 1151 prae*

168 1164 327 1224 sancctum
341 1172 372 1223 et
385 1162 640 1241 iatipollicitatum
654 1181 729 1221 esse.
772 1162 909 1242 Denique
929 1163 955 1222 is
974 1162 1039 1223 dux‘
1056 1172 1087 1222 et
1102 1166 1205 1223 auctor
1225 1170 1272 1223 eat

167 1257 308 1317 omnium.
350 1256 427 1324 Quae
448 1254 505 1313 istc
525 1255 610 1314 avide
630 1254 783 1333 amplexus
803 1264 862 1315 est.
904 1256 1065 1341 Posupaaar
1084 1254 1163 1314 enirn
1184 1256 1269 1325 navis
1387 1324 1388 1327 Ἴ

168 1348 288 1408 interitu
307 1350 464 1407 frustratus
482 1345 674 1413 creditoribus
688 1346 983 1425 pecuniamreddere
996 1366 1057 1407 non
1068 1348 1272 1427 potest-qui

169 1442 246 1501 euim
267 1449 380 1521 posset,
400 1459 491 1519 quam
511 1458 664 1519 nunquam
680 1438 983 1517 imposuiti-7nostrs
1004 1440 1061 1499 sibi
1081 1438 1226 1512 vendicat,
1240 1448 1272 1499 et

125 1524 127 1530 ’
170 1534 350 1613 Hegestrato
364 1551 465 1612 aspro
478 1550 515 1591 eo
528 1533 674 1591 frumento
686 1532 846 1593 fenerasse
862 1532 946 1605 dicit,
957 1532 1072 1611 quadis
1086 1534 1135 1612 qui
1149 1553 1169 1593 a
1186 1532 1270 1593 nobis

170 1627 337 1705 enavigavit
356 1625 438 1684 emit.
479 1624 647 1685 Creditcres
669 1636 769 1684 sotem
789 1626 888 1685 statim
901 1625 984 1687 initio
998 1626 1125 1704 decepti,
1138 1643 1206 1685 oum
1226 1626 1270 1689 vi·

172 1720 261 1779 deant
273 1718 331 1779 obi
351 1738 405 1799 pro
422 1718 550 1798 pecunia
568 1719 732 1798 improbum
747 1719 906 1778 debitorem
920 1738 986 1779 esse
999 1720 1155 1798 reliquum,
1168 1731 1198 1779 et
1216 1738 1271 1779 sua

171 1830 202 1872 se
216 1814 260 1884 ¹ab
283 1811 348 1871 istis
373 1821 593 1891 recuperaturos
612 1830 651 1871 no
674 1810 853 1891 sperandum
867 1812 985 1889 quidem
1003 1830 1071 1872 esse
1086 1812 1269 1875 animadver-

169 1913 242 1977 tant,
257 1906 311 1964 sed
333 1905 467 1985 deceptis
485 1903 622 1988 robiade
643 1903 887 1963 nostrisfortuais
901 1922 936 1963 ea
948 1912 1115 1981 recepturos
1129 1923 1196 1963 ,aon
1217 1902 1269 1962 da·
1343 1959 1347 1965 .

170 2008 298 2077 sperent,
311 2017 400 2076 quem
422 1996 453 2055 in
474 2016 529 2055 nos
548 1997 605 2056 ista
624 1996 739 2055 meatui
753 1996 860 2067 sciunt,
873 1995 910 2055 ab
924 2013 960 2054 eo
973 2004 1049 2054 stare
1063 1995 1107 2054 sui
1122 1994 1268 2055 commodi

171 2108 263 2149 causa
276 2101 432 2169 eoguntur.

209 2186 239 2240 4.
261 2183 323 2241 Res
336 2182 430 2263 igitur·
443 2181 480 2239 de
499 2199 558 2260 qua
570 2158 710 2257 suffragia
722 2180 831 2251 feretis,
852 2180 883 2238 ia
905 2199 1020 2239 summa
1038 2180 1080 2238 ita
1101 2188 1184 2258 gesta
1203 2187 1267 2239 est:
1355 2199 1362 2209 s
1415 2189 1416 2204 ¹

171 2274 236 2333 volo
248 2284 348 2361 autem
363 2274 485 2348 testibus
499 2290 681 2351 eorumquae
693 2272 760 2332 dico
773 2272 811 2331 ad
820 2288 872 2331 ros
887 2271 1023 2331 adductis
1035 2272 1065 2331 in
1077 2271 1185 2351 primis,
1200 2273 1268 2330 mox

169 2363 320 2445 etreliqua
333 2364 453 2424 diceas„
483 2362 589 2422 Recita
601 2381 672 2438 crgo
685 2363 756 2420 mibi
769 2362 944 2421 testimonia.

573 2529 843 2637 rasrruoara

171 2725 210 2784 Ut
220 2725 310 2804 igitur
328 2711 459 2804 pervenit
476 2722 536 2782 buc
554 2720 712 2800 navigium,
735 2741 803 2781 cum
824 2721 1008 2800 Cephuenit
1023 2742 1192 2802 quanquam
1213 2724 1268 2788 isto

171 2818 354 2890 adremante,
382 2815 639 2897 pronunciassent,
660 2822 696 2872 ut
724 2832 760 2872 eo
786 2812 865 2872 unde
890 2814 1028 2874 solvisset
1063 2815 1265 2896 reduceretur,

170 2928 274 2968 narem
287 2909 339 2987 qui
351 2909 382 2968 in
396 2927 461 2968 etun
474 2903 710 2967 metamaucum
724 2905 824 2966 statim
838 2907 999 2967 tenebant:
1021 2906 1199 2977 frumentum
1213 2929 1265 2971 aus
1355 2935 1360 2950 ¹

170 3012 227 3062 tem
248 3002 299 3080 qui
312 2995 449 3070 emerat3
470 3001 498 3060 is
519 3000 656 3059 nimirum
667 2999 719 3078 qui
736 2999 891 3076 pecuniam
909 2999 995 3058 nobis
1017 2999 1173 3060 debebat..
1196 3001 1270 3065 Post

171 3096 231 3154 baec
244 3093 324 3154 venit
335 3094 392 3154 iste
401 3103 432 3154 at
444 3084 577 3172 legatum
591 3091 707 3152 anobis
717 3091 839 3151 missurn
850 3090 1094 3167 Aristophontem,
1105 3092 1267 3164 adducens,

168 3187 205 3246 de
221 3186 369 3246 frumento
389 3181 471 3246 litem
492 3185 592 3256 movit,
605 3183 687 3262 quod
705 3203 737 3243 se
759 3191 862 3243 mutuo
880 3182 998 3242 dedisse
1020 3183 1202 3260 Hegestrato
1223 3185 1268 3245 di·

115 3266 117 3273 ’
167 3292 256 3340 cerat
296 3279 378 3348 Quid
402 3280 447 3338 ais
465 3277 577 3338 homo?
597 3277 694 3354 inquit
714 3277 933 3336 Protus-nom
957 3273 987 3334 id
1004 3294 1113 3336 nomen
1131 3277 1268 3338 erat-fru-

166 3371 330 3442 mentatori,
342 3364 499 3449 qui'nobis
518 3368 674 3449 pecuumm
696 3368 876 3438 debebat-—,
897 3368 959 3428 tun’
971 3367 1153 3446 Hegestrato
1166 3389 1266 3448 pecu·
1321 3367 1328 3372 '

168 3465 244 3524 niam
258 3463 409 3536 mutuasti,
421 3481 491 3522 cum
509 3482 569 3540 quo
592 3460 736 3540 decepisti
748 3470 878 3520 ceteros
899 3473 934 3520 ut
947 3470 1077 3520 mutuam
1091 3458 1271 3524 sumeretis?

169 3557 349 3635 quiquidem
360 3555 418 3614 tibi
428 3575 517 3634 saepe.
522 3548 651 3627 dicebat,
664 3552 821 3630 perituram
834 3551 870 3616 iis
889 3552 1045 3630 pecuniam
1060 3552 1112 3629 qui
1124 3553 1266 3616 credidis

168 3652 253 3712 seat?
273 3646 307 3709 tu
326 3647 426 3727 igitur.
439 3649 491 3728 qui
508 3647 560 3706 illa
581 3647 792 3726 audires‚.ipss
815 3644 842 3706 ei
866 3644 1061 3726 credidisses?
1090 3645 1267 3709 Affismsmt

168 3741 255 3801 homo
276 3737 445 3820 impudens.
484 3739 671 3799 pronaeae
691 3739 816 3798 maxime
833 3757 907 3798 vera
921 3738 1015 3810 dicas,
1029 3738 1145 3818 subjicit
1163 3758 1265 3800 eorum
1307 3759 1312 3770 ·

168 3835 285 3913 quidem
298 3835 350 3912 qui
362 3833 494 3905 aderant,
506 3820 575 3891 tuus
589 3842 619 3891 te
632 3833 732 3892 socius
745 3841 778 3892 et
786 3829 858 3890 civis
868 3831 1076 3910 Hepestratus,
1086 3840 1120 3889 ut
1130 3841 1264 3910 apparet,
1314 3834 1321 3840 ’

166 3927 369 3997 circumvenit,
392 3934 607 4003 proptereaque
635 3923 764 4004 seipsum
790 3922 941 3984 damnarit
962 3923 1078 4002 capitis,
1107 3933 1138 3983 et
1171 3922 1269 4003 periit.

169 4020 246 4088 Quin
269 4019 385 4098 signum
408 4016 500 4076 etiam'
511 4016 595 4076 uobis
609 4018 718 4090 dicam,
731 4015 834 4096 inquit
843 4015 1025 4075 adstantium
1038 4015 1175 4095 quidam,
1188 4014 1270 4098 unda

110 4138 115 4142 ·
167 4112 347 4191 intelligatis,
358 4111 447 4169 istum
462 4109 501 4182 ad
514 4111 612 4183 omnia
623 4110 667 4169 illi
679 4111 769 4182 fuisse
784 4109 957 4188 adjutorem.
979 4108 1148 4186 Antequam
1164 4125 1268 4186 navem
1360 4119 1368 4136 ‘

166 4207 311 4289 perforare
338 4203 507 4282 coepissent,
532 4204 670 4262 mulctam
700 4211 834 4263 statuunt
855 4219 954 4261 coram
978 4200 1143 4262 vectoribus
1160 4201 1218 4260 iste
1237 4211 1266 4258 et

167 4298 362 4377 Hegestratus
371 4295 491 4374 ,scriptis
504 4296 623 4356 tabulis.
665 4295 801 4368 Quodsi
809 4293 890 4354 bona
902 4293 961 4352 fide
976 4293 1111 4366 dederas,
1124 4294 1267 4371 quamob-

166 4411 226 4450 rem
247 4401 318 4452 aate
340 4375 625 4450 maleficiumcareri
638 4389 691 4457 tibi
707 4387 848 4450 volebas?
885 4386 937 4446 Sin
951 4383 1118 4458 diffidebas,
1131 4405 1185 4446 cur.
1203 4403 1265 4444 noa
