2967 4950
227 272 270 333 ss
595 269 639 329 ιιι
667 259 1016 361 cursuscursu-

224 418 330 501 jun'cta
342 439 403 482 non
416 419 522 500 diligit,
533 389 587 482 vos
599 422 691 502 pluris
699 420 790 482 saciet
802 419 935 487 alienos;
954 417 1179 496 nunquam,'qui
1191 416 1328 497 privatim

226 514 320 573 malus
335 523 389 586 est,
403 513 522 592 publice
534 515 611 592 frugi
623 514 688 583 erit,
703 532 801 590 neque
813 529 955 590 unquam,
968 511 1018 589 qui
1033 510 1111 568 domi
1124 529 1252 590 nequam
1262 511 1328 585 fuit,

226 605 258 664 in
275 607 452 666 Macedonia
464 607 579 684 legatus
593 612 656 664 er'at
668 603 782 683 integer
795 613 825 662 et
839 603 982 679 eximius3
1003 603 1152 661 nonenim
1165 603 1328 680 ingenium,

227 697 282 757 sed
295 697 393 758 locum
407 707 522 757 tanturn
536 697 667 756 mutauit.

269 791 318 848 30.
341 790 450 849 Unde
441 789 529 869 igitur
541 789 579 848 ad
599 801 660 848 tarn
673 788 819 847 diversum
833 805 925 846 rerum
941 794 1051 846 statum
1063 785 1330 865 pervenerit-boe

226 880 305 942 enim
321 882 483 942 secundum
498 893 615 961 tempus
638 890 756 940 est—et
768 899 836 970 quoe
850 879 970 939 tandem
984 899 1072 940 causa
1087 880 1135 950 sit,
1155 899 1207 939 cur
1226 877 1328 938 Philo·

225 983 334 1046 crates,
347 973 479 1039 iisdem
472 973 542 1054 ipsis
563 975 652 1033 rebus
676 991 742 1031 cum
765 951 963 1030 Demosthene
985 969 1102 1050 publice
1122 971 1227 1048 gestis,
1247 970 1328 1030 laesae

228 1066 390 1143 majestatis
405 1065 570 1145 postulatus
585 1076 615 1126 et
635 1065 667 1124 in
689 1064 824 1126 exsilium
846 1073 930 1124 actus
952 1062 999 1133 sit,
1021 1063 1239 1122 Demosthenes
1260 1082 1328 1126 vero

230 1158 319 1218 etiam
339 1159 460 1219 aliorum
483 1159 567 1218 nobis
582 1157 729 1218 *exstiterit
750 1167 916 1230 accusator,
939 1157 1087 1234 denique
1087 1161 1215 1234 quonam
1238 1165 1327 1235 pacta

227 1248 317 1310 homo
330 1252 538 1331 impurissimus
559 1252 589 1310 in
607 1260 751 1312 oerumna's
771 1249 861 1310 hasce
876 1269 977 1310 ornnes
997 1268 1050 1308 nos
1070 1248 1241 1328 conjecerit,
1261 1247 1327 1308 haee

223 1344 285 1416 jam
298 1342 346 1401 vel
365 1344 395 1402 in
409 1343 508 1422 primis
522 1362 618 1422 operte
631 1342 757 1422 pretium
770 1351 817 1402 est
830 1341 940 1401 audire}
977 1341 1017 1402 Ut
1030 1341 1156 1420 primum
1169 1340 1327 1420 Philippus

226 1434 306 1494 intra
325 1435 415 1516 Pylas
428 1436 602 1516 penetravit,
619 1437 765 1515 urbesque
783 1429 978 1495 Phocen‘sium
993 1443 1097 1514 praeter
1114 1435 1245 1494 omniurn
1265 1435 1327 1512 opi·

227 1527 344 1588 nionem
358 1529 474 1602 delerit,
488 1529 642 1589 Thebanos
667 1540 766 1589 autem
786 1529 963 1609 potentiores
983 1547 1081 1607 quam,
1104 1537 1138 1587 ut
1157 1538 1222 1587 tum
1244 1528 1327 1588 vobis

227 1621 392 1694 videbatur,
403 1631 536 1700 tempora
548 1631 578 1682 et
592 1623 748 1682 commoda
758 1631 855 1682 vestra
865 1621 997 1681 ferebant
1005 1619 1112 1692 effecit,
1120 1636 1189 1680 'cum
1198 1640 1253 1679 vos
1264 1640 1327 1699 per-

226 1712 317 1772 territi
331 1714 407 1791 agris
416 1714 530 1782 relictis
544 1735 617 1775 vasa
629 1715 816 1793 colligeretis,
832 1723 862 1774 et
876 1714 1045 1791 gravissime
1058 1715 1272 1774 accusabantur
1284 1714 1328 1772 le·

226 1805 289 1882 gati
299 1805 348 1884 qui
359 1806 396 1865 de
406 1826 479 1884 pace
493 1818 623 1887 egerant,
639 1828 700 1886 proe
714 1807 941 1867 caeteris'tamen
952 1804 1087 1865 omnibus
1102 1804 1283 1873 Philocrates
1299 1813 1330 1864 et

228 1895 457 1971 Demosthenes,
471 1899 578 1978 quippe
591 1901 641 1979 qui
655 1919 715 1958 non
729 1899 824 1958 solum
838 1895 1015 1974 legationem
1026 1896 1160 1976 obierant
1169 1894 1222 1956 sed
1232 1906 1265 1954 et
1274 1897 1326 1956 de-

182 1995 186 2002 ’
226 1992 307 2047 c'reta
320 1991 565 2069 conscripserant,
580 2001 611 2051 et
624 1993 680 2050 sub
693 1992 750 2049 hoc
763 2006 850 2065 porro
866 1996 978 2065 tempus
992 1997 1094 2046 natum
1107 1996 1154 2045 est
1171 1988 1327 2048 dissidium

226 2080 345 2158 aliquod
357 2081 433 2140 inter
455 2082 684 2141 Demosthenem
707 2088 739 2138 et
753 2078 950 2138 Philocratem
971 2078 1005 2138 iis
1028 2076 1089 2136 fere
1110 2078 1148 2136 de
1169 2081 1267 2151 rebus,
1287 2080 1326 2142 de

225 2171 332 2248 quibus
347 2171 434 2229 etiam
448 2189 501 2230 vos
516 2189 567 2230 eos
581 2170 658 2230 inter
678 2189 710 2229 se
725 2169 882 2230 dissentire
898 2169 1224 2273 suspicabamini,-his
1238 2173 1326 2251 igitur

225 2263 319 2322 turbis
334 2262 479 2334 excitatis,
501 2261 710 2322 accedentibus
725 2264 813 2322 etiam
828 2261 922 2322 insitis
937 2261 963 2322 ei
977 2261 1067 2321 vitiis
1075 2271 1106 2322 et
1122 2261 1242 2334 innatis,
1255 2283 1325 2324 con-

117 2376 125 2395 ι
160 2410 171 2420 ,
223 2353 317 2412 silia
304 2373 369 2433 Jam
382 2354 473 2413 inde
465 2353 557 2427 inivit,
577 2374 643 2433 quae
666 2355 723 2434 ipsi
740 2354 891 2434 suggessit
910 2353 1048 2416 timiditas
1070 2363 1101 2412 et
1121 2354 1325 2417 Philocraticer

225 2443 397 2525 largitionis
403 2445 522 2519 invidia,
538 2445 781 2527 existimavitque,
796 2446 821 2507 si
835 2465 934 2507 eorum
939 2425 1123 2526 quibuscum
1136 2467 1197 2508 una
1208 2448 1326 2528 legatus

224 2537 321 2598 suerat
333 2549 366 2598 et
384 2539 513 2619 Philippi
526 2549 729 2601 accusatorem
744 2560 777 2599 se
790 2539 968 2620 praestiterit,
987 2540 1184 2602 Philocratem
1203 2543 1324 2621 quidem

225 2630 299 2689 citra
312 2630 433 2690 dubium
451 2633 624 2711 periturum,
638 2644 667 2692 et
680 2634 807 2712 reliquos
827 2633 968 2737 legatos
961 2654 990 2692 ιιι
1003 2632 1161 2693 discrimen
1175 2644 1324 2711 venturos,

114 2717 118 2723 ’
224 2740 258 2797 se
272 2741 341 2781 vero
355 2723 476 2801 gloriam
489 2736 716 2786 consecuturum
729 2734 776 2805 et,
787 2720 944 2785 amicorum
957 2726 1089 2805 proditor
1102 2746 1169 2787 cum
1185 2738 1268 2789 esset
1279 2739 1324 2789 at·

225 2829 283 2893 que
297 2813 455 2894 improbus,
476 2816 564 2876 animi
585 2818 733 2878 tamenin
754 2817 895 2897 populum
914 2816 1077 2877 fidelissimi
1098 2821 1224 2898 speciem
1241 2820 1325 2881 habi-

225 2915 332 2968 turum.
367 2907 461 2989 Cujus
475 2909 679 2983 consiliarum
691 2910 908 2990 perspexissent
918 2911 939 2969 ii
953 2911 1004 2991 qui
1016 2912 1258 2991 tranquillitatem
1271 2934 1324 2993 pu-

224 2998 333 3059 blicam
354 3004 577 3081 oppugnabant,
605 3003 689 3062 avide
712 3020 780 3061 eum
803 3004 994 3063 accersebant
1010 3004 1042 3064 in
1056 3015 1240 3085 suggestum,
1254 3009 1325 3067 huno

224 3091 322 3151 solum
335 3093 365 3151 in
384 3093 502 3154 civitate
517 3105 631 3155 castum
653 3105 742 3174 atque
756 3094 955 3174 incorruptum
978 3097 1193 3175 predicantes:
1216 3100 1242 3159 is
1254 3120 1325 3161 vero

224 3202 400 3264 progressus
422 3186 452 3245 in
473 3188 602 3247 medium
616 3187 699 3247 initia
715 3188 757 3247 eis
779 3188 1008 3249 subministravit
1020 3190 1091 3249 belli
1112 3212 1147 3251 ac
1168 3194 1324 3255 tumultus.

226 3275 283 3336 Hic
296 3277 345 3337 ille
359 3286 416 3351 est,
431 3278 635 3350 Athenienses,
650 3280 707 3359 'qui
726 3280 837 3360 primus
856 3276 985 3341 Serrium
1007 3278 1131 3356 murum,
1152 3283 1324 3358 Doriscum,

225 3366 388 3472 Ergiscam,
403 3371 596 3451 Murgls'cam,
607 3371 710 3433 Ganos
724 3382 756 3433 et
769 3368 916 3433 Ganidem
930 3374 1051 3447 invenit,
1066 3374 1133 3434 loca
1145 3372 1270 3455 quorum
1284 3397 1323 3438 ne

223 3460 342 3519 nomina
345 3462 472 3539 quidem
485 3474 573 3524 antea
585 3484 771 3526 noveramus.
794 3466 898 3561 quue
918 3466 1037 3526 tandem
1055 3486 1100 3526 res
1118 3478 1234 3529 nostras
1255 3472 1323 3531 red·

224 3552 295 3629 egit,
310 3562 344 3611 ut
356 3574 381 3613 si
373 3554 513 3632 quidem
527 3556 679 3661 Philippus
700 3559 816 3637 legatos
837 3556 897 3617 non
911 3558 1048 3631 mitteret,
1064 3561 1212 3619 contemni
1234 3563 1274 3622 ab
1286 3581 1325 3623 eo

223 3638 372 3704 civitatem
386 3656 526 3721 nostram,
540 3649 586 3708 sin
599 3649 736 3723 mitteret,
752 3648 960 3730 exploratores,
972 3668 1033 3711 non
1051 3652 1174 3731 legatos,
1187 3655 1266 3715 mitti
1278 3656 1326 3715 di·

224 3744 323 3804 ceret;
346 3758 371 3797 sr
362 3738 474 3800 vellet
481 3741 538 3807 ille
556 3742 666 3803 civitati
679 3743 766 3803 alicui
781 3763 875 3822 sequte
888 3753 919 3803 et
931 3744 962 3803 in
975 3754 1109 3805 neutram
1128 3744 1240 3825 partem
1254 3767 1324 3828 pro·

112 3845 115 3849 ‘
221 3847 323 3907 pensae
337 3833 547 3894 controversias
561 3834 771 3916 disceptandas
785 3836 963 3917 permittere,
978 3839 1107 3917 negabat
1123 3839 1215 3897 ullum
1237 3840 1323 3902 nobis

221 3931 254 3981 et
266 3920 402 4002 Philippo
415 3944 532 4003 aequum
541 3928 671 4007 judicem
690 3930 808 4010 reperiri
822 3948 920 4009 posse.
941 3930 1042 3991 Dabat
1053 3932 1103 3991 ille
1117 3932 1321 3995 Helonesum:

221 4015 341 4075 vetabat
359 4015 408 4076 bic
423 4018 566 4099 accipere,
580 4023 709 4084 simodo
722 4023 847 4095 dederit,
869 4024 926 4085 nisi
946 4025 1035 4085 etiam
1056 4035 1088 4085 et
1106 4026 1262 4100 dediderit,
1282 4028 1324 4089 de

222 4104 343 4183 syllabis
356 4108 469 4170 scilicet
482 4111 649 4175 altercatus
672 4116 836 4189 Postremo,
850 4137 918 4177 cum
931 4118 1150 4179 Aristodemum
1164 4122 1322 4201 sociosque

221 4195 349 4276 ejusqui
368 4198 555 4263 Thessaliam
565 4216 596 4265 et
608 4207 795 4287 Magnesiam
809 4219 913 4271 contra
924 4211 1016 4292 pacis
1026 4210 1161 4273 federa
1152 4226 1323 4277 invaserant

219 4305 330 4347 corona
342 4289 494 4445 dqpasset,
507 4302 611 4376 paoem
624 4299 725 4379 utique
746 4302 871 4379 diremit,
885 4303 1086 4401 calamitatem
1095 4306 1180 4369 uobis
1192 4306 1321 4369 bellum-

219 4394 277 4455 que
290 4397 368 4442 suscr
399 4386 450 4447 vit.
