2967 4950
242 304 302 363 aaa
532 302 749 363 inventus
770 282 1037 364 rinornainn.

284 464 312 520 8.
336 459 430 521 Etiam
445 462 624 545 argumentis
639 461 746 521 docere
758 477 811 520 vos
824 458 955 518 conabor
966 476 1003 517 ea
1013 476 1082 535 quta
1091 455 1162 516 dieo
1175 474 1246 515 vera
1264 475 1341 542 esse.

242 552 457 625 Putatisenim,
475 554 609 626 ludices,
630 565 742 633 patrem
756 571 865 621 meam,
885 550 940 610 nisi
953 549 1102 609 Timothei
1111 549 1341 628 fuissentligna,

153 698 154 703 ,
240 656 270 704 et
290 644 345 705 iste
365 664 431 708 eum
447 656 590 725 rogasset,
605 646 811 705 commendato
833 643 990 714 Philonda,
1008 662 1077 702 cum
1092 641 1129 701 ad
1151 641 1340 719 duces-‚rogis

241 736 377 809 solveret,
392 737 556 797 soluturum
576 738 668 797 fuisse
691 737 822 808 naulum,
835 745 888 795 aut
897 734 1107 815 permissurum
1120 741 1264 813 unquam,
1273 752 1341 793 unm

240 827 267 887 ei
281 848 333 907 pro
343 831 432 890 naulo
447 829 528 909 ligna
541 829 735 910 oppignerata
748 839 860 899 esunt,
880 838 913 887 ut
926 847 964 887 ea
983 826 1143 886 Philondas
1156 846 1173 887 e
1187 835 1274 905 portu
1294 844 1339 885 as·

240 929 379 997 portaret,
393 940 428 981 ac
443 939 501 981 non
515 922 610 1000 potius
625 940 740 981 servum
756 920 882 998 aliquem
895 918 1091 979 adhibiturum
1104 916 1341 997 quizouatodiret,

240 1021 273 1070 et
285 1012 406 1090 pretinm
425 1014 567 1092 reciperet
585 1014 769 1075 venditorum
784 1012 942 1092 lignorum,
963 1012 1058 1071 dorma
1079 1010 1137 1071 eibi
1158 1011 1339 1071 satisfactum

240 1113 329 1173 esset,
345 1104 370 1163 si
392 1104 545 1166 Pltilondae
566 1106 703 1178 fuissent,
717 1115 749 1165 et
769 1124 863 1178 caetea⁸
878 1094 1086 1181 negotiationis
1098 1102 1246 1163 adventa?
1273 1103 1339 1161 lam

240 1194 288 1253 oui
302 1206 430 1270 vestrum
444 1197 598 1257 verisimile
612 1198 654 1269 fit,
675 1196 731 1256 nisi
747 1196 889 1275 jussisset
905 1195 961 1255 iste
983 1194 1095 1255 solvere
1113 1194 1234 1253 naulum
1246 1194 1339 1272 ligno·

240 1305 304 1345 rum
318 1306 385 1364 qum
404 1288 441 1347 ab
462 1290 595 1369 Amynta
607 1288 634 1348 ei
655 1288 726 1349 data
738 1288 866 1358 fuerant,
880 1285 1164 1363 crediturnmfaisse
1178 1284 1339 1356 Philondoe,

240 1386 273 1437 et,
289 1398 444 1458 passurum
468 1389 529 1439 ute
547 1390 632 1458 portu
650 1380 682 1438 in
703 1380 785 1440 aedes
808 1380 893 1438 istius
913 1378 964 1438 illa
976 1377 1118 1439 veheret?
1138 1387 1191 1437 aut
1207 1378 1259 1455 qni
1280 1376 1338 1437 lieri

240 1478 340 1548 potest
354 1481 387 1531 ut
399 1469 560 1531 Philondas
573 1471 781 1551 negotiationis
793 1477 885 1531 eausa
896 1470 978 1549 ligna
992 1469 1111 1540 vexerit,
1124 1469 1228 1529 utine
1237 1469 1339 1547 inquit,

240 1561 383 1641 cumipse
397 1582 530 1622 reversus
544 1563 601 1623 illis
613 1563 701 1642 lignis
721 1551 760 1623 ad
774 1582 859 1622 snam
872 1562 1097 1622 aedilitationem
1105 1561 1194 1623 fuerit
1212 1560 1340 1623 abususl

241 1652 320 1711 illud
333 1654 421 1713 etiam
434 1653 629 1726 considerate,
644 1655 755 1716 multos
767 1655 847 1715 cives
865 1665 897 1713 et
912 1656 1009 1713 bonor
1018 1652 1097 1715 risos
1117 1652 1166 1712 isti
1186 1652 1339 1713 familiares

241 1744 305 1822 ejus
329 1746 449 1823 negotia
470 1766 598 1819 curasse,
621 1744 852 1826 absenteapud
876 1765 976 1825 regem
997 1744 1171 1804 Timotheo·
1209 1744 1339 1812 Quorum

241 1834 339 1895 nullus
354 1856 408 1915 pro
423 1838 589 1899 testimonio
602 1838 699 1899 dicere
721 1858 811 1897 ausus
831 1837 897 1910 fuit,
911 1836 970 1907 vel,
985 1856 1045 1897 non
1059 1836 1207 1915 accepisse
1222 1835 1340 1895 Philon-

240 1928 307 1991 dam
326 1930 446 1989 naulum
460 1950 478 1990 a
492 1950 605 2003 mensa,
618 1931 676 2005 vel,
690 1942 846 2010 acceptum
858 1929 1033 1999 reddidisse,
1047 1929 1096 1989 tel
1110 1929 1197 1989 etiam
1211 1929 1339 2009 ipsorum
1456 1957 1457 1960 ¹

240 2020 367 2099 aliquem
388 2022 508 2082 naulum
533 2022 703 2085 dissolvisse
725 2024 764 2083 de
784 2022 872 2102 lignis
888 2042 955 2101 quae
976 2021 1139 2082 Philondaa
1160 2022 1252 2093 vexit,
1266 2021 1340 2081 datis

239 2110 287 2173 isti
299 2114 337 2173 ab
348 2114 488 2193 Amynta.
529 2115 626 2174 Pluris
640 2115 718 2175 enim
731 2116 845 2176 faciunt
855 2113 1096 2198 existimationem
1107 2121 1138 2173 et
1149 2113 1340 2186 fidamsuam,

239 2224 331 2283 qnam
341 2216 375 2266 ut
388 2207 471 2267 falsis
485 2207 660 2271 testimoniis
672 2208 807 2269 dicendis
817 2206 971 2267 Timotheo
985 2206 1201 2285 medicentur·
1238 2207 1340 2285 Neque

210 2335 220 2343 --
240 2307 338 2359 tamen
363 2318 394 2359 se
417 2299 617 2362 verumetiam
636 2300 834 2362 testimonium
852 2300 882 2358 in
904 2318 971 2359 enm
988 2298 1119 2359 diturroa
1132 2318 1209 2370 esse,
1223 2309 1340 2379 propter

237 2388 463 2453 familiaritatem
491 2392 566 2471 ejus,
590 2393 781 2453 affirmarunt.
834 2392 912 2453 Cum
933 2390 1023 2470 igitur
1043 2410 1129 2451 nemo
1156 2390 1340 2451 familiarium

241 2484 388 2546 testificari
403 2504 494 2544 ausus
506 2486 601 2556 fuerit,
616 2497 647 2546 et
664 2496 885 2565 procuratorum
904 2484 1064 2563 ejus-dum
1083 2484 1163 2563 apud
1176 2497 1277 2562 regem
1290 2486 1339 2544 ab·

239 2577 305 2648 fuit,
319 2578 365 2638 vel
385 2598 449 2639 non
464 2580 614 2659 accepisse
636 2580 759 2640 naulum
780 2579 923 2658 lignorum
937 2576 1124 2646 'Philondam
1138 2596 1280 2648 amensa,
1296 2577 1339 2636 vel

240 2666 367 2746 ipmrum
392 2669 517 2748 aliquem
537 2669 725 2732 dissolvisse:
747 2689 785 2730 an
807 2689 866 2730 non
889 2668 1190 2731 ematimare‹tlebetia
1209 2688 1266 2729 me·
1274 2681 1340 2728 tera

240 2757 344 2840 loquil
365 2762 409 2821 Ao
424 2781 460 2821 ne
474 2761 547 2820 illud
559 2762 676 2840 quidem
691 2762 788 2822 dicere
806 2761 937 2833 audebit,
952 2761 1041 2822 alium
1049 2779 1226 2840 quemquam
1235 2761 1337 2822 disad-

241 2852 318 2913 visae
336 2853 455 2918 naulum
470 2854 507 2918 de
527 2854 615 2934 liguis
634 2875 701 2934 quoe
716 2855 805 2916 'vexit-
817 2854 990 2926 Philondas,
1004 2873 1093 2934 quam
1106 2862 1338 2933 patrem-meum.

242 2943 295 3002 Sin
307 2945 403 3006 verbis
428 2947 573 3018 abutetur,
598 2947 746 3025 postulate
768 2956 800 3005 ut
824 2945 1022 3006 testimonium
1042 2945 1106 3024 ejus
1129 2945 1338 3026 exhibeat-qui

241 3035 360 3096 naulum
384 3037 503 3098 solverit
525 3039 563 3098 de
588 3038 684 3117 lignis.
733 3037 917 3099 lneonfesso
930 3038 1008 3098 enim
1023 3048 1070 3097 est
1091 3037 1187 3120 ipsum
1201 3039 1338 3100 abfuisse

233 3129 320 3208 ,apud
335 3149 442 3208 regem,
457 3129 633 3190 Philondam
646 3139 755 3202 autem,
767 3150 855 3209 quem
868 3130 1338 3212 proptenlignamiseratet'patri

234 3239 307 3280 -meo
321 3223 551 3295 commendarat,
564 3224 711 3284 invenisse
726 3234 883 3294 mortuom,
897 3243 965 3284 cum
982 3241 1002 3282 a
1020 3242 1089 3303 rege
1102 3243 1236 3284 reversus
1250 3237 1338 3286 esset.

242 3313 372 3374 Necesse
387 3315 475 3392 igitur
499 3327 545 3376 est
567 3317 691 3377 aliorum
714 3325 908 3395 cognatorum
925 3326 978 3376 aut
998 3315 1181 3401 familiarium
1193 3317 1336 3396 'aliquam

241 3405 348 3482 quibus
370 3406 501 3465 abiturus
521 3428 620 3468 euram
642 3428 739 3468 rerum
760 3427 880 3486 suarum
894 3408 1059 3481 mandarat,
1072 3409 1157 3480 snite,
1169 3411 1248 3470 uude
1263 3430 1336 3471 com·

241 3506 343 3574 parato
357 3497 445 3556 naulo
462 3499 607 3576 lignorum
622 3499 784 3560 Philondas
798 3501 977 3561 naviculario
991 3501 1176 3572 satisfecerit,
1187 3500 1214 3562 si
1228 3524 1260 3563 se
1273 3524 1335 3564 enm

240 3590 314 3667 patri
340 3591 573 3664 commendasse,
596 3601 628 3651 et
645 3593 793 3671 accepisse
811 3593 986 3654 Philondam
1006 3611 1025 3654 a
1045 3605 1127 3673 patre
1141 3614 1208 3656 meo
1220 3597 1335 3657 naulum

231 3681 386 3759 ¹lignorum
401 3693 498 3763 negat.
542 3683 660 3744 Nullius
674 3704 746 3764 ergo
763 3685 960 3746 testimonium
980 3685 1108 3764 proferre
1129 3696 1215 3765 potes
1234 3689 1334 3748 famili·

230 3773 332 3832 -arium
344 3784 467 3846 tuorum,
478 3775 516 3834 de
525 3796 584 3836 non
594 3786 769 3855 acceptata
782 3777 1170 3857 absentanaulolignorum
1180 3780 1335 3855 demensa,

240 3866 294 3926 sed
308 3859 477 3928 alteiutrnrn
486 3888 606 3928 necesse
616 3878 672 3941 est,
683 3879 711 3930 te
725 3879 777 3929 aut
790 3869 873 3930 nullo
885 3869 928 3929 uti
941 3869 1241 3950 familiarinm‘neque
1252 3873 1334 3933 fidem

239 3957 346 4020 habere
367 3957 418 4018 ulli
432 3969 557 4032 tuorum,
571 3970 634 4033 aut,
648 3981 714 4021 cum
736 3961 807 4020 satis
820 3961 897 4022 scias
912 3961 1087 4022 Philondam
1099 3962 1249 4042 aaoepisse
1267 3977 1334 4026 nan·¹

238 4051 301 4111 lum
328 4051 474 4132 lignorum
498 4071 516 4111 a
539 4062 620 4134 patre
642 4071 718 4123 meo,
741 4053 991 4132 quemadmodum
1013 4073 1080 4113 eum
1105 4056 1333 4126 commendatas,

239 4144 385 4204 cumhinc
401 4141 540 4215 solveres,
554 4144 718 4206 existimare
732 4145 827 4235 nolris,
842 4145 866 4205 si
879 4145 987 4227 possis,
1000 4144 1184 4219 fraudandis,
1198 4149 1257 4207 tuis
1269 4148 1332 4208 rati·

239 4237 344 4296 onibus
367 4248 397 4297 et
420 4237 593 4314 compendio
614 4258 664 4316 per
682 4238 816 4318 injuriam
837 4239 1061 4299 consulendum.
1102 4240 1168 4320 Ego
1181 4261 1263 4317 vero,
1280 4239 1332 4302 Ju-

231 4329 333 4401 =diees,
348 4340 455 4408 praetor
468 4328 667 4398 testimonium
681 4332 766 4409 quod*
776 4331 859 4391 vobis
872 4331 1003 4402 exhibui,
1012 4351 1111 4391 eorum
1124 4332 1175 4411 qui
1189 4353 1221 4394 se
1230 4334 1333 4393 ‘iisde-

241 4419 318 4480 disse
332 4432 495 4501 argentum,
511 4422 615 4501 quibus
638 4423 693 4486 iste
710 4423 814 4519 jussit,
823 4423 935 4496 dicunt,
950 4424 1112 4506 quiqne'ad
1126 4443 1258 4487 mensam
1271 4435 1331 4486 tum
