2967 4950
467 287 638 350 column
653 289 933 352 nrnnucnunr.
1169 379 1171 383 Ι
1216 291 1254 351 15

149 405 218 497 indus
227 457 300 505 seque
310 441 372 490 dixit
383 437 511 503 transigere
521 443 583 490 selle
594 459 647 494 eum
662 444 825 506 Hessensnd'rn
835 452 866 500 -et
882 444 976 495 misisse
987 446 1019 494 sd
1034 445 1087 492 eim
1097 446 1129 492 de
1143 446 1259 496 tollendis

150 514 293 574 melonibus,
305 527 352 565 tam
364 533 394 566 ee
405 535 451 584 qus
462 519 512 580 ipse
521 521 691 576 renmseoisset
702 522 882 596 Hegessndrnm
893 531 917 570 st
928 521 1159 583 Timrobnm,qnam
1167 523 1260 584 illeque

152 613 179 645 se
190 597 348 660 Hegessnder
359 596 387 642 de
400 596 524 651 servitute,
535 596 663 672 eodemque
675 599 745 645 modo
756 600 903 667 transegisse.

500 745 850 831 *rnerrnonrun
950 758 955 772 “
984 811 987 828 ,

187 923 368 984 Amphistlsenes
378 927 485 974 testatur.
519 925 571 986 Ego
579 924 718 972 Pittelecnm
727 925 750 972 in
760 925 889 973 libertstsm
898 925 988 974 asserui
999 940 1052 973 aum
1063 926 1094 973 ab
1103 927 1257 987 liegeseudro

151 1001 182 1046 nd
192 999 329 1048 serritutem
337 1007 489 1061 peteretur-

152 1123 195 1182 Et
215 1123 334 1202 reliqua.
355 1125 450 1206 igitur
469 1134 498 1183 et
517 1123 611 1203 ipsum
629 1126 858 1204 Hegesandruur
878 1127 991 1186 vocabo
1011 1128 1105 1186 vobis.
1140 1129 1258 1193 Dictavi

153 1225 254 1274 autern
269 1215 296 1273 ei
318 1217 516 1275 testimonium
528 1205 690 1276 modestius
705 1237 793 1296 quam
813 1237 908 1277 mores
929 1219 992 1298 ejus
1013 1219 1181 1298 postulent:
1204 1221 1257 1279 sed

152 1306 357 1386 paulotamen
372 1301 535 1367 euidentius
550 1328 637 1386 qusru
655 1308 804 1387 Misgolae.
837 1310 944 1389 Neque
957 1329 1026 1369 vero
1041 1312 1142 1370 nescio
1163 1317 1256 1386 ejura-'
1298 1317 1302 1323 '

153 1409 255 1458 turum
274 1405 400 1472 esse3et
421 1400 626 1480 pejeraturum.
658 1400 718 1459 Cur
733 1402 821 1480 igitur
835 1422 903 1461 eum
918 1402 977 1462 cito
991 1402 1029 1461 ad
1044 1403 1201 1465 dicendum
1216 1415 1259 1469 te-

154 1490 348 1558 stimonium?
370 1491 413 1550 Ut
431 1492 513 1551 vobis
529 1491 736 1565 demonstrem,
759 1493 863 1572 quales
877 1495 971 1554 soleat
988 1494 1122 1554 homines
1136 1497 1259 1558 reddere

153 1581 238 1661 istud
264 1581 526 1662 studiumzwquam
553 1593 584 1642 et
611 1594 829 1662 contemptores
857 1585 989 1656 deorum,
1016 1596 1046 1644 et
1072 1586 1259 1670 despectores*
1311 1586 1314 1591 ’

154 1673 266 1751 legum,
281 1683 313 1732 et
327 1694 444 1754 prorsus
459 1675 552 1738 omnis
568 1675 752 1740 verecundiae
765 1675 957 1754 negligentes.
979 1677 1063 1736 Voca
1075 1679 1144 1738 milri
1159 1681 1259 1760 Hege-

154 1765 309 1826 saudrum.
601 1759 608 1767 “
916 1780 918 1785 ·

555 1959 865 2020 TESTIMONIUM.

192 2117 348 2178 Heg'essnder
359 2115 453 2177 Diphili
469 2117 496 2162 il.
514 2112 642 2174 Spiriensis
653 2120 761 2163 testatur.
784 2115 841 2163 (lum
861 2130 893 2162 ex
908 2114 1063 2174 Hellesponto
1078 2129 1128 2160 sum
1143 2130 1264 2173 reversus,

154 2193 306 2258 deprehendi
318 2193 381 2253 apud
388 2193 530 2244 ›Rittsleeom
542 2191 666 2246 elestorem
678 2199 784 2251 egentem
795 2192 943 2240 Timarchum
954 2189 1043 2237 Ariseli
1057 2191 1094 2247 lt,
1102 2199 1171 2251 etque
1182 2209 1210 2239 ex
1221 2194 1264 2252 ills

157 2271 245 2322 notitia
254 2268 376 2318 Timarcho
387 2284 444 2318 usus
456 2283 515 2324 snm,
528 2267 607 2314 eadem
619 2282 670 2314 oum
680 2283 708 2314 eo
722 2277 827 2315 versatus
837 2268 927 2315 ratione
936 2282 981 2329 qus
988 2268 1054 2328 prius
1064 2267 1133 2315 etism
1142 2285 1193 2316 cum
1203 2271 1265 2316 Imo-
1320 2291 1326 2298 ·

158 2349 277 2394 demente.

160 2470 233 2531 Non
249 2471 419 2549 ignorabam
434 2490 500 2529 eum
514 2469 718 2547 neglecturum
738 2488 806 2529 esse
817 2469 1035 2550 jusjurandum,
1053 2456 1269 2544 Athenienses,

146 2561 215 2625 ‘sed
228 2562 350 2642 prsedixi
365 2563 459 2623 vobis.
496 2563 574 2627 Quin
588 2562 661 2620 illud
676 2561 764 2621 etiam
783 2563 941 2642 praevideo,
956 2583 1023 2641 cum
1042 2583 1121 2622 nuuc
1134 2564 1265 2626 testimo·
1322 2585 1326 2591 ·

157 2657 244 2717 nium
258 2655 355 2715 dicere
365 2655 448 2729 nolit,
463 2654 561 2713 statim
575 2653 607 2711 in
621 2654 792 2713 defensione
806 2656 1009 2733 proditurum:
1031 2655 1117 2733 idque
1130 2656 1265 2734 profecto

159 2748 281 2808 minime
295 2748 409 2806 misum.
442 2745 595 2805 Ascendet
609 2756 706 2805 autern
720 2747 791 2817 huc,
803 2748 865 2809 vita
884 2758 1022 2809 anteacta
1037 2747 1141 2817 fretus,
1153 2750 1265 2828 quippe

157 2842 206 2901 'uir
223 2842 330 2912 bonus,
349 2839 533 2897 etmalorum
548 2856 633 2896 osor:
651 2848 685 2897 et
702 2839 822 2915 ignarus
844 2839 893 2915 qui
915 2838 1001 2906 fuerit
1021 2837 1204 2899 Laodamas:
1225 2841 1265 2900 ob

159 2952 252 3013 quem
266 2952 318 2991 vos
332 2931 408 2991 inter
421 2930 580 3009 legendum
592 2930 793 2989 testimonium
806 2929 964 2988 tumultum
979 2930 1143 2989 excitastis
1181 2930 1267 2990 Nun‘-

163 3026 236 3104 quid
251 3024 367 3084 audebo
381 3022 554 3095 evidentius,
568 3042 654 3100 quarn
668 3042 722 3102 pro
736 3016 841 3081 natura
855 3042 929 3093 meo,
944 3022 1063 3081 dicere?
1085 3022 1181 3080 Dicite
1195 3022 1281 3083 mibi-

160 3136 282 3197 quoeso,·
292 3116 506 3175 Athenienses:
526 3116 578 3193 qui
590 3134 654 3173 sese
670 3114 817 3173 dedecore
826 3113 923 3173 affecit
936 3113 1016 3191 apud
1029 3114 1265 3191 Hagesandrum,

161 3230 225 3269 nou
237 3208 355 3268 videtur
368 3208 450 3266 vobis
463 3216 609 3266 scortatus
624 3210 772 3267 esse'cum
782 3206 901 3265 scorto?
921 3206 984 3264 Aut
996 3206 1067 3283 quid
1077 3205 1201 3284 insignis
1210 3206 1267 3270 im·

161 3300 317 3381 probitatis
340 3298 571 3377 praetermisisse,
593 3299 625 3356 ‘in
643 3300 783 3358 ebrietate
797 3307 838 3358 ,et
856 3296 1038 3357 solitudine?
1068 3298 1136 3362 Nou
1155 3299 1267 3376 putatis

164 3392 403 3471 Heg‘esandrum,
412 3392 451 3449 ad
461 3389 694 3469 pervulgatailla
704 3409 772 3449 curn
780 3389 1059 3465 Leodamanteacta
1068 3390 1265 3465 defendenda,
1280 3405 1282 3409 ·

163 3501 288 3565 quorum
301 3486 470 3544 'vosomnes
485 3483 556 3541 estis
568 3480 688 3562 conscii,
698 3484 826 3559 superbe
841 3481 866 3539 ei
879 3481 1057 3561 imperasse:
1078 3492 1116 3546 ut⁴
1124 3484 1161 3543 ob
1173 3484 1270 3562 imper
1328 3506 1336 3512 ·

162 3576 275 3637 riorum
289 3575 518 3655 magnitudinem
532 3572 683 3657 moderate
699 3593 730 3637 se
740 3593 808 3633 cum
819 3594 857 3632 eo
869 3574 996 3653 gessisse
1009 3574 1177 3647 videretur?
1210 3590 1213 3596 ’
1261 3621 1265 3632 ,
1337 3633 1340 3636 ,
1382 3647 1391 3655 Ν

179 3711 183 3713 -
208 3669 258 3726 15.
279 3667 341 3725 Sed
359 3676 457 3725 tamen
470 3663 605 3726 videbitis
625 3664 731 3742 ipsum,
750 3675 784 3725 et
803 3666 906 3725 fratem
930 3668 993 3738 ejus
1013 3666 1187 3743 Crobyluru,
1201 3685 1270 3747 per·

163 3767 406 3837 quamaccumte
421 3766 451 3816 et
464 3756 587 3834 oratorio
599 3758 697 3819 statim
716 3758 776 3815 huc
796 3758 928 3834 prosilire
942 3776 976 3814 ac
999 3756 1107 3827 dicere,
1120 3746 1189 3836 quse
1210 3780 1280 3839 ego*

147 3907 150 3915 ,
163 3851 276 3921 dicam,
286 3868 446 3927 eamagnae
456 3867 520 3910 esse
531 3847 677 3907 stultitiae:
688 3867 723 3906 ac
736 3848 985 3925 postulaturosut
994 3858 1086 3909 testes
1096 3851 1268 3928 producamt
1316 3870 1322 3875 ·

163 3942 219 4019 qui
227 3947 329 4019 aperte
341 3940 452 4015 dicant,
470 3939 634 4018 ubiegerit‚
644 3938 797 4017 quomodo
815 3938 926 4009 fecerit,
947 3941 1077 4019 aut-quis
1090 3932 1270 4012 siderit,·aut

166 4053 237 4112 qum
250 4032 324 4093 ratio
336 4031 442 4093 fuerit:
464 4031 626 4109 impudenti
641 4040 757 4090 utentes
768 4031 910 4090 oratione.
921 4032 1036 4111 ⁴Neque
1047 4035 1125 4101 euim
1140 4053 1197 4111 ego
1215 4054 1270 4095 vos
1291 4038 1293 4042 ’

141 4122 147 4129 ’
165 4136 228 4189 tam
241 4124 400 4188 obliviosos
408 4142 481 4187 esse
490 4124 622 4193 arbitron
633 4134 667 4180 ut
679 4142 738 4181 nou
752 4123 939 4183 memineritis
950 4124 1058 4203 legum,
1069 4146 1142 4203 quas
1155 4125 1271 4199 recitari

166 4218 258 4295 paulo
267 4226 335 4277 ante
350 4202 512 4284 audivistis,
527 4204 675 4292 inquibus
690 4216 831 4294 scriptum
846 4226 907 4276 est:
928 4216 959 4276 si
986 4218 1075 4294 quis
1099 4218 1270 4296 aliquem

168 4308 457 4373 Atheniensium
492 4307 536 4365 ad
569 4307 603 4365 id
632 4308 829 4385 'negotium
862 4309 1116 4382 conduxerit,
1142 4321 1210 4378 aut
1236 4306 1275 4373 si
1348 4326 1353 4331 ’

170 4400 254 4479 quis
276 4398 562 4487 *seseelocarit
583 4400 703 4491 teneri
725 4399 1124 4482 mflsslmlfljelpdrlblli
1145 4404 1275 4483 pranis,
