2967 4950
602 309 822 377 rrrsrorn.
1057 287 1064 295 ’
1201 313 1260 377 133

63 519 68 526 ,
161 472 382 552 septuagesimo
394 471 544 551 navigavit
556 487 682 545 mecum,
701 473 848 553 particeps
860 448 960 532 sutura
977 465 1098 532 inflicta
1117 471 1188 531 mihi
1207 486 1261 554 per
1329 543 1331 549 7
1392 541 1395 548 s

161 584 214 624 ros
228 565 421 646 calamitatis,
443 575 474 625 et
494 583 563 627 cum
577 583 677 638 uxore,
695 585 764 644 quse
783 585 843 625 uns
857 583 972 625 mecum
986 583 1024 624 ex
1037 567 1110 625 urbe
1124 565 1260 637 excessit,
1277 599 1280 604 ·

160 657 335 736 prohibente
347 677 412 718 eum
427 642 520 738 patre,
530 657 685 737 etiegibus
698 659 824 719 fortusse
837 663 956 719 manere
970 658 1155 739 cogentibus,
1166 659 1260 740 magis

161 773 256 831 gnara
269 772 383 812 morum
402 753 538 826 civitatis,
547 753 773 832 ‘quamsslegum
795 761 908 813 etcum
928 753 1021 814 tribus
1034 753 1142 828 liberis,
1155 753 1205 833 qui
1222 773 1261 814 ne

161 865 244 905 nunc
262 844 381 926 quidem
402 865 486 906 susm
508 845 708 906 calamitatem
728 846 906 925 intelligunt,
926 866 982 909 nec
1001 846 1117 927 qualem
1139 843 1195 908 sibi
1209 867 1260 909 ne·

161 938 312 998 scentibus
322 938 496 1018 patrismdii
505 937 641 998 dederint
649 937 873 1000 Atheniensium
886 939 1044 1014 civitatem,
1054 945 1085 1000 et
1094 939 1184 1018 quali,
1199 949 1261 1001 stn-

160 1033 214 1092 tim
223 1042 258 1093 ut
269 1034 331 1097 nati
344 1033 472 1106 fuerant,
486 1033 545 1094 sint
553 1034 627 1094 urbe
640 1032 755 1112 privati.
777 1033 823 1093 Ac
836 1031 884 1093 alii
894 1032 1024 1114 quidem,
1036 1033 1176 1108 strideo,
1190 1054 1261 1096 suos

161 1123 269 1195 liberos
279 1126 327 1186 vel
336 1126 367 1186 in
382 1125 496 1186 Boeotis
509 1124 556 1185 vel
569 1126 601 1185 in
622 1125 732 1187 AEtolia
750 1136 835 1186 natos
857 1125 896 1186 ad
909 1145 962 1186 vos
976 1126 1104 1200 mittunt,
1117 1137 1152 1187 nt
1163 1138 1262 1190 vestra

164 1217 320 1302 disciplina
338 1218 527 1279 erudiantur:
549 1219 654 1299 quibus
668 1238 737 1279 vero
757 1219 824 1280 hoec
842 1229 980 1280 enatura
1002 1221 1112 1281 tributa
1133 1221 1260 1295 fuerant,

162 1326 231 1370 cum
253 1312 343 1391 patris
356 1321 464 1393 essent,
478 1331 539 1371 non
557 1312 658 1391 populi
678 1311 821 1390 beneficio
834 1313 865 1372 in
878 1313 979 1373 urbem
994 1311 1144 1392 adscripti,
1158 1317 1261 1375 autob
1356 1303 1361 1308 ’

162 1405 261 1483 turpia
273 1404 403 1465 facinora
415 1404 614 1479 condemnati,
633 1405 665 1465 hi
678 1407 818 1466 exsulant
837 1407 936 1468 adbuc
950 1407 1086 1480 infantes,
1100 1417 1131 1468 et
1144 1409 1175 1468 in
1187 1429 1262 1488 pau·

162 1507 277 1576 pertate
296 1498 469 1572 educantur,
482 1497 513 1557 in
527 1498 683 1560 solitudine
696 1511 727 1562 et
741 1499 847 1560 exsilio
859 1509 993 1579 paterno.
1024 1501 1069 1560 Ac
1083 1500 1120 1560 de
1134 1501 1261 1582 Lycurgi

162 1589 261 1651 liberis
270 1591 309 1651 ud
322 1611 376 1652 ros
389 1591 490 1653 scribit
503 1591 733 1666 Demosthenes,
748 1603 779 1654 et
791 1602 872 1653 recte
885 1593 965 1663 facit,
978 1593 1030 1672 qui
1050 1603 1205 1672 paternum
1219 1595 1262 1655 eis

164 1681 295 1744 debitum
309 1685 470 1747 condonari
482 1696 576 1764 petat,
588 1695 620 1746 et
630 1705 684 1747 vos
697 1686 769 1746 nihil
783 1686 863 1747 alind
877 1685 979 1766 egistis
1000 1686 1057 1746 nisi
1070 1687 1149 1766 quod
1169 1687 1262 1747 Athe·

164 1775 283 1838 aienses
293 1779 428 1850 decebat,
439 1799 475 1840 ac
487 1779 600 1840 miserti
614 1798 713 1840 eorum
735 1780 1059 1841 condonastis—vestri
1082 1781 1159 1840 enim
1174 1781 1263 1842 moris

163 1879 218 1943 est,
235 1871 321 1932 facile
334 1882 365 1933 et
375 1873 460 1933 irasci
481 1883 512 1932 et
523 1872 618 1939 redire
631 1874 662 1933 in
676 1873 861 1952 gratiam-2
885 1893 941 1952 ego
955 1893 1024 1933 vero
1038 1893 1057 1932 a
1069 1874 1152 1932 vobis
1169 1875 1263 1956 irnpe-

163 1971 242 2023 trare
253 1984 314 2024 non
326 1978 438 2045 potero,
447 1965 472 2026 si
485 1985 539 2045 pro
549 1966 622 2026 meis
633 1985 724 2039 orem,
738 1985 799 2024 non
812 1965 902 2026 modo
912 1986 950 2025 ne
958 1965 989 2026 in
1000 1965 1126 2026 orbitate
1137 1965 1263 2045 alantur,

163 2056 225 2116 sed.
236 2077 275 2116 ne
293 2058 380 2118 simul
398 2069 430 2120 et
448 2059 512 2121 orbi
533 2059 593 2119 sint
605 2067 636 2118 et
655 2057 781 2132 exsules,
796 2077 863 2118 cum
877 2057 948 2117 nihil
969 2057 1132 2137 peccarint,
1155 2059 1263 2142 quippe
1320 2099 1323 2104 -

163 2151 257 2228 pueri,
277 2171 374 2229 neque
388 2151 571 2212 alienatione
589 2151 647 2211 sint
664 2150 863 2224 condemnati,
882 2158 913 2210 et
932 2148 1064 2230 perpessi
1087 2158 1186 2210 tamen
1201 2172 1264 2213 om·

164 2241 215 2302 nia
224 2263 291 2321 quse
300 2243 508 2304 condemnatis.
518 2263 575 2303 usu
589 2243 723 2302 veniunt·
740 2241 873 2301 Tandem
883 2239 1077 2302 recordamini
1089 2243 1158 2316 mei,
1172 2244 1265 2305 Athe·
1355 2308 1358 2317 ,

164 2334 293 2414 nienses,
309 2348 339 2396 et
353 2337 490 2416 precibus
501 2336 574 2396 meis
585 2335 712 2415 benigne
725 2335 825 2394 locum
837 2334 917 2405 date,
929 2354 1008 2396 nunc
1019 2336 1112 2396 nostri
1124 2328 1266 2398 rationem

165 2429 316 2490 babentes
348 2430 436 2509 Agite
450 2448 529 2509 ergo,
541 2429 747 2499 Athenienses,
762 2424 918 2489 concedite
932 2447 978 2502 ea,
992 2447 1060 2507 quae
1073 2429 1162 2491 vestri
1176 2432 1265 2492 moris

165 2533 246 2597 sunt,
260 2533 291 2583 et
310 2523 511 2584 moderatione
534 2522 661 2582 utimini.
689 2522 795 2601 Neque
808 2541 826 2581 a
846 2521 951 2605 restris
965 2521 1093 2582 moribus
1107 2521 1263 2598 recedetis,

151 2615 393 2697 nequegloriam
400 2624 531 2677 vestram
541 2613 711 2686 destruetis,
722 2632 812 2696 quam
822 2614 960 2674 bonitatis
968 2626 999 2674 et
1009 2613 1201 2677 humanitatis
1211 2638 1265 2679 no-

164 2710 253 2785 minc,
273 2711 411 2791 majorem
425 2726 514 2786 quarn
536 2717 641 2767 ceteroe
659 2709 748 2768 urbes
770 2726 882 2782 omnes,
897 2708 970 2768 estis
983 2709 1149 2781 consecuti,
1171 2730 1267 2791 neque

163 2804 231 2887 plus
249 2804 345 2864 valeat
359 2800 546 2879 Melanopus,
560 2799 610 2879 qni
623 2800 713 2862 robis
727 2802 835 2874 obstat,
850 2820 908 2879 quo
926 2801 1022 2859 minus
1035 2811 1162 2861 vestram
1181 2804 1267 2863 boni·

164 2906 311 2971 tetemet
330 2894 542 2954 humanitatem
559 2892 722 2966 imitemini,
735 2911 824 2971 quam
838 2893 889 2971 qui
909 2912 963 2952 vos
984 2891 1167 2967 adhortatur,
1183 2904 1220 2954 et
1239 2897 1266 2957 is
1354 2956 1361 2977 y.
1425 2966 1432 2979 1

164 2988 284 3067 quidem
297 3006 357 3047 non
371 2986 752 3066 AEschines-nequsquam
765 2983 880 3045 medius
894 2982 992 3057 fidius,
1007 3005 1103 3065 neque
1116 2986 1195 3047 enim
1208 3008 1265 3069 ego

165 3082 236 3143 satis
246 3090 298 3141 aut
306 3081 412 3141 virium
425 3090 478 3140 aut
490 3080 636 3141 facundia
645 3079 752 3153 habeo,
766 3078 805 3138 sd
819 3078 1057 3158 persuadendum
1067 3080 1171 3160 patrica
1180 3100 1265 3158 mese,

166 3174 328 3255 presertim
346 3194 414 3234 cum
435 3193 514 3233 nunc
528 3191 624 3233 meam
649 3191 772 3233 causam
793 3190 882 3251 agere
903 3158 1051 3246 videar-L,
1067 3172 1121 3233 sed
1140 3172 1266 3234 civitatis

165 3288 241 3346 mos,
258 3278 290 3328 et
301 3266 454 3345 antiquum
466 3276 594 3327 vestrum
618 3284 738 3339 nomen,
758 3274 791 3325 et
810 3260 955 3344 majorum
968 3264 1162 3326 consuetudo.
1189 3268 1265 3333 Quae

165 3360 258 3442 pluris
280 3359 416 3422 thcienda
429 3368 473 3418 est
493 3358 614 3430 scilicet,
624 3356 717 3437 'quam
732 3357 920 3437 Melanopus,
934 3356 985 3437 qui
1002 3378 1038 3419 ea
1059 3356 1174 3439 flagitat
1195 3378 1263 3438 quoe

166 3454 249 3517 robis
263 3463 335 3515 sunt
352 3452 508 3525 indecora(
888 3462 889 3467 ’
1270 3444 1274 3450 ’

535 3625 703 3672 mscrrrurs
728 3623 896 3685 ,onerosis

638 3768 778 3810 OPERUM

1106 3831 1205 3916 oo

374 3954 377 3959 .
468 3882 801 3953 rursurssrsrrours
825 3908 960 3953 narrum
1066 3881 1242 4136 Qffi}

1090 4097 1206 4178 ‘11pr
1231 4179 1233 4183 ι
1330 4148 1334 4151 ,
