2967 4950
435 316 655 416 ADVERSUS
677 316 977 378 MACAR'I'ATUM.
1004 316 1011 329 '⁴
1102 376 1107 402 ¹
1189 323 1247 379 61⁷

155 464 229 533 Quo
238 473 321 545 petre
332 468 439 527 nutus?
459 470 604 531 Eubulide
617 472 744 552 Huguiae
756 474 907 553 patrueli„
931 473 1119 543 Quamuuet
1139 472 1247 555 Phylo-

153 556 273 637 meohu,
285 555 321 617 err
337 559 464 639 Huguioe
476 564 600 642 patrueli
613 564 701 625 fratre
714 574 794 645 uate.
836 566 996 626 Eubulides
1014 572 1098 643 cujus
1117 567 1174 627 fuit
1193 589 1247 649 pu-

155 648 230 709 trisl
254 650 490 733 Philugripatrui
504 655 640 735 Huguiue.
682 657 776 737 Cujus
789 658 912 718 matris?
933 658 1140 739 Phylomeohoe
1149 660 1246 720 amites

155 740 296 821 Heguioe.
337 745 471 825 Heguius
493 766 578 826 porro
601 750 683 829 cujus
703 750 760 809 fuit
779 749 879 810 iilius?
910 750 1086 811 Polemonis.
1126 751 1247 811 Polemo

153 835 262 915 cujusl
284 836 421 917 Heguioe.
444 839 576 919 Huguias
600 841 705 921 eujus?
725 842 835 903 Buseli.
864 842 938 903 Hoee
960 844 1051 905 ultera
1071 853 1116 904 eet
1136 843 1246 904 familia

156 932 296 1015 Huguiae,
310 935 395 997 unius
418 937 542 998 filiorum
562 938 678 999 Buseli:
700 944 730 999 et
747 939 796 999 hio
809 958 994 1019 nequaquem
1007 942 1084 1001 inest
1096 942 1174 1002 idem
1190 960 1245 1001 no-

155 1044 229 1085 meu
239 1027 316 1104 quod
328 1038 375 1088 est
386 1029 418 1087 iu
430 1029 540 1089 familia
549 1041 730 1109 posterorum
741 1031 850 1102 sontii,
861 1051 897 1091 eo
906 1052 942 1092 ue
953 1033 1103 1094 consimile
1111 1032 1246 1113 quidem:

157 1118 214 1177 sed
227 1118 283 1195 ipsi
296 1140 348 1199 per
367 1141 400 1182 se
412 1121 442 1181 iu
456 1122 704 1201 Hogniae·sumiliu
717 1124 951 1205 progrediuntur,
965 1125 1082 1185 nomine
1095 1144 1113 1186 a
1124 1146 1156 1185 se
1172 1126 1248 1185 iuvi·

155 1229 222 1269 cem
236 1211 423 1291 accipientes.
441 1220 444 1227 ’
465 1214 626 1276 Undelibet
642 1215 742 1295 igitur'
748 1226 779 1277 et
793 1217 887 1277 modis
900 1217 1036 1276 omuibus
1048 1216 1166 1277 ulterius
1180 1205 1246 1277 esse

154 1301 275 1361 familiae
288 1305 500 1365 convincuntur
513 1326 675 1388 genereque
687 1308 864 1381 remotiores,
877 1328 972 1387 neque
984 1308 1143 1388 quiequam,
1151 1309 1195 1368 eis
1208 1328 1247 1369 ex

154 1396 285 1476 Hsguiae
297 1397 469 1473 hoereditute
482 1398 599 1461 deberi:
621 1402 726 1480 quibus
739 1401 1244 1488 euimlegislator'propinquitutem

153 1487 207 1561 det
219 1499 251 1549 et
260 1489 470 1566 hereditatem,
483 1491 530 1552 hee
543 1494 625 1554 robis
644 1495 726 1575 leges
739 1494 947 1557 recitabuntur.

654 1649 747 1710 LEX.

189 1764 306 1827 Quisquis
314 1758 438 1814 interulas
448 1767 552 1825 moritur,
564 1768 680 1829 siquidem
689 1768 777 1816 liberos
788 1768 907 1816 muliebris
918 1784 990 1816 sexus
1001 1768 1130 1830 reliquerit,
1139 1768 1182 1816 lilii
1191 1784 1245 1816 ouer

155 1840 238 1886 lrisoe:
257 1840 295 1888 siu
317 1840 437 1898 miuus,lri
455 1844 513 1890 boue
533 1844 678 1905 possidente.
710 1845 752 1890 Sin
766 1840 849 1891 iratres
866 1844 951 1891 luerint
965 1845 1067 1906 germani
1078 1853 1103 1893 et
1114 1846 1136 1893 si
1153 1845 1246 1893 liberie

153 1918 266 1966 iratribus
284 1917 393 1979 legitimi,
403 1920 475 1982 petris
495 1928 586 1982 perteue
605 1919 747 1967 sortiuntorz
771 1920 812 1968 sin
823 1921 907 1969 fretrus
924 1936 970 1968 eeu
989 1922 1076 1969 fuerint
1090 1930 1131 1970 eut
1149 1923 1246 1970 fretruru

151 1996 230 2052 liberi,
239 2011 271 2043 ex
281 1996 325 2052 eie,
335 1997 418 2065 cedern
425 1997 512 2044 retioue
524 1997 657 2045 eortiuutor.
690 1997 847 2045 Praeferuutor
855 2004 931 2045 eutem
944 2012 1020 2045 meres
1031 2004 1055 2045 et
1063 1998 1184 2046 erunibus
1189 2014 1245 2060 pro·

153 2073 244 2135 pegeni,
255 2072 276 2119 ei
291 2088 322 2119 ex
332 2072 416 2121 iisdem
427 2074 520 2130 suerint,
532 2081 556 2121 et
572 2074 593 2121 si
605 2089 689 2135 qeuere
699 2072 843 2121 remotiores.
875 2074 902 2120 Si
919 2088 975 2121 vero
992 2090 1038 2121 uon
1057 2074 1143 2121 luerint
1156 2082 1246 2136 epatre

153 2164 228 2211 usque
240 2149 270 2195 ed
288 2148 432 2197 sobriuoruru
442 2149 534 2204 liberos,
551 2150 569 2195 ii
585 2150 693 2210 quisunt
709 2156 809 2196 enreue
819 2147 866 2195 riri
883 2150 933 2210 peri
951 2150 1039 2197 retiooe
1053 2156 1194 2211 potestaten
1204 2152 1247 2197 he·

153 2231 235 2275 bento.
268 2226 309 2273 Sin
321 2242 351 2274 ex
365 2232 447 2281 neutro
463 2231 531 2287 purte
541 2226 600 2273 iutre
609 2225 652 2271 hoe
669 2226 763 2281 luerint,
779 2241 794 2272 u
808 2233 873 2287 petre
883 2225 1006 2287 prouisuue
1015 2226 1127 2274 obtineto.
1161 2226 1246 2289 Spurio

153 2311 241 2359 eutero,
253 2292 294 2348 eut
307 2301 401 2362 spurio,
407 2303 448 2363 jue
462 2316 491 2348 ue
502 2308 551 2348 estu
562 2300 748 2363 propinquitatis,
758 2315 832 2362 neque
846 2301 901 2349 itero
912 2316 1038 2357 seororuru,
1050 2317 1125 2364 neque
1139 2304 1245 2365 publioo-

152 2396 215 2437 rum,
226 2381 255 2426 eli
267 2378 366 2426 Euulide
376 2384 484 2443 pretore.

153 2497 267 2575 Aperte
288 2493 360 2554 dioit
377 2494 437 2568 lex,
450 2491 582 2566 ludices,
596 2491 700 2572 quibus
714 2492 852 2553 adeunda
870 2494 907 2552 sit
929 2490 1101 2552 haereditas:
1122 2487 1182 2552 noir
1204 2492 1247 2552 ite

153 2607 204 2648 me
226 2587 311 2646 Deus
333 2594 412 2646 umet
432 2585 631 2666 Theopompo,
645 2595 698 2646 out
717 2585 886 2646 Macartuto
905 2583 1086 2664 Theopompi
1109 2585 1179 2660 filio,
1196 2586 1246 2665 qui

151 2697 277 2760 prorsus
289 2677 319 2736 in
332 2677 460 2756 Heguiee
473 2676 583 2736 familia
596 2696 656 2736 nou
673 2686 751 2737 suut.
792 2674 853 2736 Sed
866 2674 937 2734 cuit
967 2674 1095 2735 Posteris
1109 2677 1246 2756 Heguioe,

151 2771 207 2851 qui
220 2780 291 2831 suut
303 2771 333 2829 iu
350 2769 459 2830 familia
469 2768 595 2850 Hoguise
608 2768 696 2830 illius:
738 2770 814 2830 Heeo
832 2777 863 2829 et
882 2769 930 2828 lex
942 2767 1077 2845 loquitur,
1089 2779 1120 2830 et
1133 2771 1184 2849 jus
1203 2771 1246 2830 its

152 2863 257 2924 hebet.
783 2910 787 2918 .
926 2911 931 2920 .

200 2958 248 3015 13.
269 2943 375 3034 Neque
387 2973 465 3026 vero,
480 2953 611 3028 Judioes,
634 2973 701 3014 cum
722 2954 788 3014 lraeo
810 2953 961 3034 legislator
976 2954 1108 3034 cognatis
1122 2953 1246 3027 dederit,

154 3047 218 3108 ulia
229 3047 320 3106 multe
332 3045 448 3106 omniuo
459 3066 518 3106 nou
530 3046 690 3120 mundavit,
703 3065 770 3125 quoe
783 3047 916 3126 ooguetis
929 3045 1095 3106 necessario
1108 3044 1245 3108 socienda

156 3146 250 3198 sunt:
272 3137 321 3197 sed
331 3137 456 3217 plurime
466 3147 544 3210 suut,
556 3157 622 3217 quun
631 3136 680 3197 lex
689 3138 787 3198 iecere
794 3137 878 3212 jubet
885 3146 1039 3216 cognatos,
1048 3155 1146 3216 neque
1154 3135 1246 3196 ulluru

150 3229 296 3309 ‚effugium
316 3230 451 3307 relinquit
466 3249 523 3310 quo¹
539 3230 636 3290 miuus
653 3249 689 3288 ee
709 3230 805 3292 seuere
824 3229 861 3290 eit
879 3247 1010 3289 necesse.
1051 3228 1131 3295 Quin
1151 3230 1247 3309 ipsum

152 3324 253 3403 legem
267 3322 390 3402 primurn
399 3320 496 3382 recita.

581 3535 590 3556 Ι
661 3482 749 3542 LEX.

185 3612 333 3675 Pupillsruuu
344 3612 454 3675 uliqusur,
465 3629 517 3676 ques
527 3613 551 3660 iu
566 3612 740 3674 proleterioruur
752 3611 832 3660 ordine
846 3619 909 3669 suut,
925 3610 1040 3659 siirebm
1049 3610 1151 3659 noluerit
1161 3625 1246 3673 gerere

152 3687 288 3750 proximus,
301 3689 355 3736 dote
365 3689 420 3737 dete
430 3689 529 3746 elooeto,
543 3687 662 3750 petricius,
673 3688 804 3752 quingentie
818 3688 946 3747 dreolrurie3
962 3703 1042 3750 eques,
1059 3686 1186 3748 trecentis5
1209 3703 1246 3734 ee·

151 3766 269 3829 ruiequee,
279 3773 372 3814 oeuturu
382 3765 546 3828 quinquegiute
557 3771 644 3827 preter
655 3780 683 3813 ee
693 3781 746 3827 quse
755 3765 809 3828 ipse
818 3765 896 3813 hebet.
928 3764 956 3811 Si
967 3779 1022 3811 sero
1032 3763 1111 3824 plures
1123 3763 1210 3810 tuerint
1219 3763 1245 3810 iu

153 3843 237 3890 erdere
248 3841 345 3898 smilis,
363 3857 407 3903 pro
423 3841 529 3904 portione
540 3842 645 3918 xquisque
662 3841 759 3904 pupille
777 3842 887 3889 eouieret.
920 3839 990 3898 Quod
1009 3839 1031 3886 si
1047 3839 1156 3888 mulieres
1166 3840 1246 3899 plures

152 3920 250 3977 luerint,
259 3935 288 3970 ue
298 3935 395 3967 neeesse
407 3920 438 3967 sit
447 3926 544 3982 eogusto
555 3919 609 3982 plus
621 3934 667 3966 uus
678 3919 785 3967 eluceret
802 3917 843 3966 red
852 3917 973 3979 proximus
983 3924 1023 3964 eut
1033 3917 1132 3972 eloeete,
1143 3922 1183 3964 eut
1193 3916 1246 3977 lpse

151 3996 243 4045 dueito.
276 3996 346 4054 Quod
357 3995 402 4044 ulei
413 4011 496 4059 genere
504 3996 626 4062 proximus
637 4011 687 4043 esur
697 3995 736 4044 vel
747 3995 852 4051 elooerit,
860 3994 898 4040 vel
907 3994 1010 4050 duxerit,
1019 4001 1106 4056 prester
1115 4009 1167 4043 euru
1175 3999 1245 4052 eoget

151 4080 194 4122 eut
204 4074 307 4128 eloesre,
316 4080 358 4122 eut
367 4073 443 4136 ipsum
453 4073 547 4122 duoere.
561 4111 563 4118 .
579 4072 650 4130 Quod
668 4073 692 4119 ui
708 4080 794 4136 prator
812 4070 923 4134 eoeperit,
934 4071 1018 4118 debeet
1034 4072 1100 4119 mille
1117 4070 1245 4124 dreelrnee,

151 4165 234 4200 neree
244 4149 342 4198 Juuoui.
375 4150 439 4198 Gitet
449 4159 525 4198 eutem
536 4166 588 4198 euur
598 4147 639 4212 qui
649 4149 785 4198 detreeturit
795 4148 912 4210 quivisse
923 4157 1053 4212 pretorem.

152 4262 237 4330 Quid
260 4262 309 4323 lex
329 4261 417 4336 diost,
437 4261 567 4334 ludices,
588 4257 703 4322 auditis.
745 4259 821 4321 Cum
846 4268 940 4320 autem
962 4259 999 4319 de
1020 4258 1132 4339 pupille
1151 4255 1246 4314 diece-

149 4354 300 4436 pteudum
327 4365 404 4416 esset
425 4347 623 4434 Phyloruuoh's
646 4353 731 4430 hujus
755 4352 836 4432 pueri
857 4361 960 4424 matre,
973 4360 1044 4409 uate
1065 4367 1101 4408 ex
1121 4346 1246 4427 patrueli

152 4447 295 4526 Huguioe,
309 4467 367 4526 ego
380 4446 553 4526 reni'legem
563 4458 706 4520 metuens,
718 4458 749 4505 et
758 4465 823 4504 eum
835 4443 905 4504 mihi
914 4439 1057 4504 vindicari
1072 4460 1139 4501 oum
1152 4459 1246 4502 essem

676 4543 730 4599 irs
758 4549 762 4556 “
