2967 4950
406 269 469 350 o‘n
485 288 1034 365 unnuoasrnueonrrour.
1219 299 1269 358 aa

159 441 297 518 rustam,
306 443 346 506 ια’
358 446 402 507 ex'
412 447 469 510 ido
478 446 583 508 natum
595 449 659 524 tibi
678 449 840 519 vindicare,
860 453 921 508 non'
936 453 986 508 e'at
1001 453 1131 526 aequuma
1154 445 1225 506 sto
1235 457 1271 510 ut

157 537 391 616 bello-captam,
400 537 477 616 jure·
487 548 517 598 te
536 539 644 602 habere
656 559 771 611 censes,
793 533 1034 622 siquidem'bello
1052 538 1194 602 adversus
1208 557 1268 598 nos

154 635 257 708 tgeato
269 629 440 708 vi-oepissea
450 633 562 702 urbem,
575 632 639 691 sine
652 631 852 692 controversia
864 643 980 692 teneres
993 626 1069 700 earn,
1083 629 1190 708 quippe
1200 628 1267 710 jure

156 721 239 780 :betti
258 732 393 800 partam:
414 723 469 781 aed
483 723 508 782 si
525 722 739 802 Amphipolitis
755 723 856 782 urbem
878 721 1099 782 Atheniensium
1118 720 1263 799 eripuist'a

157 829 230 874 mon
239 833 286 874 ‹ea
298 834 366 892 quae
379 814 495 874 illorum
509 812 637 886 fuerunt,
649 816 753 887 habes,
767 814 820 874 sed
832 813 979 893 regionem
994 814 1226 875 Atheniensium.
1246 843 1254 880 ι

212 908 261 964 15.
285 906 342 966 His
352 916 387 966 et
405 906 470 965 aliia
482 909 664 968 orationibus
677 907 795 976 habitis,
809 906 966 984 legationis
980 906 1056 966 vices
1072 895 1135 984 jara
1148 906 1267 968 Dem'u·

158 993 282 1064 'amenis
305 1007 410 1056 erant:
442 1008 531 1076 atque
555 1017 658 1058 omnes
678 997 784 1057 intenti
809 1017 862 1056 ora
886 998 1042 1068 tenebant,
1067 1007 1100 1055 ut
1126 996 1264 1058 inuictam
1333 1037 1334 1044 ι

157 1089 341 1152 emetientis
360 1089 541 1167 ‘eloquentiae
563 1091 624 1148 uim
646 1090 785 1150 audituri.
820 1088 896 1148 Nem
920 1087 1031 1166 etiipsi
1054 1087 1266 1167 Philippos-ut

156 1194 237 1260 'post
249 1179 353 1240 audire¹
364 1181 497 1252 licuit-,
510 1192 542 1240 et
552 1182 656 1242 amicis
668 1181 733 1260 ejus
746 1181 903 1242 enunciata
917 1180 1012 1240 iuerat
1022 1179 1264 1263 pollicitationum

155 1273 233 1351 ⁴²ejus
243 1272 430 1351 magnitudo.
464 1274 513 1332 Sic
532 1284 631 1333 autem
652 1272 768 1334 affectis
792 1273 925 1332 omnibus
949 1272 987 1331 ad
1010 1272 1265 1345 auscultationem,

155 1363 257 1427 -ιοιιιιῐ
269 1365 436 1424 belluaista
448 1366 601 1424 exordium
621 1367 847 1432 tenebricosum,
860 1375 890 1424 et
902 1383 962 1442 pree
983 1375 1062 1422 metu
1077 1365 1219 1434 exanime,
1231 1374 1265 1424 et

157 1477 234 1517 ¹cum
247 1457 277 1516 in
289 1477 387 1517 rernm
396 1458 669 1526 commemoratione
677 1458 798 1535 paulurn
809 1457 1011 1535 processisset,
1021 1455 1117 1515 subito
1131 1456 1264 1539 obticuit,

156 1550 255 1629 :inops
264 1550 402 1609 consilii:
423 1549 543 1612 tandem
555 1550 666 1611 excidit
679 1549 819 1608 oratione.
847 1547 1002 1627 Philippus
1018 1557 1116 1608 autem
1129 1567 1198 1609 cum
1209 1548 1263 1608 -vi-

152 1643 273 1712 »disset
288 1652 323 1701 ut
335 1642 460 1701 affectus
469 1653 561 1712 esset,
575 1661 641 1700 eum
651 1652 683 1700 et
695 1643 773 1700 bono
788 1639 886 1699 animo
902 1660 967 1700 esse
985 1639 1084 1718 jussit,
1097 1649 1263 1703 ethones-

155 1733 306 1806 terimam,
325 1733 411 1792 utin
425 1735 557 1804 theatris,
570 1734 615 1792 sie
633 1733 687 1794 sibi
701 1742 854 1812 propterea
875 1733 944 1791 mali
967 1731 1077 1810 aliquid
1097 1733 1263 1801 accidisset}

166 1827 223 1885 sed
230 1843 285 1904 per
297 1827 389 1886 onum
400 1845 436 1886 ac
448 1826 590 1904 paulatim
603 1824 738 1885 redirein
759 1816 937 1894 memoriam,
950 1835 982 1882 et
992 1843 1046 1900 pro
1059 1843 1115 1882 suo
1128 1825 1263 1896 instituto

152 1919 257 1978 :verba
268 1918 377 1977 lacere.
403 1919 445 1976 At
457 1919 514 1976 iste
527 1928 562 1976 ut
573 1917 664 1976 semel
677 1917 775 1976 iuerat
788 1916 991 1984 conturbatus,
1007 1926 1037 1974 et
1052 1933 1070 1974 a
1083 1917 1197 1994 scriptis
1210 1917 1263 1976 ab·

150 2019 288 2081 -terrarat,
310 2009 349 2070 ad
364 2029 429 2070 sese
447 2010 542 2069 redire
556 2027 617 2068 non
629 2008 735 2089 potuit,
748 2007 800 2068 sed
818 2015 851 2067 et
873 2006 1088 2086 rursusldicere
1108 2026 1263 2087 aggresso,

152 2103 246 2162 o’dem
258 2101 378 2162 accidit
457 2147 459 2153 .
515 2125 543 2153 ·.
953 2119 957 2126 ’
1023 2151 1025 2156 ,
1156 2173 1158 2178 ,

150 2223 160 2232 ·
210 2195 258 2252 16.
280 2193 322 2252 Ut
334 2203 430 2253 autern
445 2195 593 2255 mlentim
606 2193 680 2269 erat,
694 2196 832 2256 secedere
845 2214 900 2255 nos
913 2215 1012 2275 preco
1021 2195 1118 2270 jussit.
1142 2195 1262 2257 Deinde

149 2295 234 2346 lcum
251 2303 307 2344 nos
328 2286 420 2361 legati
441 2283 502 2346 soli
516 2289 770 2358 essemua,·bonus
790 2287 848 2346 iste
867 2287 1085 2346 Demosthenes
1104 2287 1188 2358 uultu
1205 2287 1262 2346 ad·-

150 2375 287 2437 -mudum
304 2377 420 2447 tetrico,
438 2377 603 2456 perdidisse
618 2392 667 2437 me
686 2378 788 2438 urbem
808 2389 842 2437 et
858 2379 954 2438 socios
973 2379 1081 2438 aiebat.
1114 2377 1263 2440 'Perculso

150 2481 266 2533 *autem
278 2489 344 2535 -non
352 2489 402 2529 me
415 2480 541 2543 tantum,
559 2469 615 2530 sed
632 2480 666 2530 et
677 2471 783 2531 ceteris
801 2470 908 2549 legatis
927 2471 1123 2541 omnibusne
1139 2490 1261 2533 causam

165 2552 407 2633 sciscitantibus,
422 2582 474 2620 cur
504 2562 535 2619 id
560 2562 693 2635 dixisset,
722 2582 770 2621 me
798 2565 940 2641 rogabat,¹
956 2581 995 2621 an
1016 2562 1127 2621 oblitus
1155 2562 1262 2631 essem,

150 2665 203 2714 -ut
220 2672 256 2714 aa
267 2674 323 2714 'res
342 2653 468 2713 Athenis
487 2653 640 2726 habereut,
659 2664 695 2713 et
717 2667 752 2713 ut
772 2655 899 2734 populus
918 2664 997 2714 esset
1019 2654 1208 2733 defatigatus,
1231 2666 1263 2735 et

150 2747 347 2825 iquantopere
359 2758 463 2823 pacem
480 2753 643 2823 expeteret,
654 2764 719 2805 non
734 2746 946 2806 meminissem
982 2747 1032 2805 An
1046 2766 1115 2805 vero
1138 2748 1261 2819 animoa,
1347 2775 1350 2781 ·
1368 2800 1371 2811 .

148 2839 270 2917 iuquit,
281 2838 336 2897 tibi
352 2837 465 2896 faciunt
478 2854 498 2895 ι,
519 2837 659 2908 triremes,
676 2838 805 2897 decreta
820 2838 877 2897 illoe
894 2838 1029 2916 quidem,
1043 2839 1096 2897 sed
1109 2860 1260 2917 nunquam

148 2928 372 3009 -eornplendael
389 2928 442 2986 'Sic
452 2928 531 2986 enim
544 2927 663 2987 irritasti
675 2929 854 3008 Philippum,
867 2940 898 2989 et
911 2950 947 2988 ea
959 2930 1054 2988 fecisti
1068 2931 1167 3001 verba,
1180 2933 1261 2993 unde
1299 2967 1304 2975 =

147 3044 224 3087 mon
234 3024 344 3085 bellum
353 3022 384 3081 in
392 3040 498 3101 pacem
508 3033 648 3094 mutetur,
660 3022 714 3081 sed
727 3042 787 3101 pax
796 3023 826 3081 in
836 3022 947 3081 bellum
960 3022 1189 3081 infestissimum.
1212 3024 1261 3081 ln-

149 3117 289 3197 cipieute
302 3124 401 3174 autem
414 3134 462 3173 me
475 3114 541 3173 haec
559 3112 697 3185 refutare,
711 3116 903 3173 accersebant
916 3133 970 3174 nos
984 3112 1107 3171 ministri
1121 3113 1260 3194 Philippi.

149 3212 208 3269 :Ut
223 3206 368 3278 venimus,
380 3215 412 3266 et
422 3204 522 3269 denuo
537 3206 735 3278 consedimus,
749 3206 903 3285 Philippus
915 3205 955 3265 ad
970 3206 1088 3286 singula
1100 3226 1167 3285 quae
1179 3208 1261 3269 dicta

147 3297 479 3377 ·fuerant,lres'poudere
493 3298 600 3376 aliquid
614 3301 748 3377 parabat,
760 3302 856 3377 neque
871 3318 940 3359 vero
952 3298 1057 3371 mirum
1067 3299 1134 3371 fuit,
1146 3318 1213 3359 eum
1226 3301 1260 3361 in

149 3412 232 3455 unua
255 3391 387 3451 oratioue
405 3389 680 3463 diutissime-fuisse
697 3388 1065 3460 immoraturu‚-sortassis
1088 3390 1165 3447 enim
1184 3392 1261 3453 nihil
1313 3414 1315 3431 ¹

148 3484 245 3567 {qued
254 3484 455 3562 dicipoterat,
465 3491 504 3542 ut
512 3483 644 3553 arbitror,
657 3482 951 3561 praetermiseram,
958 3492 991 3541 et
1001 3502 1079 3561 saepe
1086 3481 1259 3547 nominatim

146 3596 213 3641 me
224 3575 422 3655 compellarit,
436 3585 540 3635 contra
553 3574 784 3635 Demosthenem
796 3584 907 3647 autem,
919 3575 971 3652 qui
984 3584 1044 3633 torn
1062 3574 1183 3637 ridicule
1196 3577 1259 3637 dia·

144 3680 302 3740 ,cesserat
312 3687 355 3727 ne
368 3668 430 3727 ulla
443 3668 561 3745 quidem
581 3668 620 3727 de
633 3688 666 3728 re
681 3668 817 3728 disseruit
830 3668 950 3727 scilicet.
988 3669 1064 3732 Qum
1083 3684 1195 3728 summa
1208 3668 1260 3732 isli

144 3782 236 3829 ¹crure
248 3767 279 3821 et'
289 3760 428 3820 molestia
440 3759 506 3819 tuin
541 3758 584 3819 Ut
598 3769 696 3820 auum
708 3759 837 3839 Philippi
858 3757 950 3819 oratio
968 3758 1089 3819 tandem
1103 3760 1133 3817 in
1147 3762 1205 3820 fine
1216 3763 1258 3837 ad

108 3895 141 3916 .-
158 3852 374 3918 humanitatem
388 3869 531 3913 convena
548 3860 608 3919 eat,
619 3861 652 3910 et
669 3850 727 3909 iste
747 3848 933 3919 calumniam,
946 3868 1013 3927 ,qua
1022 3868 1070 3909 me
1084 3852 1163 3928 prius
1178 3854 1258 3931 apud

147 3941 292 4025 collegas
302 3944 450 4025 onerarat,
462 3942 548 4022 quasi
563 3942 633 4001 belli
652 3952 684 4001 et
690 3938 810 4001 dissidii
823 3946 925 4001 auctor
938 3940 1053 4001 iuturus
1065 3946 1172 4012 essem,
1184 3944 1257 4003 ami·

145 4035 250 4109 serat,
259 4037 303 4097 ibi
316 4034 469 4095 remeatis
482 4032 655 4113 apparebat,
667 4052 733 4093 aum
748 4052 803 4093 nec
817 4032 906 4092 animi
915 4033 980 4113 jam
992 4054 1059 4093 esse
1070 4044 1255 4112 compotemc

158 4132 285 4194 adeout
297 4128 338 4187 ad
345 4125 503 4205 hospitium
514 4126 599 4197 nobis
610 4125 748 4194 inritatis,
757 4125 987 4203 ineptissimese
998 4126 1127 4205 gereret.¹
1199 4188 1203 4197 .
1237 4156 1241 4197 f

206 4227 253 4282 17.
275 4222 352 4279 Cum
366 4229 463 4279 autem
478 4239 495 4278 a
508 4219 653 4296 legatione
662 4218 725 4297 jam
740 4238 796 4277 nos
811 4218 848 4277 ad
869 4218 992 4281 reditum
1006 4236 1183 4296 pararemus,
1205 4238 1255 4277 su·

159 4318 224 4378 bito
234 4315 267 4373 in
284 4313 396 4383 itinere,
410 4321 514 4390 praeter
531 4310 696 4388 opinionem
715 4320 856 4381 nostram,
873 4310 1038 4370 humaniter
1051 4327 1117 4367 cum
1132 4307 1255 4389 singulis

159 4406 393 4485 colloquebatur.
414 4402 494 4469 Quid
505 4402 591 4481 igitur
600 4413 682 4463 esset
691 4402 834 4481 Cercops,
846 4412 898 4463 aut
906 4402 1098 4471 Vertumnus,
1114 4412 1165 4463 aut
1176 4402 1272 4465 Cha-⁴
