2967 4950
220 270 279 329 522
465 362 468 367 ‚
516 270 736 333 ADVERSUS
767 224 1022 337 APATURIUM.
1105 330 1109 337 .

220 442 257 485 eo
270 424 476 485 commercium
490 412 654 488 intercedat
665 429 711 489 rel
727 431 885 492 nauticum.
893 431 940 493 rel
953 438 1100 502 terrestre,
1114 428 1318 509 exceptionem

222 512 346 597 opposui
360 535 419 579 non
433 516 520 578 licere
535 517 562 579 ei
576 538 664 601 agere
674 520 721 582 his
729 522 855 601 legibus.

701 750 841 811 LEGES.

240 890 244 895 ’
261 896 291 950 2.
306 893 354 952 Ac
364 894 537 973 Apaturinm
551 904 655 954 contra
667 892 721 952 has
733 894 817 971 leges
832 891 909 951 diem
931 891 1000 950 mihi
1019 891 1126 975 dixisse
1140 900 1170 948 et
1183 887 1258 975 falso
1272 907 1325 977 me

221 994 389 1057 accusasse,
410 985 441 1043 id
460 1004 517 1062 ego
531 984 612 1043 vobis
629 982 815 1042 multifariam
828 981 992 1041 ostendam.
1035 982 1110 1061 Ego,
1123 980 1256 1052 ludices,
1270 980 1321 1061 qui

222 1075 313 1155 longo
321 1076 384 1156 jam
394 1085 534 1161 'tempore
545 1095 590 1151 ex
612 1083 778 1151 mercatura
790 1083 935 1154 quaestum
949 1074 1035 1145 facio,
1050 1074 1243 1154 aliquonsque
1256 1074 1320 1153 ipse

222 1169 296 1237 mari
304 1187 356 1233 me
369 1166 602 1234 committebam:
623 1168 756 1228 noudum
771 1175 867 1228 autem
881 1166 1023 1247 septimus
1036 1186 1132 1227 annus
1152 1167 1223 1227 abiit
1242 1184 1323 1237 cum,-

222 1261 410 1339 narigatione
431 1260 551 1332 omissa,
571 1259 735 1320 mediocres
755 1277 827 1339 opes
847 1259 1036 1338 quashabeo
1048 1259 1153 1318 'nautis
1173 1256 1327 1318 credendo·

223 1352 397 1412 remsslacere
408 1364 513 1413 conor.
556 1352 646 1433 Quod
658 1370 728 1412 vero
748 1360 777 1411 et
791 1351 873 1413 varia
893 1351 1004 1411 accessi
1020 1351 1086 1435 loca
1100 1361 1130 1411 et
1143 1349 1278 1429 frequens
1291 1350 1325 1408 in‘

223 1455 353 1505 mercatu
367 1458 478 1517 versor,
492 1464 559 1506 cum
573 1444 704 1525 plurimis
718 1436 822 1504 eorum
833 1444 883 1523 qui
898 1443 1038 1523 navigant
1054 1450 1141 1503 notus
1156 1462 1234 1511 sum;
1258 1450 1322 1500 tum

222 1536 375 1616 Byzantiis
388 1534 475 1611 valde
487 1536 576 1615 etiam
589 1532 766 1598 familiariter
780 1546 857 1615 utor,
876 1545 908 1596 ut
925 1535 955 1594 in
973 1555 1009 1595 ea
1024 1534 1096 1595 urbe
1115 1532 1226 1595 diutius
1240 1524 1321 1594 com·

223 1640 366 1689 moratus.
407 1629 485 1689 Cum
498 1638 597 1693 autem
609 1631 653 1691 ita
665 1649 698 1689 se
711 1648 760 1689 res
772 1648 858 1699 mem,
873 1638 905 1687 ut
922 1628 1000 1700 dico,
1017 1628 1171 1701 baberent,
1183 1626 1243 1685 hnc
1255 1644 1324 1706 pro-

223 1721 321 1781 iectus
331 1731 382 1782 ost
389 1721 497 1782 abhinc
510 1721 668 1783 triennium
680 1723 736 1783 iste
746 1740 814 1782 cum
823 1720 887 1781 cire
899 1740 953 1781 suo
968 1721 1170 1791 Parmenonte,
1182 1718 1325 1799 Byzantio

225 1823 344 1890 genere,
363 1813 418 1875 sed
437 1814 555 1874 exsule:
577 1824 750 1895 mecumque
770 1813 801 1873 in
822 1820 952 1873 mercatu
972 1814 1123 1895 congressi
1144 1813 1326 1873 mentionem

221 1901 356 1983 pecuniae
376 1904 526 1967 fecerunt..
563 1906 706 1970 Debebat'
721 1906 799 1965 enim
814 1905 879 1989 ¹iste
903 1910 956 1986 p'ro
975 1926 1050 1966 nave
1063 1924 1118 1966 sua
1130 1905 1326 1985 qnadraginta

225 1998 332 2073 minas,
346 2008 376 2059 et
394 2019 412 2079 a
434 1997 628 2080 creditoribus
650 2020 702 2079 per
724 1999 859 2079 injuriam
882 1998 925 2059 ita
945 2000 1115 2078 urgebatur,
1131 2008 1164 2061 nt
1177 2009 1209 2059 et
1220 2016 1325 2059 navem

223 2088 289 2169 ejus
302 2090 535 2171 pignerarentur,
547 2093 628 2171 qued
644 2092 684 2153 ed
700 2092 780 2153 diem
800 2110 860 2153 non
878 2091 1023 2153 solvisset.
1066 2091 1215 2153 AEstuauti
1226 2100 1326 2151 autem

223 2184 252 2241 ei
270 2192 303 2242 et
320 2183 476 2261 pecnmm
495 2204 556 2245 non
577 2184 698 2244 habenti
720 2202 754 2243 se
774 2182 868 2243 minas
887 2183 989 2243 decem
1012 2183 1167 2262 pollicetur
1187 2183 1326 2242 daturum

225 2273 384 2355 Parmeno:
407 2275 462 2334 iste
476 2296 546 2337 vero
559 2295 607 2337 me
620 2285 731 2336 orat-ut
746 2275 800 2336 sibi
810 2274 930 2354 triginta
940 2274 1034 2335 minas
1046 2276 1240 2356 suppeditent,
1253 2294 1325 2337 con·

183 2376 186 2379 ’
224 2383 351 2442 querens
366 2386 400 2426 se
413 2386 431 2426 a
445 2366 636 2427 creditoribus
651 2370 700 2448 qni
714 2386 819 2428 narem
833 2376 1005 2447 appeterent
1024 2367 1054 2426 in
1078 2377 1209 2430 mercatu
1224 2368 1327 2429 tradu-

226 2468 318 2531 ctum,
332 2469 376 2531 ut,
390 2479 422 2521 se
436 2481 472 2521 eo
485 2460 542 2520 loci
557 2460 678 2522 redacto
693 2481 731 2522 ne
747 2461 901 2542 pecuniam
915 2459 1037 2521 reddere
1053 2471 1166 2541 posset,
1180 2460 1236 2540 ipsi
1249 2479 1325 2522 nave

224 2553 398 2630 potirentur.
441 2552 486 2611 Ac
498 2552 569 2611 mihi
587 2553 706 2632 quidem
728 2571 859 2632 praesens
879 2553 1003 2633 pecunia
1021 2572 1080 2611 non
1094 2563 1167 2624 erat,
1181 2552 1244 2623 sed,
1256 2571 1325 2613 cum

146 2711 152 2722 ,
226 2641 263 2700 ab
275 2642 433 2702 Heraclida
443 2644 591 2704 mensario
600 2663 660 2722 quo
675 2647 780 2704 utebar
792 2645 1039 2724 impetrassemut
1053 2644 1080 2703 ei
1095 2653 1252 2717 mutuaret,
1261 2643 1325 2726 ipse
1371 2689 1374 2696 .

226 2751 279 2810 pro
299 2753 335 2792 eo
353 2734 508 2814 spopondi.
548 2735 682 2816 Triginta
702 2755 789 2815 porro
807 2735 892 2796 minis
909 2736 972 2816 jam
993 2737 1162 2808 numeratis,
1182 2736 1324 2798 alienatus

227 2834 292 2882 erat
308 2824 346 2882 ab
365 2823 423 2884 isto
440 2824 596 2886 Parmeno.
638 2826 699 2890 Sed
718 2827 788 2907 quia
805 2827 900 2887 minas
917 2829 943 2887 ei
964 2828 1066 2892 decem
1078 2829 1261 2906 promiserat,
1273 2827 1327 2888 ha-

227 2934 348 2993 rumque
362 2925 421 2976 tres
436 2916 570 2986 dederat,
586 2918 624 2977 ob
637 2917 715 2976 hanc
728 2937 818 2997 quam
839 2919 926 2980 modo
940 2920 1000 2979 dixi
1015 2920 1168 2999 pecuniam
1181 2920 1327 2998 reliquum

227 3006 315 3065 etiam
327 3006 397 3066 dare
407 3008 578 3087 cogebatur.
612 3009 655 3069 Ac
667 3011 730 3087 ipse
745 3011 801 3075 hac
813 3009 850 3070 de
861 3012 1056 3072 cansafacere
1063 3013 1180 3073 tabulas
1190 3013 1325 3074 nolebat:

227 3116 275 3161 me
288 3116 358 3157 vero
371 3097 413 3158 ita
426 3117 477 3158 eas
489 3099 634 3159 conficere
652 3100 787 3179 jubebat,
804 3112 838 3159 nt
859 3101 914 3160 sibi
936 3105 1045 3181 optime
1058 3115 1219 3165 careretur.
1261 3101 1326 3186 Ego

213 3189 358 3268 acceptis
371 3200 485 3269 septem
499 3209 518 3250 a
530 3189 840 3269 Parmenonteminis,
854 3200 885 3251 et
904 3193 971 3266 isto,
980 3203 1040 3254 tres
1055 3194 1119 3255 illas
1133 3215 1206 3274 quas
1220 3198 1258 3257 ab
1272 3198 1323 3258 illo

227 3290 383 3360 acceperat
401 3290 501 3352 antea,
520 3299 621 3341 coram
641 3281 790 3354 confesso,
812 3303 878 3344 emo
901 3304 1004 3344 navem
1029 3286 1065 3344 ab
1079 3305 1115 3346 eo
1129 3298 1160 3348 et
1172 3289 1326 3374 mancipia,

228 3371 324 3435 donec
344 3371 447 3436 decem
467 3371 561 3432 minas
581 3372 717 3433 redderet
736 3393 886 3455 quasper
907 3396 954 3436 me
973 3388 1138 3457 acceperat,
1159 3380 1328 3462 ettriginta

222 3482 354 3541 querum
378 3482 425 3521 me
448 3480 620 3541 sponsorem
641 3467 788 3533 mensario
810 3468 1013 3534 consueuerat.
1061 3472 1104 3534 Ac
1128 3483 1162 3536 ιιι
1186 3492 1232 3536 me
1257 3495 1327 3538 vera

228 3553 326 3629 dicere
340 3563 469 3628 constet,
482 3554 580 3620 audite
594 3556 769 3622 testimonia.
803 3615 806 3622 ,
872 3550 876 3559 '
920 3599 923 3604 -
1282 3551 1285 3558 ’

522 3780 555 3800 ”
618 3777 914 3882 ‘unanimorum

269 3932 300 3992 3.
318 3927 365 3990 Ad
385 3927 465 3990 bunc
485 3931 789 3994 modum-creditores
809 3934 935 3994 absolvit
955 3933 1131 4014 Apaturius:
1156 3949 1215 3997 non
1235 3938 1327 4002 multo

228 4030 416 4102 postmcnsa
436 4041 549 4094 eversa,
567 4033 600 4083 et
621 4023 778 4096 Heraclide
800 4024 883 4086 initio
895 4026 1038 4109 latitante,
1053 4026 1110 4088 iste
1133 4048 1185 4108 per
1205 4029 1326 4092 insidias

227 4112 351 4182 Athenis
364 4113 500 4194 ablegare
515 4115 662 4195 mancipia
675 4126 705 4175 et
717 4126 804 4194 portu
815 4137 920 4179 narem
935 4119 1062 4182 educere
1073 4119 1207 4182 instituit.
1240 4123 1326 4186 Unde

228 4203 322 4284 prima
342 4225 409 4266 cum
432 4227 469 4268 eo
493 4207 562 4269 mibi
583 4209 784 4270 controversia
801 4210 920 4271 exstitit.
962 4211 1174 4274 Animadversa
1196 4214 1274 4275 enim
1296 4235 1327 4279 re

228 4294 373 4361 Parmeno
395 4300 594 4380 et-mancipia
613 4303 680 4380 qum
701 4301 924 4367 abducebantur
945 4303 1056 4384 arripit,
1079 4315 1109 4364 et
1131 4325 1235 4368 navem
1259 4328 1327 4370 eum

228 4407 411 4452 commorere
424 4403 511 4474 portu
525 4394 670 4474 probibet,
685 4404 718 4454 et·
728 4393 798 4455 mihi
812 4395 955 4456 accersito
969 4407 1148 4460 rem-narrat.
1190 4402 1325 4484 Quaego
