2967 4950
250 329 310 387 656
611 326 696 387 PRO
719 326 985 391 Pubumlorts.

265 457 267 460 ¹
292 471 339 527 17.
356 468 455 548 Atque
466 470 541 554 adeo
554 470 642 532 miror
654 470 708 550 qui
720 471 772 532 tot
784 480 819 531 ut
832 480 999 531 nontecum
1012 478 1141 551 reputes,
1154 481 1222 531 esse
1235 470 1349 535 Arche-

204 601 209 612 1
250 569 344 621 strato
357 560 408 640 qui
426 570 508 621 tuum
524 560 593 621 olim
611 573 724 642 patrem
737 562 870 641 possedit
885 562 977 621 filium
995 561 1045 622 bio
1058 563 1277 637 Antimachum,
1291 564 1351 625 alia

247 652 368 724 sonum
380 672 469 733 quam
482 655 546 740 ejus
556 643 688 734 “dignitas
702 655 880 735 postulabat,
893 657 945 734 qui
957 656 1010 717 tibi
1024 676 1084 717 non
1097 658 1175 717 diem
1191 656 1273 728 dicit,
1293 678 1349 718 ne-

251 765 308 824 que
326 746 480 825 indignum
493 766 561 807 csse
577 748 718 819 clamitat,
732 758 762 810 te
779 748 904 808 multitia
917 749 1004 821 ferre,
1019 758 1050 809 ct
1069 748 1157 808 aliam
1177 750 1349 821 redemisse,

249 837 337 900 aliam
351 838 470 898 dedisse
483 839 673 912 meretricem,
686 857 790 919 eaque·
800 850 829 898 te
852 840 948 901 facere
968 844 1036 907 cum
1048 860 1171 900 uxorem
1182 840 1303 913 babeas,
1317 852 1350 902 et

242 940 310 991 ¹tres
332 932 648 1012 puerospedissequos
662 932 890 1006 circumducere,
907 932 1005 1012 itaque
1025 932 1176 1011 luxuriose
1193 934 1299 1006 vivere,
1315 946 1351 995 ut

250 1021 339 1081 etiam
352 1023 430 1082 obvii
444 1024 552 1102 quique
568 1024 710 1084 sentiant:
720 1010 840 1084 'se‘vero
854 1024 951 1103 ipsum
965 1043 1075 1103 magna
1090 1034 1235 1104 egestate.
1245 1024 1349 1106 premi,

250 1131 311 1191 qua
323 1130 361 1173 ne
374 1113 585 1176 Phormionem
594 1116 715 1195 quidem
732 1116 827 1195 premi
849 1115 948 1176 ridet.¹
981 1116 1080 1189 Quod,
1098 1118 1130 1176 si·
1143 1136 1180 1175 ea
1199 1118 1238 1183 de
1257 1136 1349 1179 casua

250 1204 304 1265 tibi
316 1205 404 1286 hujus
416 1227 478 1267 rem
490 1193 664 1268 familiarem
678 1194 830 1281 vendicas,
845 1208 925 1286 quod
945 1228 981 1269 ea
1000 1209 1042 1268 tui
1062 1208 1152 1287 patris
1169 1209 1239 1269 olim
1251 1210 1349 1283 fuerit,

249 1296 332 1357 istud
354 1299 437 1361 illum
457 1302 553 1380 magis
575 1320 664 1379 quam
685 1310 715 1361 te
738 1298 882 1361 decuerit:
903 1320 973 1361 nam
992 1312 1058 1363 tuus
1082 1310 1166 1381 pater
1187 1300 1268 1362 illius
1284 1304 1351 1364 suit.

251 1391 380 1455 Proinde
393 1406 424 1455 et
438 1406 520 1455 tuat
538 1393 685 1476 breulius
705 1394 784 1455 eritis
803 1396 863 1455 ista
882 1394 1001 1477 quidem
1013 1395 1142 1455 ratione„
1178 1393 1305 1455 Tuvero
1319 1395 1350 1455 in
1471 1450 1472 1457 ,

231 1473 317 1546 'eam
329 1486 435 1548 incidis
454 1488 623 1560 amentiam,
643 1498 677 1548 ut
697 1508 733 1548 ea
754 1487 874 1549 dicendi
893 1490 1098 1549 necessitatem
1118 1489 1183 1567 ipse
1197 1488 1357 1548 nobisiru·⁴
1471 1478 1472 1485 '

250 1594 357 1657 ponas,
370 1598 438 1657 quae
449 1579 499 1658 qui
520 1579 651 1652 dicerent
670 1600 724 1659 pro
743 1580 878 1641 hostibus
896 1580 1024 1640 habendi
1040 1589 1139 1649 eraut3
1154 1598 1211 1639 neo
1223 1580 1350 1659 teipsum

247 1666 395 1730 duntaxat
412 1672 590 1731 contumelia
609 1671 701 1731 afficis
715 1671 768 1744 sed
792 1680 822 1731 et
841 1682 979 1752 parentes
1000 1671 1168 1745 defunctos,
1189 1680 1220 1731 ct
1239 1672 1349 1731 civitati

249 1759 394 1830 insultast
416 1772 456 1833 et,
470 1782 536 1844 quse
553 1763 658 1823 horum
683 1763 863 1823 humanitate
886 1763 1036 1843 patrituo
1060 1763 1218 1827 liberaliter
1241 1762 1351 1823 tributa
1471 1844 1472 1847 Ἴ

252 1859 324 1910 sunt
336 1849 488 1932 et“postea
501 1852 680 1928 Phormioni,
690 1874 735 1926 ea,
747 1873 815 1918 cum
834 1854 966 1915 ornanda
978 1867 1008 1914 et
1021 1852 1134 1915 solicite
1155 1854 1351 1915 custodienda
1471 1862 1472 1935 i

249 1955 363 2015 essent,
378 1956 412 2004 ut
432 1955 463 2005 et
485 1946 531 2017 bis
543 1947 595 2024 qui
608 1945 764 2006 dederunt¹
775 1956 807 2005 ct
827 1945 910 2007 vobis
924 1946 973 2025 qui
987 1946 1143 2024 accepistis
1156 1966 1245 2025 quam
1258 1947 1350 2007 bone·

252 2034 378 2098 shssima
388 2037 567 2110 viderentur,
576 2038 607 2097 in
620 2037 751 2097 medium
763 2037 886 2117 profers,
901 2037 1044 2115 exagitas,
1053 2045 1168 2096 tantum
1182 2057 1242 2107 non
1252 2049 1352 2099 osten·
1471 2030 1472 2091 l

252 2136 297 2189 tas
310 2138 341 2189 et
353 2131 526 2209 exprobras,
538 2127 657 2208 qualem
670 2137 700 2187 te
713 2126 862 2189 hominem
875 2128 998 2189 fecerint
1010 2126 1228 2189 Atheniensem.
1258 2130 1306 2189 lta
1319 2131 1349 2189 in
1471 2092 1472 2181 l

220 2213 222 2217 ’
250 2238 319 2281 eam
330 2221 475 2281 insaniam
488 2219 684 2299 renis-quid
698 2220 776 2282 enim
790 2220 884 2287 dicam
899 2219 1073 2281 abunt-ut
1085 2240 1145 2280 non
1159 2220 1282 2296 sentias,
1295 2242 1350 2285 uos

251 2333 343 2386 nunc,
354 2314 427 2373 dum
440 2314 720 2394 poenitentemne
731 2312 828 2373 fraudi
839 2312 1007 2373 Phormioni
1018 2313 1067 2385 sit,
1078 2324 1235 2393 postquam
1245 2336 1350 2378 manu·

252 2405 360 2466 missus
372 2418 429 2479 est,
443 2407 470 2466 si
487 2405 607 2486 quando
620 2406 709 2487 patris
723 2405 768 2466 tui
780 2404 846 2474 tuit,
858 2415 939 2465 tuam
959 2424 1079 2465 causam
1097 2424 1203 2486 agere:
1227 2418 1257 2467 te
1270 2429 1351 2483 vero,

253 2499 324 2558 dum
337 2518 406 2559 eum
418 2517 569 2579 nunquam
586 2500 697 2579 aequari
714 2510 811 2560 tecum
829 2499 949 2578 pateris,
962 2497 1148 2577 temetipsum
1162 2517 1333 2580 oppugnare
1342 2509 1364 2572 l,

254 2591 403 2670 Quicquid
415 2591 493 2651 enim
501 2591 577 2670 juris
597 2591 627 2650 in
645 2592 724 2652 bunc
742 2591 795 2651 tibi
816 2589 962 2662 statueris,
985 2589 1059 2649 illud
1083 2589 1179 2669 ipsum
1198 2603 1301 2672 contra
1320 2604 1349 2655 te

252 2693 361 2762 proesto
374 2683 409 2744 iis
421 2683 476 2746 erit
489 2685 540 2763 qui
560 2694 674 2765 patrem
691 2684 775 2744 tuum
788 2682 869 2742 initio
882 2680 1088 2762 possederunt.
1130 2683 1218 2751 Quod
1231 2694 1264 2744 ut
1277 2704 1349 2746 con·

253 2784 312 2835 stet
323 2774 408 2836 illum
424 2777 512 2837 etiam
533 2769 628 2837 fuisse
645 2775 839 2857 quorundam,
854 2793 890 2834 ac
904 2773 1011 2842 deinde
1025 2774 1233 2835 manumissum
1247 2777 1351 2838 eodem
1381 2808 1401 2824 -ι

253 2866 342 2934 modo
355 2885 415 2946 quo
427 2866 476 2927 bic
489 2868 614 2942 euobis,
627 2887 702 2948 cape
713 2866 780 2930 boec
797 2866 976 2941 testimonia,
991 2875 1026 2926 ut
1042 2878 1181 2945 appareat
1192 2866 1349 2930 Passionem

45 3011 52 3019 .
149 2958 151 2961 ’
252 2959 343 3020 fuisse
356 2959 543 3021 Archestrati.
673 2970 676 2973 ’

1471 4099 1472 4134 l

1471 4137 1472 4166 l

668 3131 935 3193 TESTIMONIA.

296 3262 343 3320 18.
358 3261 443 3326 Itane
456 3281 523 3322 eum
535 3261 586 3340 qui
597 3263 635 3320 ab
646 3262 731 3328 initio
744 3275 873 3322 vestram
887 3259 1116 3344 negotiationem
1124 3259 1310 3319 conservavit
1321 3269 1351 3319 et

251 3351 351 3411 multis
364 3353 394 3410 in
408 3355 496 3412 rebus
507 3353 593 3412 istius
605 3353 682 3432 putri
696 3358 731 3412 'sc
747 3354 848 3412 utilem
861 3353 996 3434 praebuit,
1009 3363 1040 3412 et
1052 3361 1098 3411 tot
1109 3352 1140 3410 in
1152 3351 1240 3410 istum
1252 3350 1350 3430 ipsum

251 3445 396 3505 beneficia
410 3446 533 3506 contulit
553 3455 628 3524 quot
646 3464 699 3505 vos
722 3445 884 3520 audivistis,
908 3467 975 3506 eum
997 3447 1126 3524 inquam,
1139 3453 1224 3504 tanta
1240 3444 1351 3504 mulcta

251 3537 434 3606 damnatum,
448 3557 501 3616 per
513 3539 649 3617 injuriam
664 3555 730 3597 esse
750 3546 836 3617 putat
855 3537 1128 3598 exterminandum!
1151 3537 1256 3614 Neque
1271 3536 1350 3598 enim

251 3629 407 3708 quiequam
419 3630 501 3688 aliud
514 3629 611 3690 faeere
622 3629 729 3708 possis.
772 3629 850 3688 Nam
870 3630 894 3689 si
913 3631 991 3689 bona
1003 3629 1068 3688 haec
1081 3637 1168 3695 scuta
1181 3627 1350 3699 intueberis,

250 3719 381 3780 invenies
394 3738 518 3798 quorum
538 3722 607 3793 sint,
629 3719 686 3780 nisi
706 3720 748 3793 hi,
770 3721 856 3798 quod.
872 3722 957 3793 absit,
971 3721 1087 3799 decepti
1102 3718 1216 3779 fuerint.
1258 3715 1350 3802 Vides

249 3801 462 3872 Archilochum
475 3811 642 3873 Charidemi
662 3811 716 3872 Ἑλ
746 3812 825 3872 Olim
845 3813 950 3872 ‘habuit
975 3831 1098 3891 agrum:
1121 3809 1248 3871 eundem
1269 3829 1348 3870 nune

249 3902 336 3962 multi
348 3903 466 3978 babent,
476 3905 649 3984 possederat
656 3905 734 3965 enim
744 3923 811 3974 eum
822 3904 917 3964 multo
927 3905 1087 3965 obstrictus
1098 3922 1157 3962 aere
1167 3902 1272 3962 alieno.
1293 3904 1347 3964 So·

169 4063 172 4069 q
248 3997 396 4056 sinomum
409 3998 490 4068 item,
499 3997 712 4073 limodemum,
726 4006 758 4056 et
771 4007 898 4066 caeteros
909 3993 1093 4056 mensarios?
1114 3992 1184 4066 Qui,
1196 4011 1264 4052 cura
1275 3993 1348 4054 satis

250 4087 418 4149 faciendum
431 4099 512 4149 esset
524 4089 728 4161 creditoribus,
747 4089 834 4148 bonis
855 4088 992 4148 omnibus
1013 4094 1175 4148 cesserunt.
1208 4085 1264 4156 ,Tu
1280 4105 1348 4148 vero

248 4181 322 4241 nibil
335 4181 456 4242 omuino
464 4177 714 4242 considerandum
727 4189 826 4260 putas,
846 4189 881 4240 ut
902 4190 985 4260 pater
1005 4178 1141 4253 tuur,‘vir
1161 4188 1190 4238 te
1211 4177 1305 4238 multo
1317 4187 1348 4240 ct

247 4273 353 4335 melior
374 4284 406 4334 et
426 4274 609 4354 prudentior,
623 4273 717 4334 rebus.
729 4273 864 4332 omnibus
878 4269 1194 4354 'consultumtputaritt
1215 4270 1276 4348 qui,
1295 4289 1347 4348 pro

248 4365 339 4426 deum
360 4376 451 4447 atque
473 4366 623 4427 hominum
646 4365 747 4438 fidem,
769 4375 853 4426 tanto
875 4374 906 4424 te
929 4362 1160 4444 praestantiorem
1181 4360 1260 4421 hunc
1281 4379 1347 4420 esse
1372 4376 1375 4382 ’
1471 4373 1472 4428 ζ

246 4457 440 4538 judicavitret
460 4459 605 4521 utiliorem
626 4469 689 4518 tum
711 4457 764 4518 tibi
786 4465 848 4517 tum
870 4455 926 4520 sibi
944 4459 1007 4517 t'um
1026 4452 1345 4536 negotiorumque,
