2967 4950
451 234 957 337 rnvnnsnsnrsrnnrnu.
1190 274 1247 335 ser

197 415 343 491 rutilus
365 427 655 501 enim-considerate,
669 430 875 501 Athenienses,
899 430 1001 489 sinon
1024 445 1074 487 me
1090 446 1179 499 nunc,
1199 424 1271 487 red.

157 517 383 581 Parmenontem
395 531 550 581 accusaret
561 521 735 601 Apaturius,
747 520 839 581 minas
853 514 1130 599 viginti'postularrs,
1142 516 1254 578 Aristo2

156 614 208 673 clis
226 613 396 693 cognitione
420 613 528 674 fretus:
550 612 697 674 Parmeno
719 622 818 675 nutem
842 632 908 691 sese
932 632 1062 692 praesens
1080 611 1252 672 defenderet

157 705 235 783 apud
247 726 302 765 vos
316 716 467 784 testesque
483 706 652 777 adduceret,
663 707 745 776 tum,
767 724 826 780 non
840 706 895 766 soli
911 724 943 764 se
962 703 1101 764 Aristocli
1113 704 1165 763 sed
1185 724 1253 765 curn

157 798 272 857 duobus
296 796 361 858 aliis
386 816 446 856 rem
465 797 655 871 commisisse,
669 807 742 867 turn,
758 796 941 857 interdixisse
950 814 991 855 ,ne
1007 813 1038 856 se
1052 788 1258 881 absentepro·¹

157 890 322 960 nunciaret,
337 899 411 961 tum,
430 908 519 949 uxore
534 888 589 949 sibi
602 899 633 949 et
645 888 744 949 liberis
759 898 926 951 terremotu
935 884 1097 968 oppressis,
1111 906 1201 967 seque
1214 888 1255 961 ad

157 989 269 1039 tantam
283 979 480 1041 calamitatem
495 980 615 1039 domum
631 979 776 1060 profecte,
791 1000 858 1039 eum
867 979 916 1057 qui
930 978 1095 1059 pactionem
1109 980 1258 1043 abolesset
1358 1058 1360 1069 ,

156 1070 257 1131 contra
269 1073 422 1131 absentem
435 1080 575 1149 tanquam
589 1069 891 1147 deserto'radimqnio
909 1073 1085 1132 sententiam
1111 1071 1255 1143 tulisse-—

156 1172 238 1223 estne
251 1173 380 1224 restrum
404 1163 568 1243 quisquam,
590 1164 641 1244 qni
663 1164 860 1226 Parmenonte
881 1165 911 1223 in
931 1163 1010 1224 hanc
1033 1166 1207 1227 sententiam
1222 1186 1255 1227 se

157 1255 346 1327 defendente,
360 1267 444 1315 tanta
461 1255 615 1337 iniquitate
628 1257 739 1318 tactum
760 1256 922 1317 arbitrium
927 1260 1023 1317 ratuni
1039 1276 1103 1318 esse
1123 1269 1254 1337 oportere

131 1348 349 1410 decerneret?
380 1349 450 1409 Non
469 1351 559 1411 modo
579 1360 658 1411 certe
681 1350 873 1411 controversis
896 1348 1041 1423 omnibns,
1063 1348 1116 1411 sed
1139 1352 1256 1435 tametsi
1319 1412 1322 1419 ,

159 1451 285 1503 mamret
308 1442 419 1521 pactio,
442 1443 467 1501 si
497 1451 647 1504 constaret
666 1443 797 1503 delatum
819 1460 886 1503 esse
909 1442 955 1505 ad
969 1462 1061 1513 unum
1081 1426 1257 1505 Aristonicus

158 1522 319 1605 arbitrium,
334 1533 432 1594 sinon
445 1535 584 1596 vetuisset
597 1535 742 1597 Parmeno
756 1546 857 1595 contra
871 1554 901 1595 se
914 1535 1117 1614 pronunciare,
1139 1538 1256 1598 tametsi

158 1626 315 1699 evenisset,
335 1635 369 1686 ut
388 1635 458 1687 ante
476 1627 575 1687 arbitri
596 1628 771 1687 sententiam
791 1626 867 1687 talis·
875 1626 987 1687 homini
1005 1628 1156 1687 calamitas
1183 1630 1258 1709 obji·'

157 1727 282 1791 caretur,
297 1716 363 1797 quis
385 1718 427 1779 ita
448 1720 692 1781 inhumanusest
714 1719 897 1780 adversarius
917 1729 970 1799 aut
989 1719 1107 1792 arbiter,
1127 1721 1177 1801 qui
1197 1725 1258 1782 non'

158 1810 305 1893 usquead
319 1814 381 1885 ejus
396 1811 521 1872 reditum
535 1810 716 1872 distulisset?
750 1812 839 1881 Quod
858 1813 883 1871 si
896 1810 1052 1885 Parmeno,
1064 1812 1178 1875 ratione
1190 1808 1257 1875 redss

159 1902 229 1976 dita,
252 1902 290 1962 ab
304 1902 383 1962 omui
403 1913 487 1982 parte
506 1904 634 1983 aequiora
651 1905 751 1979 dicere
768 1902 912 1963 videretur
926 1914 1022 1981 quam
1034 1904 1102 1977 iste,
1121 1924 1181 1982 quo
1190 1904 1258 1984 jure

159 2011 204 2053 me
217 1992 408 2067 damnabitis,
421 1994 470 2054 cni
479 1996 616 2060 cumistn
627 1995 744 2055 bomine
758 1994 801 2055 rei
813 2014 933 2083 prorsus
948 1995 1018 2055 nihil
1030 1996 1097 2057 est?
1162 2030 1167 2043 ι

200 2087 248 2145 ll.
270 2084 325 2143 Me
346 2084 436 2164 igitur
456 2086 658 2164 exceptionem
675 2095 754 2146 recte
768 2086 951 2164 opposuisse,
966 2086 1138 2165 Apaturium
1159 2097 1257 2151 auteur

158 2177 233 2238 ialso
246 2195 294 2237 me
305 2193 462 2237 accusasse
475 2186 636 2255 contraque
645 2177 728 2257 leges
737 2176 880 2252 Judrcrum
889 2196 955 2236 esse
958 2176 1115 2267 adeptum,
1125 2178 1155 2238 rd
1164 2180 1258 2255 vobrs
1337 2248 1339 2252 ,

160 2269 292 2341 ludices,
307 2268 406 2346 multis
421 2266 600 2348 argumentis
614 2271 769 2348 probatum
788 2289 855 2331 esse
868 2262 995 2331 confido.
1038 2270 1078 2331 Et
1089 2271 1170 2350 quod
1182 2292 1258 2353 pres-

160 2363 278 2444 cipunm
290 2371 347 2435 est,
359 2362 517 2442 quicquam
539 2363 595 2423 sibi
615 2382 730 2424 mecum
750 2382 817 2424 esse
835 2364 1011 2435 commercii,
1028 2364 1187 2447 Apaturius
1201 2388 1258 2431 nee
1365 2396 1372 2403 ·

161 2456 258 2516 dicere
273 2454 417 2543 instituet.
460 2454 524 2516 Sin
535 2475 589 2536 per
611 2455 797 2517 mendacium
814 2455 902 2529 dicet,
915 2475 962 2518 me
985 2456 1015 2516 iu
1035 2456 1171 2536 pactione
1184 2460 1258 2521 Par·

160 2550 309 2611 menontia
323 2538 495 2642 sponsorem
506 2569 570 2611 esse
583 2549 764 2630 inscriptum,
783 2550 950 2630 pactionem
965 2551 1002 2609 ab
1015 2567 1051 2610 eo
1064 2552 1211 2630 requirite,
1228 2565 1258 2615 et

160 2642 221 2702 hic
230 2642 258 2702 ei
279 2643 421 2715 occurite,
439 2662 543 2703 omnes
561 2643 704 2713 homines,
719 2662 787 2702 curn
802 2641 915 2702 tabulas
935 2641 1010 2702 inter
1032 2662 1065 2702 se
1088 2644 1257 2722 conficiunt,

160 2741 316 2814 propterea
328 2733 499 2814 obsignatas
513 2735 592 2814 apud
606 2751 658 2795 eos
672 2730 820 2815 deponere
834 2735 941 2812 quibus
956 2733 1044 2794 fidem
1062 2735 1201 2810 habeant,
1215 2748 1259 2812 ut,
1277 2771 1280 2776 ·

161 2827 187 2886 si
208 2846 270 2906 qua
282 2822 428 2889 dissensio
448 2825 590 2889 exstiterit
603 2827 678 2887 inter
691 2827 783 2906 ipsos,
804 2827 844 2887 ad
865 2825 1120 2903 tabulasreversi,
1140 2840 1258 2912 contro-
1302 2885 1304 2890 ,

99 2947 102 2954 -
160 2919 323 2990 versiarum
341 2918 565 2998 explicationem
583 2919 653 2978 inde
670 2927 783 2997 petant.
825 2918 857 2976 Si
876 2918 941 2996 quis
955 2928 1054 2978 autern
1067 2919 1174 2981 tabulis
1187 2922 1258 2981 abo·

160 3008 216 3071 litis
231 3011 351 3072 eludere
364 3012 516 3072 veritatem
527 3011 625 3071 verbis
640 3009 795 3082 studuerit,
806 3009 876 3089 quid
886 3009 929 3072 illi
942 3009 1011 3070 fidei
1019 3010 1260 3080 esthabendumi

202 3106 251 3172 12.
259 3105 302 3180 At
313 3103 439 3165 fortasse
452 3104 603 3183 id-quod
617 3113 663 3164 est
676 3104 796 3164 omniuo
810 3102 890 3162 factu
905 3102 1075 3162 facillimum
1089 3104 1258 3184 injuriarum
1304 3121 1309 3130 ·

162 3206 193 3257 et
214 3196 427 3258 calumniarum
446 3192 834 3278 studiosis÷testimonium
848 3193 959 3272 ,aliquis
983 3193 1010 3253 ei
1034 3196 1065 3252 in
1088 3215 1135 3264 me
1158 3196 1259 3257 dicetl

164 3289 238 3348 Eum
253 3299 352 3350 autem
373 3308 430 3368 ego
444 3298 551 3350 testem
565 3290 590 3348 si
604 3289 641 3352 de
654 3288 730 3349 falso
743 3285 911 3348 testimonio
924 3286 1084 3367 postulare,
1097 3287 1177 3349 unde
1190 3287 1259 3368 prd-

161 3382 242 3442 babit
255 3400 287 3441 se
299 3381 401 3441 testari
412 3379 532 3441 rerum?
566 3381 592 3439 E
605 3379 765 3460 pactione?
786 3379 821 3438 Id
834 3379 973 3458 igiturne
987 3375 1111 3454 differat,
1125 3379 1178 3442 sed
1188 3400 1259 3444 mox

162 3472 290 3552 proterat
303 3473 354 3552 qui
365 3472 463 3533 habet.
506 3471 558 3531 Sin
572 3492 638 3533 eam
650 3466 714 3532 tum
724 3473 836 3551 perisse.
846 3470 934 3542 dicet,
945 3471 1024 3530 unde
1038 3489 1094 3550 ego
1106 3472 1259 3536 mendacio

162 3565 376 3627 circumventus
392 3564 692 3646 argumentapetaml
720 3563 800 3625 Nam
813 3563 837 3624 si
852 3560 930 3643 apud
943 3582 990 3622 me
1001 3562 1143 3642 depositae
1158 3576 1260 3627 essent

163 3657 281 3730 tabulae,
296 3656 442 3737 Apaturio
462 3654 607 3717 criminari
629 3655 771 3726 licuisset,
785 3675 832 3716 me
856 3663 975 3736 propter
995 3659 1183 3734 sponsionem
1204 3680 1258 3739 pa·

162 3750 288 3810 odonem
312 3747 490 3808 abolevisse:
512 3749 559 3807 sin
582 3747 663 3828 apud
684 3749 871 3820 Aristoclem,
886 3745 1086 3825 quamobrem,
1100 3749 1125 3807 si
1146 3752 1258 3830 absque

163 3860 217 3904 suo
227 3859 376 3901 consensu
387 3841 486 3920 pactio
499 3839 594 3919 periit,
614 3859 662 3900 me
675 3849 806 3910 accusat,
818 3858 885 3900 curn
900 3837 926 3898 ei
941 3838 992 3917 qni
1006 3839 1120 3921 accepit
1133 3840 1212 3902 illam
1227 3854 1259 3904 et

163 3953 222 3993 non
235 3932 353 3992 exhibet
366 3932 444 4011 diem
457 3952 517 3993 non
529 3932 632 3992 dicati
653 3933 713 3994 Cur
726 3951 794 3992 eum
816 3941 918 3992 contra
936 3949 984 3991 me
1003 3941 1109 3993 testem
1122 3933 1259 4012 producit

163 4025 213 4104 qui
233 4024 352 4085 tabulas
374 4025 513 4098 abolevit,
539 4025 588 4086 cui
605 4034 673 4084 eum
696 4024 784 4085 irasci
807 4023 1008 4096 conveniebat,
1023 4025 1077 4086 nisi
1097 4030 1259 4108 communi·
1280 4071 1301 4082 ..

163 4117 235 4176 ontis
256 4114 363 4195 operis
375 4114 543 4176 fallaciam'
534 4124 622 4184 istam
644 4115 802 4180 commenti
820 4114 942 4177 essenti
977 4114 1045 4194 Ego
1064 4117 1162 4178 causas
1182 4119 1268 4182 mem<

163 4207 331 4286 equitatem
343 4198 475 4296 delendi,
489 4218 524 4270 ut
535 4209 637 4289 potui:
659 4226 711 4270 ros
724 4207 988 4305 igiturseerrndnm
998 4207 1083 4340 leges
1097 4229 1257 4342 quaeque

163 4289 409 4386 suntdeceruite.
881 4336 896 4347 ..
1302 4321 1304 4326 ·
