2967 4950
479 295 649 370 eourar
677 297 954 373 rrumouuru..
1209 299 1246 369 ιε,

141 447 316 522 maus,
329 449 418 510 mmm
436 467 502 522 ase
514 447 635 534 dimisit,
649 449 783 512 Anticles
795 449 948 529 Callicli.
969 447 1186 530 Euonymenais
1200 468 1248 512 ret

109 589 113 593 .
141 541 228 620 cipit.
251 542 300 602 Ac
314 539 341 602 is
352 540 470 618 quidem
485 539 663 602 Sami'abest
676 561 744 602 cum
754 541 894 626 colonis..
908 540 955 600 Ea
964 539 1053 619 igitur
1066 560 1132 620 quse
1145 551 1249 604 secuta
1352 565 1354 567 ’

144 645 228 702 sunt,
241 633 378 694 referam.
414 634 585 696 Timarchus
597 643 631 694 ut
643 636 682 694 ab
696 635 818 696 Ar‘rticle
837 643 869 694 et
886 633 1020 712 Misgola
1035 625 1166 708 recessit,
1187 653 1248 711 nou

141 726 212 804 ipse
226 725 257 784 in
270 743 336 788 sese
347 727 513 799 descendit,
534 747 591 790 nec
604 725 754 786 meliorem
767 727 836 797 uitae
850 726 992 786 rabonem
1012 736 1059 786 est
1078 719 1248 804 amplexus:

144 817 203 884 sed
217 817 248 878 iu
262 819 425 880 aleatorum
439 819 555 884 circulis
568 828 646 880 totos
660 819 724 880 dies
738 829 882 890 versatus,
897 818 946 878 ubi
961 818 1065 879 tabula
1075 819 1203 898 ponitur,
1217 828 1249 897 et

144 911 360 974 coturnicesac
371 911 442 990 galli
452 911 605 990 gallinacei
615 911 848 982 committuntur,
857 921 888 970 et
896 911 1088 972 nlealuditur.
1109 911 1249 975 Vestrum

146 1003 227 1064 enim
241 1003 357 1082 sliquos
367 993 404 1063 ea
411 1004 523 1066 vidisse
532 1005 740 1082 arbitror„quae
752 1003 831 1073 dico,
842 1013 894 1064 aut
903 1004 1009 1064 saltem
1019 1004 1175 1064 audivisse.
1196 1005 1252 1065 Est

147 1107 250 1159 autem
264 1115 301 1156 ex
315 1097 380 1176 ejus
399 1096 459 1158 loci
471 1099 550 1158 c'oetu
563 1097 652 1157 bomo
672 1096 792 1175 quidam
807 1095 982 1168 Pittelacus,
1000 1103 1102 1156 servus
1115 1097 1250 1176 publicus

58 1231 62 1236 -
147 1197 261 1248 nasum
281 1188 380 1248 urbis:
402 1189 539 1266 quicum
560 1199 683 1268 argento
704 1188 877 1260 abundaret,
898 1188 988 1247 istum
1006 1188 1039 1246 in
1059 1209 1095 1248 ea
1112 1189 1252 1268 palaestro

126 1283 128 1290 '
147 1277 257 1350 uisum,
271 1279 310 1338 ad
322 1299 354 1338 sa
368 1281 488 1358 recept,
502 1289 534 1340 et
546 1280 625 1340 domi
637 1281 750 1352 habuit.
772 1279 876 1356 Neque
887 1298 958 1340 rere
970 1280 1102 1358 impurus
1115 1281 1169 1360 iste
1177 1301 1250 1342 cone

38 1421 41 1428 ,
147 1370 292 1441 ditionem
305 1371 383 1432 illam
398 1371 571 1451 repudiavit,
587 1392 654 1436 cnm
670 1393 702 1432 se
716 1373 824 1450 probro
838 1370 995 1432 effecturus
1009 1382 1090 1433 esset
1102 1375 1183 1452 apud
1196 1375 1250 1434 bo·

147 1463 259 1524 minem
270 1483 387 1524 serrum
400 1464 569 1542 publicum:
591 1465 644 1525 sed
658 1464 731 1524 illud
746 1465 841 1524 seium
855 1464 1011 1543 spectavit,
1022 1484 1060 1524 nn
1070 1465 1251 1543 praeuirorem

147 1553 322 1634 petulantiae
336 1575 399 1616 sum
411 1555 583 1619 inventurus
597 1564 686 1628 esset,
705 1555 787 1614 nulla
800 1547 931 1634 unquam
950 1556 1114 1628 honestatis
1127 1565 1178 1615 aut
1191 1567 1254 1616 tur-

149 1645 295 1726 pitudinis
311 1646 413 1707 habita
432 1647 555 1708 ratione.
585 1648 670 1718 Talia
681 1666 769 1726 porro
789 1646 898 1707 delicta
917 1657 948 1706 et
963 1648 1040 1708 tales
1059 1648 1252 1709 contumelias
1302 1670 1304 1676 ·

152 1739 253 1802 audivi
265 1759 322 1818 ego
335 1742 372 1800 ab
386 1740 437 1800 illo
448 1740 566 1800 homine
580 1741 610 1802 in
623 1740 714 1802 istius·
723 1759 910 1819 onrpnsesse
924 1740 1034 1800 factas:
1056 1761 1129 1819 quas
1143 1760 1199 1821 ego
1212 1740 1255 1801 ita
1278 1809 1288 1822 κ

151 1851 201 1908 me
214 1831 331 1910 Jupiter
344 1831 418 1912 Opt.
434 1833 520 1892 Max.
529 1833 627 1912 juvet,
642 1852 761 1894 narrare
774 1832 853 1910 apud
867 1852 920 1892 ros
933 1850 994 1892 non
1005 1833 1114 1892 audeo.¹
1139 1833 1253 1900 Quibus

151 1927 232 1988 enim
243 1925 298 1988 iste
312 1927 409 2006 reipsa
422 1927 641 1988 committendis
654 1947 714 1988 nou
727 1927 861 1987 erubuit:
881 1927 983 2005 iisego
993 1937 1093 2006 aperte
1107 1927 1255 1999 duntaxat

151 2037 235 2094 ame
248 2019 412 2090 nominatis,
427 2019 524 2081 viuere
537 2019 707 2080 recusarim.
787 2062 789 2064 -
887 2059 892 2068 ,
932 2098 934 2101 v
962 2013 967 2015 ’

195 2111 245 2170 13.
267 2109 332 2170 Sub
341 2109 445 2172 eadem
456 2119 598 2192 tempera,
613 2111 719 2189 quibus
731 2111 811 2188 apud
824 2109 1002 2178 Pittalacnrn
1016 2111 1072 2171 ista
1081 2111 1147 2184 fuit,
1155 2111 1255 2190 Hege-

150 2201 261 2264 sander
274 2219 310 2260 ex
326 2201 521 2280 Hellesponto
534 2204 593 2263 huc
607 2202 738 2282 appellit,
750 2203 800 2280 qui
819 2202 909 2264 istum
923 2203 962 2262 ad
976 2223 1008 2262 se
1021 2203 1149 2281 recepit:
1171 2203 1256 2281 cujus
1291 2206 1297 2221 ⁸
1318 2200 1320 2203 ’

149 2296 225 2358 satis
237 2295 299 2354 scio
308 2295 405 2354 mirari
415 2313 477 2366 vos,
489 2313 541 2354 cur
552 2315 611 2353 non
622 2295 692 2354 olim
702 2296 882 2354 mentionem
895 2295 1033 2356 fecerim:
1048 2296 1125 2356 adeo
1136 2295 1257 2368 evidens
1340 2288 1343 2291 ‘

44 2405 48 2411 ·
152 2387 245 2448 estid
259 2385 342 2464 quod
360 2385 467 2447 dicam.
498 2385 631 2463 inigitur
646 2385 842 2464 Hagesander
860 2387 968 2446 rediit:
987 2407 1075 2466 quem
1093 2407 1147 2448 vos
1168 2389 1260 2448 nostis

152 2480 261 2543 melius
274 2498 363 2557 qnam
375 2498 442 2557 ego.
478 2478 640 2557 Navigarat
653 2488 754 2539 autem
767 2490 831 2541 tum
844 2499 898 2559 pro
916 2491 1062 2557 questore
1074 2501 1141 2541 cnm
1160 2482 1259 2557 Timo·

155 2570 465 2644 maolroAcharnensi,
473 2570 534 2631 viro
542 2571 695 2649 praetorio:
709 2580 741 2631 et
749 2571 830 2631 venit
838 2572 897 2632 buc
905 2572 1113 2652 locupletatus,
1123 2583 1158 2632 ut
1166 2573 1260 2645 aiunt,
1294 2635 1298 2643 ,
1348 2606 1352 2615 ·

154 2664 235 2725 illius
250 2662 457 2741 simplicitate:
479 2680 534 2721 nec
554 2662 650 2721 minus
664 2680 753 2741 quarn
767 2680 875 2723 nxxx.
895 2664 1007 2743 argenti
1030 2665 1125 2725 minas
1142 2666 1259 2725 attulit:

151 2767 188 2819 et
207 2754 427 2835 quodammodo
449 2774 509 2817 non
523 2754 697 2818 minimailli
721 2773 813 2815 causa
831 2756 1008 2824 calamitatis
1027 2757 1132 2819 fuerat
1158 2758 1259 2819 Tantis
1333 2812 1363 2838 ,Ι

154 2848 245 2927 igitur
258 2846 363 2926 opibus
373 2846 504 2920 affluens,
514 2856 545 2907 et
557 2846 695 2908 Pittalaci
709 2847 738 2907 in
751 2848 884 2909 ludenda
896 2849 962 2909 alea
973 2849 1092 2921 sodalis,
1107 2851 1188 2925 sedes
1201 2852 1273 2911 sre-'
1368 2862 1371 2865 ’

156 2952 317 3021 quentans,
330 2940 388 3001 isto
401 2940 499 3003 atatim
515 2941 576 2999 viso
596 2937 717 3019 gauisus
730 2950 793 3000 est:
814 2961 941 3019 eumque
962 2941 1110 3025 expetivit,
1124 2951 1156 3001 et
1171 2942 1210 3001 ad
1227 2930 1270 3003 se¹

157 3036 288 3113 recipere
301 3032 403 3106 uoluit,
417 3043 549 3113 utquam
563 3034 601 3095 ab
617 3033 739 3111 ingenio
754 3052 808 3093 suo
821 3053 883 3093 non
903 3033 1059 3093 abhorrere
1071 3034 1259 3110 existimaret,

158 3127 288 3196 Brimum
299 3124 389 3203 igitur
399 3127 437 3187 ed
448 3126 624 3188 Pittalacum
635 3126 724 3187 verba
735 3125 816 3197 fecit,
826 3143 925 3193 orans,
935 3135 969 3185 ut
977 3144 1045 3198 eum
1056 3125 1114 3184 sibi
1122 3125 1259 3188 traderet.
1347 3196 1352 3209 ι

157 3223 229 3288 Quo
240 3228 406 3289 recusante,
419 3218 508 3279 istum
516 3219 613 3299 ipsum
626 3218 816 3297 aggreditur:
837 3236 935 3295 neq-ne
948 3236 1017 3279 vero
1030 3217 1273 3295 longaeratione,

158 3316 207 3377 est
218 3332 312 3393 opus:
333 3314 495 3393 persuadet
507 3315 615 3375 statim
646 3314 723 3375 Nam
738 3311 776 3371 ad
790 3312 876 3372 istam
889 3331 951 3373 rem
969 3310 1183 3371 conficiendam
1197 3331 1260 3373 rna·

64 3420 69 3425 ·
123 3432 127 3437 ·
159 3422 234 3487 gase
249 3407 324 3468 vires
342 3406 432 3478 habet
445 3404 624 3484 improbitas,
642 3414 673 3466 et
692 3405 917 3473 auctoritatem
938 3404 1127 3481 quamobrem
1150 3405 1198 3466 rel
1220 3408 1260 3467 ob

158 3501 226 3559 baec
240 3500 303 3577 ipsa
318 3498 424 3576 dignus
439 3507 485 3557 est
504 3498 583 3561 odio.
604 3498 646 3556 Ut
664 3507 762 3557 autem
779 3496 959 3563 aPittalaoo
972 3497 1160 3571 discesserat,
1174 3509 1207 3562 et
1223 3499 1261 3582 ad

161 3591 393 3670 Hagesandrum
415 3610 447 3651 se
467 3580 640 3663 contulerat,
664 3609 744 3669 aegre
764 3590 878 3653 ferebat
897 3589 1012 3651 scilieet
1034 3590 1209 3663 Pittalncus,
1230 3611 1263 3649 se

111 3690 114 3695 '
150 3712 152 3715 ·
158 3696 277 3750 tantum
285 3682 315 3747 iu
326 3684 415 3744 istum
425 3683 671 3761 argenti'frustra‚
686 3691 719 3743 nt
726 3684 862 3761 putabat,
878 3683 1085 3760 insumpsisse:
1103 3694 1262 3763 eteaquae
1368 3680 1382 3686 “

157 3778 342 3858 gerebantur
355 3775 479 3846 ferebat,
493 3785 527 3833 nt
540 3774 645 3840 rivales
657 3775 765 3847 solent,
778 3782 810 3834 et
818 3776 915 3835 itabat
928 3773 967 3833 ad
980 3774 1061 3835 redes
1075 3774 1162 3836 iliius.
1184 3776 1264 3846 Quis

162 3888 233 3936 vero
254 3868 296 3930 eis
310 3866 453 3929 molestus
471 3870 548 3939 crat,
560 3870 691 3946 spectate
708 3874 850 3943 quantum
863 3865 952 3925 fuerit
970 3867 1058 3927 robur
1076 3866 1264 3947 Hagesandn'

158 3974 195 4031 et
205 3960 363 4025 Timarcbi.
391 3960 468 4023 Nam
483 3957 643 4038 aliquando
656 3957 833 4019 inebriatiet
842 3957 907 4035 ipsi,
919 3970 987 4019 curn
997 3959 1177 4021 collusorum
1189 3978 1264 4034 aonf

161 4054 260 4125 nullis,
271 4062 302 4112 et
315 4052 378 4111 aliis
383 4071 521 4129 ,quorum
536 4051 726 4113 nominanon
740 4050 850 4125 dicam,
863 4060 955 4109 noctu
964 4051 996 4110 in
1009 4052 1099 4121 aedes.
1112 4050 1263 4128 inquibus
1321 4092 1329 4103 .

162 4146 316 4207 habitabat
338 4143 509 4216 Pittaracus,
528 4144 639 4223 impetu
652 4142 750 4202 facto:
771 4135 896 4221 primum
912 4144 1035 4203 vascula
1054 4143 1264 4214 contriverunt,

163 4249 195 4299 et
212 4237 401 4317 projecerunt
417 4235 448 4293 in
461 4236 537 4296 viam
552 4236 629 4305 talos
645 4234 738 4314 agiles
754 4243 786 4293 et
803 4234 928 4305 nexiles,
944 4245 974 4294 et
994 4235 1052 4293 alia
1071 4234 1264 4311 instrumenta

94 4392 97 4401 ,
165 4329 324 4397 aleatoria3
346 4338 377 4387 et
395 4328 558 4387 coturnices
583 4336 670 4407 atque
692 4328 797 4405 gallos,
810 4347 885 4406 quos
909 4327 1066 4387 adamabat
1088 4325 1265 4401 miserrimus

157 4420 212 4507 fille
222 4418 521 4493 ,bomaocciderunt
547 4416 679 4481 Tandem
693 4417 731 4482 ad
743 4418 911 4503 columnam
925 4418 1077 4497 alligatum
1090 4416 1188 4505 ipsum
1202 4418 1264 4487 Pit-
