2967 4950
567 226 578 255 X

381 420 382 427 Ν
467 331 687 399 nuvaasus
709 285 939 399 rouretum.
992 395 1000 407 ,
1188 342 1245 405 cor

138 510 210 555 ros·
224 491 328 553 omnia
350 499 636 569 commemorantem,
661 502 749 574 atque
769 494 800 553 in
815 494 852 582 iis
866 496 933 574 qum
955 480 1057 580 dicam
1068 497 1204 581 omnibus
1218 508 1248 559 et

139 584 407 646 senatusconsulta
418 594 450 645 et
461 584 617 665 plebiscita
629 586 836 665 proterentem,
849 592 880 646 et
890 584 1078 647 testimonia*
1208 649 1211 654 ,

73 738 75 749 ,
180 682 213 739 2ι
237 698 358 739 xx1111.
373 678 420 739 die
440 678 579 745 Quintilis
599 679 719 752 mensis,
735 677 858 739 Moloue
869 688 1004 759 pretore,
1015 669 1246 762 'concione'oonss
1267 687 1271 695 '

138 782 261 844 vocata,
284 791 352 831 cum
376 771 475 829 malta
497 790 669 849 magnaeque
692 789 739 830 res
760 772 908 831 nunciata
921 772 1004 833 vobis
1022 761 1131 847 essent,
1144 773 1247 834 decre·

137 865 226 928 vistis
238 871 329 924 nares
340 883 358 923 a
369 864 533 923 hierarchis
547 863 576 921 in
589 875 704 942 portum
716 863 892 923 trahendas:
913 882 1037 941 quorum
1051 884 1202 925 enumero
1216 876 1248 925 et

138 978 200 1038 ego
215 958 270 1017 tui.
310 957 354 1017 Ac
369 978 435 1037 quse
450 967 512 1017 tum
526 954 694 1037 reipublicae
708 966 839 1035 tempora
850 956 959 1016 fuerint
973 958 1003 1017 id
1023 978 1082 1017 uon
1095 959 1167 1018 mihi
1180 979 1247 1018 nar·

139 1050 284 1120 randum,
300 1050 352 1109 sed
365 1050 447 1109 vobis
468 1050 539 1130 ipsis
552 1050 764 1109 recordandum
780 1057 836 1119 est,
849 1059 881 1107 et
894 1047 1008 1109 Tenum
1022 1051 1059 1110 ab
1079 1050 1248 1112 Alexandro
1329 1098 1334 1107 .

139 1142 239 1202 fuisse
258 1151 433 1221 occupatam
457 1162 492 1203 ao
509 1142 671 1221 direptam
693 1151 724 1201 et
745 1139 950 1219 Miltocythem
964 1159 984 1201 a
997 1141 1075 1222 Coty
1089 1144 1246 1218 defecisse,

139 1234 242 1294 missis
269 1234 386 1313 legatis,
410 1234 521 1295 auxilia
539 1233 737 1315 postulantem
755 1242 786 1292 et
799 1232 1017 1294 Chersonesum
1029 1235 1246 1323 restitpeutemr
1278 1226 1308 1249 ⁷

131 1336 171 1387 =et
184 1326 417 1401 Proconnesios,
431 1328 527 1389 socios
545 1337 673 1399 nostros,
687 1326 861 1406 implorasse
873 1346 927 1405 pro
941 1327 1082 1388 concione
1093 1348 1178 1408 opem
1191 1350 1247 1391 no·
1267 1318 1274 1328 ⁴

139 1430 245 1493 stram,
259 1440 327 1479 cum
341 1439 372 1480 sc
387 1440 405 1480 a
418 1420 569 1525 szicenis
582 1431 659 1481 terra
671 1420 800 1499 marique
812 1420 891 1479 bello
905 1422 997 1500 premi
1010 1421 1151 1494 dicerent,
1160 1428 1260 1503 roga

139 1524 269 1594 rentque
289 1528 376 1573 nese
398 1523 541 1593 perituros
565 1512 673 1592 alioqui
685 1512 918 1591 negligeremusr
938 1524 1115 1575 mercatores
1122 1514 1198 1575 'item
1211 1536 1248 1576 ac
1301 1513 1317 1599 J

138 1605 367 1667 naviculariose
382 1605 478 1665 Ponto
493 1606 650 1679 soluturos,
666 1605 1037 1687 Byzantiis‚Calchedoniis
1050 1610 1082 1667 e't
1095 1607 1247 1687 Cyzicenis
1312 1608 1315 1613 ’

139 1709 264 1780 propter
285 1698 425 1759 frumenti
438 1698 591 1778 penuriam
608 1709 696 1759 nares
716 1699 957 1778 exceptautibusr
968 1709 1009 1759 ·et
1020 1700 1138 1761 vidisse·
1149 1721 1203 1761 ros
1215 1702 1247 1761 iu
1292 1699 1293 1702 ’

139 1793 259 1854 Piraeeo
276 1791 414 1853 frumenti
432 1792 556 1873 pretium
567 1802 696 1853 crescere
705 1810 762 1852 nec
771 1811 909 1871 maguam
918 1794 1033 1873 copiam
1050 1796 1183 1855 venalem
1200 1816 1247 1856 re·

137 1886 239 1968 periri.
279 1887 354 1956 Qum
369 1905 436 1946 oum
449 1906 502 1947 vos
517 1887 686 1947 exsistam
700 1904 753 1965 pro
764 1884 904 1945 concione
918 1886 1058 1947 audiretis
1072 1897 1102 1947 et
1114 1890 1246 1967 patronis

138 2000 256 2051 eorum,
267 1979 439 2041 trierarchos
448 2000 537 2040 naues
551 1979 729 2061 protrahere,
739 1979 777 2039 ad
786 1979 896 2039 vallum
906 1980 1073 2058 pervehere,
1083 1973 1145 2041 eta
1157 1984 1245 2043 s'ena·
1341 2013 1343 2020 v

138 2074 255 2135 toribus
280 2092 315 2132 ac
337 2071 554 2152 tribunisplebis
581 2070 841 2133 delectushab'eri
860 2070 1049 2151 municipum,
1065 2083 1171 2133 nautas
1192 2076 1245 2135 do·

140 2164 266 2247 signari,
281 2164 405 2227 classem
427 2183 516 2242 quam
539 2164 662 2245 primum
686 2163 827 2243 ablegari,
840 2169 872 2222 et
893 2162 1011 2243 singula
1031 2163 1063 2223 in
1084 2164 1152 2226 loca
1169 2166 1245 2227 mitti

140 2256 403 2336 auxiliajussistia.
443 2257 542 2337 Atque
555 2257 586 2317 id
598 2256 818 2337 Aristophontis
832 2255 983 2318 decretum
995 2256 1075 2317 vicit.
1187 2261 1190 2266 '

571 2460 818 2562 nnoaunum.

184 2637 217 2694 ³.
240 2631 400 2712 Decretum
408 2631 575 2708 audivistis,
589 2634 611 2695 J
613 2634 721 2694 udices.
735 2651 737 2658 ’
765 2633 831 2714 Ego
847 2651 926 2705 vero,
945 2633 1104 2694 cum'mihi
1115 2643 1246 2695 nautoea

140 2726 341 2806 municipibus
361 2727 467 2788 delecti
489 2747 549 2788 nou
569 2727 623 2788 nisi
640 2727 727 2806 pauci
745 2726 823 2806 iique
842 2725 999 2787 imbecilles
1018 2727 1246 2810 venissentoos

140 2820 263 2900 quidem
285 2819 388 2894 missos
410 2820 487 2880 leci:
509 2830 539 2881 et
555 2819 839 2902 oppigneratismeis
854 2819 971 2900 opibus,
984 2820 1139 2899 muniam
1151 2829 1247 2880 mutus

140 2923 222 2985 atus,
237 2912 347 2992 primus
369 2912 500 2992 implevi
512 2930 635 2986 navem,'
648 2911 810 2973 conductis·
823 2912 921 2972 nautis
939 2930 1029 2991 quarn
1049 2911 1245 2992 lieri'pote'rnt

140 3004 320 3074 lectissimis,
340 3004 508 3064 muneribus
531 3014 561 3064 et
583 3003 739 3082 congiariis
755 3003 833 3063 datis
853 3003 975 3082 singulis
992 3004 1094 3062 eo'rnm
1111 3003 1245 3082 mogoin

117 3111 120 3116 ·
143 3106 287 3178 proeterea
295 3095 418 3176 propriis
430 3097 614 3156 armamentis
628 3104 719 3155 totam
734 3113 838 3154 narem
851 3093 1088 3171 instruximeque
1099 3111 1116 3151 e
1126 3093 1246 3171 publico

144 3189 302 3270 quicquam
314 3187 425 3268 accepi,
436 3197 466 3249 et
479 3207 567 3268 quam
580 3186 663 3268 potui
676 3185 867 3267 pulcherrime
881 3194 913 3245 et
925 3184 1158 3264 splendidissime
1170 3184 1247 3246 inter

141 3281 320 3343 trierarchos
334 3281 479 3341 exornavi.
508 3279 675 3358 Remigium
689 3277 778 3357 igitur
787 3276 868 3356 quod
880 3276 961 3357 potui
972 3275 1246 3356 prrestandssimurn

142 3373 286 3436 conduxi.
327 3372 432 3454 Neque
450 3391 529 3444 vero,
544 3371 677 3444 ludices,
693 3369 723 3429 in
746 3370 855 3430 triremi
874 3377 939 3429 tum
958 3369 1131 3430 instruenda
1149 3370 1247 3431 solum

143 3476 246 3528 tantos
259 3477 393 3546 sumptus
409 3465 476 3540 leci,
492 3466 546 3526 sed
560 3464 649 3524 etiam
662 3463 805 3552 pecnnia,
814 3483 903 3543 quam
916 3461 955 3523 ad
968 3461 1151 3524 educendam
1168 3464 1247 3525 clas·

144 3579 209 3620 sem
232 3560 358 3620 conferri
376 3559 517 3639 jussistis,
540 3579 600 3620 non
618 3558 766 3619 minimam
788 3571 901 3638 partem
921 3558 1004 3618 robis
1026 3559 1130 3619 obtuli.
1169 3560 1260 3619 Cum

145 3653 225 3715 euim
238 3653 334 3714 visum
347 3663 430 3715 esset
439 3654 522 3721 vobis
537 3653 574 3714 ad
589 3650 768 3733 municipum
781 3652 937 3713 utilitatem
956 3661 991 3711 ut
1002 3644 1145 3712 relerrent
1161 3669 1247 3712 seua·

144 3757 225 3808 tores
239 3766 290 3807 eos
304 3746 354 3826 qui
367 3745 512 3828 principes
531 3746 666 3806 collaturi
685 3754 788 3805 esseut
807 3753 868 3805 tam
888 3745 963 3805 inter
984 3745 1144 3824 municipes
1158 3763 1248 3825 quam

144 3839 222 3900 inter
243 3858 294 3900 eos
318 3839 367 3918 qui
389 3841 420 3898 in
442 3837 607 3920 municipiis
627 3837 738 3918 praedia
752 3837 905 3911 haberent,
917 3838 1041 3910 relatum
1063 3838 1120 3898 tuit
1138 3857 1248 3898 nomen

146 3947 254 3994 meum
268 3933 298 3992 iu
321 3933 419 3996 tribus,
438 3932 611 4011 municipiis,
625 3940 780 4012 propterea
797 3930 877 4009 quod
894 3928 1057 3990 manifestae
1077 3941 1161 3992 eraut
1173 3949 1248 3992 mem

145 4027 315 4087 facultates.
356 4025 459 4104 Neque
474 4045 531 4104 ego
544 4025 574 4085 in
586 4024 632 4084 his
642 4024 797 4102 quicquam
810 4015 951 4084 causatus
966 4024 1096 4096 sum‚vcl
1104 4043 1152 4083 me
1165 4023 1248 4083 trire-

146 4137 227 4179 mem
241 4104 383 4178 iustru'ere
397 4117 443 4177 vel
456 4113 525 4178 bina
539 4137 628 4178 onera
639 4116 724 4176 simul
739 4116 883 4175 sustinere
890 4134 953 4191 ¹nou
965 4110 1064 4196 posse,
1073 4114 1121 4176 rel
1132 4113 1247 4192 legibus

146 4212 179 4273 id
193 4212 381 4272 interdictum
396 4210 471 4284 esse,
484 4212 537 4272 sed
553 4211 646 4291 prima
660 4209 771 4270 tributa
783 4209 893 4289 prim'us
906 4209 1051 4294 pependi:
1071 4225 1168 4284 neque
1179 4203 1248 4264 red·
1268 4209 1283 4295 J

148 4305 287 4384 egi‚nanr
302 4313 340 4365 'et
357 4315 420 4364 tum
438 4303 613 4365 trierarchus
632 4303 801 4382 reipublicae
820 4321 912 4362 cansa
929 4299 1054 4381 peregre
1074 4298 1202 4368 aberam,
1216 4305 1248 4358 et

148 4408 219 4479 post
231 4407 362 4460 reversus
372 4399 452 4459 bona
465 4397 583 4458 nomina
593 4397 655 4476 jam
670 4397 707 4456 ab
721 4395 784 4456 aliis
791 4400 911 4469 'exacta
921 4394 1000 4455 mila
1008 4392 1129 4471 reliqna,
1141 4390 1246 4470 depre·
1276 4391 1280 4398 '

147 4489 250 4552 hendi.
292 4490 367 4552 Haec
380 4501 414 4551 ut
432 4509 500 4552 vore
514 4510 532 4550 a
549 4508 597 4550 me
611 4488 669 4549 dici
682 4497 808 4564 constet,
823 4486 992 4550 testimonia
1003 4484 1087 4546 vobis
1099 4483 1251 4564 lagoum,-
