2967 4950
479 301 632 384 oarrro
653 305 886 370 ιιιιιοιιιι.
1165 309 1231 374 sos
1327 277 1331 282 ’

129 452 244 524 :nsum
253 469 315 514 non
326 452 361 515 iis
370 455 460 518 robus
469 457 575 537 quibus
588 461 761 526 adolescens
773 463 895 536 studuit,
909 463 963 527 sed
976 473 1093 546 propter
1106 485 1143 530 es
1156 487 1223 550 quse

128 553 203 624 post
223 544 436 608 institutionem
450 548 586 612 Isocratis
607 552 708 632 gessit,
721 565 752 616 et
763 575 913 630 summam¹
924 556 1045 636 gloriam
1058 568 1090 618 et
1102 558 1221 644 amplis·

126 636 220 698 simos
240 638 366 701 honores
379 641 482 702 merito
497 662 562 704 esse
581 656 774 708 consecutum
787 667 963 729 cognosces:
983 659 1046 711 tum
1059 649 1219 731 Archytam

127 730 182 810 qui
195 729 381 821 Tarentinam
394 736 611 814 rempublicam,
626 758 739 800 summa
751 759 849 802 rerum
861 741 901 802 ad
913 742 1008 822 ipsum
1018 741 1126 826 delata,
1146 744 1222 804 adeo

125 823 271 902 preclare
283 833 316 884 et
328 824 491 889 humaniter
512 828 732 904 administravit,
754 839 788 892 ut
807 832 870 912 ejus
888 853 996 895 nomen
1018 834 1099 916 apud
1119 854 1221 899 omnes

126 913 312 976 celebretur:
332 915 359 976 is
380 913 557 996 igitur‘cum
580 933 764 1001 sperneretur
788 923 879 996 initio,
894 945 912 984 e
929 926 1061 988 Platonis
1083 945 1222 1006 congres-

125 1005 213 1066 sibus
231 1015 342 1068 tautam
362 1011 563 1072 auctoritatem
582 1023 630 1074 est
648 1014 783 1094 adeptus.
825 1015 930 1096 Neque
949 1017 1053 1079 horum
1065 1019 1220 1099 quicquam

124 1097 196 1158 sine
216 1099 324 1170 radone
347 1101 457 1162 lactum
481 1113 546 1164 est:
567 1104 625 1166 imo
645 1106 734 1185 longe
756 1117 838 1169 essct
856 1110 1019 1183 absurdius,
1033 1097 1117 1195 si'ad¹
1130 1131 1237 1191 parra,

124 1189 453 1271 qumdam'perficienda
467 1197 552 1257 nobis
565 1199 634 1258 artis
650 1210 738 1278 atque
747 1199 964 1280 ⁴exercitationis
976 1221 1049 1282 opus
1070 1213 1149 1264 esset
1167 1205 1220 1266 ad-

118 1281 274 1361 jumentis,
293 1302 341 1344 res
354 1305 432 1360 ¹vero
449 1289 580 1348 maxima
598 1290 709 1350 nullam
729 1301 832 1363 artem,
850 1291 963 1376 nullum
975 1292 1143 1375 hujusmodi
1156 1310 1219 1358 stu·

123 1373 209 1434 dium
222 1375 412 1454 postularent.
453 1380 501 1438 Ac
511 1378 549 1439 de
561 1380 606 1440 his
620 1381 737 1459 quidem
752 1382 839 1461 plura
848 1383 945 1444 dicere
957 1403 1018 1445 non
1031 1384 1118 1446 rideo
1132 1389 1227 1468 quor-'

123 1487 195 1530 sum
208 1470 339 1530 attineat.
380 1470 486 1552 Neque
503 1473 580 1532 enim
594 1473 676 1534 initio
693 1474 780 1534 sicin
799 1475 877 1536 hanc
891 1475 1068 1556 mentionem
1090 1497 1156 1538 sum
1172 1479 1217 1538 in-

122 1580 246 1642 gressus
258 1562 341 1642 quasi
355 1572 387 1623 tu
400 1583 436 1626 ea
447 1583 566 1644 prorsus
579 1565 749 1645 ignorares:
770 1568 824 1628 sed
838 1568 937 1646 hujus
958 1555 1067 1648 gereris
1081 1569 1217 1632 exhorta·

122 1653 254 1716 tionibus
267 1655 385 1735 ignaros
398 1658 527 1732 excitari,
542 1659 669 1720 scientes
682 1658 866 1734 inflammari,
879 1649 1029 1740 putabam

167 1750 226 1806 13.·
239 1746 287 1806 Ne
305 1767 373 1809 vero
385 1758 471 1830 putes
491 1769 549 1826 me,
563 1750 644 1831 quod
664 1751 722 1812 ista
735 1751 868 1826 dixerim,
881 1753 919 1813 de
940 1772 987 1814 me
1011 1753 1141 1834 polliceri
1164 1755 1216 1817 tibi

121 1840 288 1902 doctrinam
301 1840 402 1902 harum
416 1862 521 1904 rerum.
562 1844 628 1906 Nec
641 1843 719 1904 enim
732 1864 780 1906 me
793 1845 878 1906 fateri
891 1845 991 1925 pudet,
1007 1845 1062 1926 ipsi
1083 1847 1152 1907 mihi
1166 1849 1217 1909 ad·

120 1934 185 1994 buc
198 1932 290 1994 multa
302 1953 369 1995 esse
383 1934 533 2011 discenda,
548 1946 635 2018 atque
649 1936 747 2015 ipsum
760 1938 904 2019 rempubl.
915 1938 1006 2002 malle
1014 1958 1114 2018 gerere
1128 1959 1215 2020 quam

121 2027 189 2088 aliis
212 2045 276 2088 earn
299 2027 460 2090 doctrinam
484 2029 616 2091 tradere:
638 2049 734 2110 neque
757 2030 823 2092 lroec
843 2031 886 2091 sic
908 2029 1106 2111 accipivclim
1132 2033 1216 2111 quasi

121 2139 263 2201 asperner
280 2140 355 2195 eam,
368 2142 435 2201 quse
449 2123 599 2204 sapientiae
611 2133 642 2185 et
654 2124 830 2204 eloquentiae
840 2123 983 2203 magistris
997 2124 1147 2204 proposita
1158 2134 1215 2197 est,

120 2211 256 2292 gloriam,
270 2212 323 2272 sed
335 2211 407 2292 quia
418 2213 449 2274 id
462 2213 542 2294 quod
563 2213 630 2276 dico
643 2235 742 2276 verum
762 2225 818 2288 est.
860 2214 929 2276 Scio
951 2213 1028 2294 enim
1047 2214 1156 2274 multos
1178 2233 1215 2273 ex

119 2305 254 2364 obscuris
274 2317 304 2366 et
325 2307 499 2387 contemptis
512 2327 564 2388 per
579 2328 643 2369 eam
658 2308 869 2388 professionem
882 2307 1011 2366 illustres
1025 2325 1089 2367 esse
1108 2307 1214 2379 factos,

119 2415 157 2458 ac
172 2398 310 2475 Solonem
324 2400 511 2461 etvirentem
529 2411 560 2462 et
583 2411 729 2462 mortuum
751 2403 878 2461 maxima
897 2400 990 2482 gloria
1009 2398 1152 2472 floruisse,
1165 2399 1215 2459 cui
1250 2443 1254 2452 .

117 2490 226 2571 reliqui
249 2490 374 2551 honores
395 2494 494 2572 negati
512 2513 572 2555 non
592 2495 732 2556 fuerunt:
751 2514 819 2555 nam
839 2493 1065 2573 etfortitudinis
1078 2514 1140 2553 suae
1154 2503 1214 2555 tro·

118 2600 220 2662 paeum
234 2583 410 2661 Megarense
422 2585 631 2646 monimentum
643 2585 771 2665 reliquit,
783 2595 815 2647 et
826 2585 940 2645 consilii
954 2584 1114 2667 Salaminis¹
1129 2604 1213 2646 recu·

117 2674 309 2754 perationem,
322 2685 353 2736 et
362 2678 475 2737 caeteris
488 2679 519 2738 in
531 2681 618 2740 rebus
632 2678 783 2759 sapientias
797 2679 891 2758 leges,
905 2678 1010 2757 quibus
1025 2677 1113 2737 etiam
1125 2678 1212 2739 hodie

116 2765 422 2849 plurimiGraecorom
435 2776 603 2851 constanter
616 2780 749 2831 utuntur.
789 2770 858 2843 Qui,
880 2790 1047 2850 quanquam
1065 2779 1108 2830 tot
1127 2790 1212 2832 orna·

117 2861 228 2921 mentis
248 2860 428 2933 cumulatus,
438 2872 535 2923 tamen
550 2862 621 2923 nihil
634 2863 756 2943 perinde
768 2862 893 2935 studuit,
908 2874 997 2945 atquc
1011 2873 1044 2922 ut
1056 2862 1087 2922 in
1101 2876 1213 2943 septem

118 2953 284 3033 sapientum
297 2956 448 3013 numerum
460 2955 625 3028 referretur,
641 2955 941 3034 sapientiustudium„
954 2974 1013 3032 non
1026 2956 1130 3033 probro
1148 2954 1211 3015 cui·

116 3063 219 3125 quam,
232 3044 284 3105 sed
307 3044 388 3103 leudi
401 3046 535 3107 omnibus
559 3067 625 3107 esse
643 3047 775 3107 dandum
788 3047 976 3117 adsumens,
995 3046 1025 3103 in
1047 3065 1106 3126 quo
1126 3065 1211 3126 mque

115 3146 199 3199 recte
212 3136 313 3209 sensit,
321 3146 355 3196 ut
367 3137 396 3197 in
409 3139 533 3212 cacteris,
544 3138 575 3197 iu
588 3139 694 3218 quibus
708 3139 853 3200 excelluit.

161 3232 210 3290 14.
231 3230 332 3309 Atque
357 3248 413 3308 ego
435 3250 490 3291 nec
508 3232 573 3311 ipse
596 3230 680 3291 aliter
702 3232 807 3303 sentio,
826 3240 858 3291 et
873 3230 925 3291 tibi
945 3227 1211 3309 philosophandum

115 3341 237 3396 censeo,
248 3341 304 3382 nec
313 3321 541 3383 obliviscendum
555 3324 670 3403 quantis
683 3333 713 3383 te
725 3322 812 3383 bonis
824 3332 928 3381 natura
940 3333 970 3380 ct
981 3321 1098 3380 fortuna
1107 3340 1211 3380 cumu-

114 3413 195 3475 larit.
236 3414 311 3480 Qum
331 3413 408 3475 hanc
431 3415 524 3495 ipsam
547 3417 585 3476 ob
610 3434 731 3475 causam
752 3434 808 3495 ego
832 3433 945 3494 quoque
966 3412 1103 3473 orationis
1128 3411 1209 3474 initio

115 3505 352 3579 commemoravi,
365 3526 424 3567 non
438 3517 498 3579 tam
511 3507 628 3588 quidem
642 3518 677 3567 ut
695 3507 864 3569 laudatione
886 3504 992 3585 ingenii
1014 3504 1057 3565 tui
1081 3504 1209 3565 animum

113 3612 202 3661 tuum
215 3598 287 3659 mihi
300 3596 496 3674 conciliarem,
508 3619 598 3680 quam
612 3610 646 3659 ut
657 3610 688 3659 te
702 3598 741 3658 ad
754 3597 969 3678 philosophiam
981 3596 1161 3668 adhortarer,
1176 3607 1210 3657 ut

114 3700 147 3752 et
166 3709 231 3751 eam
249 3708 310 3751 nou
324 3691 404 3769 parri
417 3690 551 3763 duceres,
566 3710 634 3769 nec,
646 3690 733 3751 bonis
755 3690 819 3751 istis
838 3689 945 3761 clatus,
956 3707 992 3748 ea
1012 3707 1078 3767 quae
1098 3700 1211 3750 restant

113 3783 290 3863 negligeres,
302 3801 369 3855 nec,
383 3782 408 3842 si
420 3782 455 3843 iis
475 3794 597 3862 praestes
621 3784 795 3861 quibuscum
815 3781 898 3853 viria,
923 3778 1041 3841 studere
1061 3780 1125 3841 aliis
1143 3802 1209 3843 esse

112 3875 301 3959 prestantior
321 3874 406 3934 nolis.
448 3876 509 3937 Sed
529 3875 677 3936 existimes
695 3874 833 3935 eximium
846 3892 913 3934 esse
928 3872 1071 3934 excellere
1091 3872 1122 3933 iu
1145 3893 1209 3937 our-

113 3971 219 4031 nibus:
240 3966 394 4047 magisque
416 3967 607 4049 expedirent
629 3967 655 4027 ei
678 3964 720 4027 rei
744 3964 862 4025 studere
874 3964 1109 4046 videaris,quam
1128 3974 1161 4026 ut
1177 3964 1208 4025 in

112 4062 283 4141 vulgaribus
308 4060 447 4135 emineas,
470 4071 521 4122 aut
542 4059 691 4139 ingenium
717 4067 800 4118 tunm
828 4057 1000 4131 dedecores,
1026 4069 1079 4120 aut
1109 4076 1208 4118 eorum

112 4157 165 4237 qui
189 4156 242 4216 sibi
268 4152 306 4213 de
325 4162 355 4214 te
373 4173 481 4235 magna
500 4148 674 4235 pollicentur
693 4172 777 4233 spem
798 4154 961 4223 frustreris:
982 4153 1042 4213 imo
1064 4151 1122 4212 tuis
1141 4149 1208 4211 viri-

107 4250 166 4309 bus
192 4247 309 4309 vincere
338 4246 469 4308 amdebis
501 4245 842 4307 benevolentissimomm
868 4245 1054 4306 desiderium.
1109 4242 1207 4321 Atque

111 4340 290 4401 existimabis
321 4340 449 4420 reliquas
477 4338 634 4411 orationes,
659 4339 685 4399 si
708 4338 891 4400 mediocriter
916 4339 1062 4419 placeant,
1088 4335 1208 4396 oratori·

109 4434 168 4493 bus
189 4452 256 4494 esse
274 4432 386 4512 gloriae,
401 4432 609 4512 preceptiones
631 4442 729 4492 autem
749 4430 783 4492 iis
803 4430 853 4510 qui
873 4439 994 4510 pareant
1013 4439 1043 4490 et
1061 4427 1128 4489 usui
1141 4447 1206 4490 esse
