2967 4950
280 297 342 366 rso
589 295 765 373 course
786 267 1074 356 mnocnrunu.

281 451 459 514 domesticos
472 471 525 513 vos
542 472 560 512 a
579 473 611 513 se
629 453 711 532 diligi
726 450 945 512 dicet-audire
963 461 1011 509 est
1024 468 1121 530 operar
1139 450 1272 529 pretium.
1310 453 1365 511 llu-

281 546 415 628 spicebor
429 557 527 608 autem
542 547 579 606 ab
592 547 639 620 iis,
652 566 719 626 qun
733 547 763 605 in
776 565 832 607 nos
846 543 971 612 admisit.
1007 544 1124 604 Patrem
1134 562 1201 603 curn
1215 555 1367 619 accusaret,

280 640 413 714 ludices,
427 659 462 701 ac
475 640 649 700 violatarum
668 640 767 716 legum
781 658 861 699 reum
872 638 992 709 laceret,
1007 635 1128 696 insidias
1141 654 1243 716 puero,
1259 637 1296 696 de
1314 658 1366 715 quo

280 732 429 792 decretum
454 732 594 812 scripturn
615 742 687 805 erat,
701 733 763 792 lieri
784 732 914 802 dicebat,
934 729 963 788 in
985 748 1044 808 quo
1067 740 1151 808 pater
1169 729 1277 789 victum
1296 729 1365 790 Cha·

280 825 393 887 ridemo
408 825 556 888 Isonrachi
569 826 628 884 filio
639 825 818 896 decreverat,
830 843 976 895 asserens,
990 823 1015 881 si
1028 822 1058 881 in
1071 832 1206 903 paternas
1220 822 1298 882 cedes
1308 824 1366 883 red·

279 917 351 978 isset
364 937 445 997 puer,
459 937 560 978 ornnes
579 937 660 997 opes,
680 937 755 996 quas
770 916 941 996 AEschylus,
962 935 981 975 a
1001 934 1060 994 quo
1077 925 1140 974 erat
1163 915 1328 998 adoptatus,
1343 914 1366 975 ei

280 1010 412 1083 dederat,
425 1011 614 1072 amissurum:
637 1011 724 1092 idque
739 1011 823 1070 salso.
866 1008 984 1069 Nemini
995 1009 1072 1068 eninr
1085 1028 1215 1087 unquam
1229 1009 1367 1089 adoptato,

279 1103 415 1178 ludices,
425 1104 455 1163 id
470 1103 585 1164 accidit.
628 1103 673 1180 Et
685 1103 790 1162 horum
811 1101 941 1164 omnium
954 1112 1104 1162 auctorem
1118 1101 1312 1182 Polyeuctum
1323 1121 1367 1162 er·

279 1196 389 1258 stitisse
403 1195 529 1269 dicebat,
540 1197 590 1276 qui
603 1197 684 1276 pueri
699 1206 820 1256 matrem
831 1195 952 1255 haberet
965 1195 994 1254 iu
1005 1193 1199 1266 matrimonio,
1214 1205 1302 1273 atque
1313 1196 1367 1275 ipse

278 1289 361 1369 pueri
384 1308 456 1369 opes
474 1290 704 1368 concupisceret.
757 1289 828 1348 irati
849 1299 945 1348 autem
967 1287 1092 1348 ludices
1115 1289 1153 1348 ob
1175 1307 1212 1347 ea
1235 1287 1323 1358 dicta,
1343 1297 1367 1348 et

279 1384 401 1464 opinati,
416 1384 512 1464 ipsum
526 1383 644 1462 quidem
658 1383 809 1443 decretum
828 1393 858 1440 et
881 1381 1032 1460 preamium
1045 1380 1160 1459 legibus
1175 1399 1243 1440 esse
1257 1399 1368 1440 consen·

279 1487 410 1552 teneura,
430 1495 533 1536 revera
553 1487 652 1536 autem
675 1495 808 1555 puerum,
819 1472 943 1554 pecuma
955 1472 1122 1533 fraudatum
1137 1471 1181 1544 iri,
1197 1483 1312 1551 patrem
1325 1471 1368 1530 de·

278 1589 345 1630 cern
358 1568 478 1629 talentis
493 1567 681 1638 mulctarunt,
697 1578 730 1627 ut
743 1568 792 1647 qui
805 1586 872 1627 cum
892 1561 1054 1644 Polyeucto
1067 1564 1132 1624 hac
1145 1562 1308 1637 moliretur,
1318 1562 1368 1634 isti,

278 1672 313 1722 ut
325 1661 406 1740 pueri
420 1660 565 1721 defensori
580 1661 778 1722 crediderunt.
819 1661 866 1718 Ac
880 1677 947 1737 qum
961 1658 991 1718 in
1000 1657 1112 1738 judicio
1126 1656 1369 1739 acciderunt,het
1451 1674 1452 1729 t

278 1765 310 1816 et
334 1753 502 1834 hujusmodi
524 1754 652 1834 luerunt.
695 1755 736 1812 Ut
756 1760 854 1812 autern
876 1753 972 1811 bouus
996 1751 1110 1811 istevir
1130 1750 1268 1812 homines
1292 1750 1368 1810 iratos

279 1867 345 1908 esse
366 1845 580 1915 animadvertit,
605 1857 636 1906 et
658 1845 722 1918 sibi,
746 1855 779 1905 ut
800 1865 859 1906 nou
877 1845 996 1905 omnino
1016 1842 1139 1917 nelarie,
1163 1843 1255 1904 fidem
1273 1843 1368 1918 haberi,

279 1940 420 2024 arcessito
442 1938 603 2018 Polyeucto
624 1938 701 2000 diem
724 1938 802 2019 apud
825 1947 978 2018 praetorem
998 1935 1070 1998 dicit
1084 1937 1169 1996 maloe
1184 1924 1368 2008 tractationis,

278 2032 458 2114 primamque
485 2032 667 2092 sortitionem
696 2031 749 2090 slat
777 2029 997 2091 Mnesarcbidre
1030 2031 1181 2090 assessori.
1241 2029 1368 2112 Acceptis

178 2175 181 2185 .
277 2134 376 2186 autern
390 2124 586 2205 aPolyeucto
600 2123 738 2183 trecentis
753 2123 909 2196 drachmis,
928 2133 958 2183 et
970 2121 1119 2182 atrocibus
1137 2121 1196 2182 illis
1211 2121 1367 2183 criminibus

277 2236 368 2300 parvo
392 2237 449 2278 oere
472 2218 609 2289 venditis,
622 2217 661 2274 ob
674 2235 740 2294 quae
761 2227 876 2295 patrem
895 2217 997 2276 decem
1010 2215 1131 2276 talentis
1146 2215 1313 2300 mulctaret,
1325 2215 1367 2273 de·

280 2309 364 2381 stitit,
379 2311 592 2388 actionemque,
605 2307 716 2396 pupillo
731 2307 857 2400 prodito,
868 2307 996 2368 sustulit.
1023 2309 1089 2388 Age
1104 2325 1177 2368 voca
1193 2301 1366 2370 mihihouim

278 2411 380 2461 testes.

754 2554 918 2678 ancras

311 2732 351 2790 ¹9.
374 2714 463 2797 Quod
485 2731 510 2789 si
528 2730 608 2790 dives
628 2730 731 2791 fnisset
744 2741 839 2810 pater,
852 2738 891 2801 et,
912 2712 1079 2800 uindices,
1091 2726 1120 2788 ei
1132 2727 1214 2790 mille
1229 2728 1370 2791 drachmas
1450 2717 1451 2752 ³

279 2824 433 2881 numerare
448 2822 602 2902 potuisset,
615 2822 733 2883 omnino
747 2824 865 2883 crimine
878 2820 1049 2881 violatarum
1069 2808 1170 2901 legum
1191 2822 1297 2883 suisset
1313 2822 1370 2881 libe·

282 2925 383 2975 ratus:
405 2925 518 2975 tanturn
534 2916 610 2977 enirn
625 2916 681 2975 iste
695 2917 733 2976 ab
747 2936 784 2976 eo
797 2915 976 2996 postulabat.
1018 2916 1084 2993 Age
1097 2933 1171 2975 voca
1181 2914 1259 2975 'mibi
1274 2914 1368 2995 Philia

281 3008 378 3090 pidem
392 3008 605 3082 Paeaniensem,
619 3010 659 3069 ad
677 3029 765 3089 quem
784 3009 858 3090 dixit
877 3007 943 3067 bac
957 3005 1148 3083 Theocrines,
1162 3018 1201 3069 et·
1207 3015 1321 3071 ceteros
1331 3004 1369 3087 qui

283 3100 380 3162 sciunt
392 3101 457 3162 bac
472 3101 580 3163 abhoc
593 3112 658 3161 esse
671 3101 759 3162 dicta.

751 3302 910 3371 nastes.

284 3447 478 3509 ¹‘lbeocrinem
493 3451 591 3530 igitur,
604 3452 738 3523 ludices,
758 3453 862 3533 siquis
876 3452 903 3513 ei
917 3452 996 3512 mille
1009 3452 1166 3514 drachmas
1179 3454 1321 3528 dedisset,
1331 3470 1370 3513 sc·

284 3539 464 3600 cusationem
489 3542 579 3621 patris
604 3543 695 3604 fuisse
721 3545 909 3617 aboliturum,
932 3552 1034 3606 omnes
1057 3565 1111 3607 vos
1134 3547 1310 3619 credituros,
1325 3542 1370 3605 etti

285 3638 371 3693 neme
384 3633 566 3708 testificetur,
580 3634 722 3698 arbitror:
743 3638 871 3705 eundem
886 3644 985 3700 autem
1002 3639 1111 3700 multos
1129 3639 1206 3703 alios
1219 3638 1371 3707 arcmsistt,¹

284 3734 316 3783 et
330 3724 445 3788 actione
459 3727 593 3805 instituta
605 3729 918 3811 pieraricetum'csse,
932 3752 1080 3813 parvaque
1094 3742 1222 3816 accepta
1243 3730 1370 3799 mercede»

285 3819 451 3891 recessisse,
464 3820 578 3902 eosqui
592 3822 620 3883 ei
632 3822 788 3898 dederunt,
801 3823 1021 3905 ipsosrocabo,
1034 3846 1073 3887 nc
1091 3826 1223 3889 credatis
1237 3826 1275 3902 ei,
1289 3823 1371 3887 seob-

284 3928 399 3969 servare
423 3912 521 3993 legum
543 3914 710 3989 violatores,
731 3915 879 3997 glorianti,
902 3926 932 3977 et
954 3917 1130 3979 violatarum
1148 3913 1372 4001 le'gumsublitit

283 4000 458 4076 actionibus,
471 4010 605 4067 corruere
630 4007 792 4070 libertatem
818 4008 974 4071 dictitanti.
1017 4008 1095 4073 Hs'ec
1117 4010 1193 4072 enim
1208 4004 1374 4094 oniensis

285 4094 431 4168 rendunt,
441 4094 537 4173 dicere
552 4099 657 4160 solent.
689 4100 856 4183 Vocamihi
869 4102 1109 4165 Aristomachum
1124 4101 1373 4171 candentium

285 4186 515 4269 Alopecensemc
537 4189 571 4265 is¹
585 4192 663 4252 enirn
679 4192 772 4267 dedit,
786 4194 833 4255 rel
847 4196 944 4277 potius
957 4196 989 4256 iu
1004 4196 1070 4277 ejus
1088 4196 1205 4259 oedibus
1227 4197 1306 4261 data
1316 4198 1374 4256 suut

284 4276 344 4350 isti,
367 4281 541 4363 incorrupta
562 4282 631 4343 lidei
654 4284 725 4357 viro,
749 4286 816 4346 dum
840 4287 927 4349 mina
949 4289 1171 4365 cumdimidis,
1193 4310 1253 4371 pro
1269 4290 1372 4353 duno

255 4390 260 4399 ¹
287 4371 366 4443 quo'd
379 4374 589 4435 Automedo'in
601 4376 724 4455 gratiam
738 4379 936 4460 Tenediorum
950 4382 1029 4445 lecit.
