2967 4950
249 344 312 403 004
541 332 762 401 ADVERSUS
782 332 1054 400 PHAENIPPUM.

252 497 342 569 liaris,
357 506 388 555 et
406 516 485 557 nunc
503 496 628 575 denique
643 516 690 556 ma
703 495 760 555 tria
772 493 883 555 talenta
902 492 1026 572 reipubl.
1048 505 1199 552 numerare
1223 500 1351 570 oportet,

254 587 396 651 talentum
413 607 467 669 pro
487 586 702 672 portione-foi
725 585 803 645 enirn
815 595 845 645 et
857 584 929 664 ipre,
942 584 1020 663 qnod
1034 584 1144 660 utinam
1156 592 1249 643 esset
1255 581 1352 653 aliter,

254 680 362 740 fodinae
378 681 534 785 publicatae
555 680 774 759 particeps—nt
792 677 823 737 in
844 698 941 737 meum
958 677 1054 740 locum
1072 671 1249 782 substituere
1262 694 1353 735 coner

254 792 332 845 eum,
345 774 394 852 qui
409 792 468 832 non
481 790 561 832 nunc
581 771 670 832 modo
688 786 732 831 est
747 792 794 831 me
807 768 993 851 locupletior,
1007 770 1060 829 sed
1077 770 1157 848 prius
1178 769 1266 829 etiam
1286 766 1354 841 fuit,

255 874 286 925 et
307 864 421 923 nullum
447 863 531 924 robis
554 882 683 942 unquam
703 882 809 923 munus
832 862 913 933 obiit,
933 881 1031 941 neque
1050 862 1176 941 reipubl.
1197 860 1354 939 quicquam

254 955 397 1015 hactenus
411 955 544 1025 contulit,
557 974 680 1015 necesse
701 966 755 1015 est
797 954 886 1015 Vos
878 956 965 1033 igitur
985 974 1090 1014 omues
1104 972 1167 1023 oro,
1182 951 1317 1024 ludices,
1330 952 1355 1011 si

256 1034 421 1117 ostendero
417 1038 614 1137 Phanippum
629 1059 659 1107 et
676 1046 796 1109 delinita
808 1046 949 1149 legibus'
937 1066 1007 1126 Jura
1020 1046 1145 1125 violasse
1158 1047 1189 1104 e't
1197 1034 1357 1132 locupleti-

256 1158 337 1200 orem
349 1158 415 1209 esse
427 1159 516 1219 quam
529 1158 585 1217 ego
599 1159 675 1215 sum,
696 1150 730 1198 ut
752 1149 783 1197 et
806 1157 852 1197 me
868 1134 987 1218 juvetis,
1001 1148 1033 1197 et
1050 1138 1139 1199 istum
1158 1157 1224 1200 meo
1242 1127 1332 1209 loco
1324 1156 1356 1195 ιιι

256 1240 452 1291 ιιιοιιιιιιιιιιι
466 1231 590 1293 classem
605 1207 745 1291 reseratis.
787 1229 911 1308 Propter
929 1228 987 1291 hoc
1000 1228 1077 1293 enim
1097 1229 1181 1308 leges
1196 1227 1357 1306 quotannis

256 1324 483 1403 permutationes
502 1321 678 1394 concedunt,
693 1322 773 1401 quod
785 1322 969 1381 conservatio
981 1331 1125 1401 perpetua
1145 1320 1187 1380 rei
1204 1319 1356 1383 familiaris

258 1423 289 1473 et
307 1415 489 1475 incrementa
507 1415 607 1494 paucis
629 1415 741 1474 civibus
756 1432 925 1494 permanere
944 1415 1050 1475 solent.
1091 1414 1139 1473 Ab
1156 1413 1237 1472 initio
1247 1421 1355 1495 *autem

256 1506 339 1567 vobis
354 1508 451 1568 omnia
464 1527 530 1589 quae
545 1506 574 1566 in
588 1506 803 1587 permutatione
817 1506 987 1566 acciderunt
997 1506 1240 1576 commemorabo.

300 1602 328 1659 3.
350 1600 461 1660 Mensis
477 1600 626 1671 Quintilis,
647 1598 780 1672 ludices,
801 1599 849 1658 die
869 1599 1010 1673 secundo,
1024 1600 1117 1659 duces
1130 1598 1271 1668 trecentis
1288 1616 1358 1677 perr

258 1693 435 1752 mutationes
455 1700 677 1772 proposuerunt.
721 1691 755 1750 ln
777 1690 812 1750 iis
834 1711 871 1751 ex
891 1691 957 1771 lege
977 1692 1169 1771 Phaenippum
1190 1691 1296 1752 citavi:
1318 1710 1356 1750 eo

258 1783 347 1861 igitur
359 1785 449 1845 citato
463 1796 494 1845 et
507 1784 642 1845 adhibitis
657 1783 832 1862 quibusdam
850 1783 1040 1845 familiaribus
1055 1794 1086 1845 et
1099 1784 1209 1855 amicis,
1225 1784 1358 1864 Cythera

260 1874 299 1933 iri
311 1876 341 1935 in
355 1874 419 1955 ejus
433 1876 569 1937 fundum.
611 1875 655 1935 Ac
673 1876 799 1954 primum
820 1876 878 1935 obii
893 1877 1015 1937 fundum
1035 1880 1111 1956 ejus,
1125 1876 1174 1955 qui
1195 1876 1356 1936 stadiorum

260 1976 323 2027 erat
345 1968 469 2047 amplius
491 1968 686 2048 quadraginta
703 1969 900 2041 circumcirca,
914 1978 945 2028 et
963 1969 1079 2053 ostendi
1100 1979 1131 2031 et
1146 1978 1271 2029 testatus
1289 1977 1357 2029 sum

259 2078 358 2119 coram
378 2060 550 2140 Phoenippo,
565 2058 662 2119 nullos
684 2060 778 2122 fundo
799 2059 915 2121 libellos
934 2060 1039 2121 affixos
1062 2080 1147 2141 esse:
1173 2061 1218 2120 sin
1241 2061 1303 2141 ipse
1325 2060 1355 2121 id

155 2198 160 2209 .
260 2151 427 2223 affirmaret,
442 2152 540 2213 statim
553 2171 620 2210 eum
639 2152 737 2212 dicere
754 2152 893 2230 jubebam
908 2163 938 2213 et
958 2152 1123 2226 ostendere,
1138 2165 1171 2213 ut
1191 2172 1230 2213 ne
1252 2164 1358 2233 postea

260 2242 367 2303 t'undus
386 2264 443 2304 aere
456 2244 552 2304 alieno
566 2244 723 2303 obstrictus
737 2264 804 2304 esse
817 2245 1025 2325 perhiberetur.
1067 2246 1184 2305 Deinde
1204 2245 1358 2325 obsignari

261 2335 416 2409 domicilia,
430 2346 461 2396 et
473 2356 553 2395 meas
566 2338 645 2415 sedes
660 2356 726 2395 eum
737 2337 850 2416 ingredi
861 2338 946 2415 jussi.
981 2337 1090 2399 Postea
1098 2340 1229 2418 quoesivi,
1242 2339 1294 2399 ubi
1304 2358 1355 2399 ex·

261 2445 379 2488 cussum
393 2427 569 2488 frumentum
591 2438 792 2491 esset-erant
810 2430 887 2490 enim
910 2430 960 2504 ibi,
973 2430 991 2490 J
995 2431 1105 2506 udices,
1120 2432 1202 2493 divos
1216 2432 1357 2514 dirasque

261 2531 363 2593 testor,
376 2520 442 2580 duee
461 2539 547 2593 arem,
559 2520 649 2590 ferrus
664 2523 762 2602 jugeri
784 2524 975 2604 amplitudine
997 2534 1170 2604 absquae,
1184 2526 1209 2586 is
1221 2546 1291 2587 vero
1311 2546 1357 2586 re-

177 2631 180 2638 ’
263 2612 390 2692 spondit,
404 2613 580 2673 frumentum
594 2615 699 2694 partim
713 2616 874 2688 venditum,
887 2618 992 2696 partim
1013 2616 1093 2704 intus
1107 2638 1173 2679 esse
1186 2619 1356 2700 repositum.

263 2705 409 2782 Tandem,
430 2727 468 2767 ne
489 2705 610 2788 longum
633 2708 750 2781 faciam,
775 2707 913 2776 constitui
935 2711 1075 2771 custodes
1088 2708 1177 2772 'intus
1203 2711 1357 2792 quosdam,

263 2810 351 2879 atque
374 2799 576 2862 mediusfidius
597 2800 682 2862 etiam
707 2802 785 2870 edixi
807 2815 841 2862 ut
864 2799 976 2864 vetaret
999 2799 1143 2883 agasones
1167 2803 1358 2865 materiatae

263 2892 357 2954 lundo
370 2893 602 2957 avehere-nanr
616 2905 719 2974 praeter
731 2905 854 2957 castoras
854 2885 1019 2977 Ριιιιιιρρί
1032 2917 1113 2977 opes,
1121 2892 1254 2970 ludices,
1267 2897 1356 2958 etium

263 2985 312 3052 bic
325 2987 449 3067 amplius
464 2999 509 3048 cst
522 3007 549 3047 st
541 2988 685 3059 reditus,
699 3008 752 3048 sex
770 2989 844 3048 asini
865 3009 918 3068 per
937 2997 1032 3048 totum
1045 3008 1156 3049 annum
1169 2989 1319 3050 materiam
1331 2987 1358 3048 ei

197 3105 200 3113 ’
262 3081 390 3150 ιιιιιιιις
412 3081 511 3142 unde
504 3092 558 3142 rste
570 3081 601 3140 in
615 3080 746 3160 singulos
758 3081 823 3141 dies
841 3082 968 3161 amplius
979 3081 1012 3116 '¹'
1026 3081 1173 3154 drachmis
1184 3063 1357 3161 percipit*

263 3178 331 3236 eum
344 3174 432 3254 igitur
444 3174 487 3236 eis
482 3170 715 3236 interdixissem
730 3193 770 3234 ue
782 3175 932 3236 materiam
945 3175 1132 3254 attingerent,
1148 3186 1178 3236 st
1193 3173 1357 3254 Pboenippo

264 3261 497 3418 ιιιιιιιιιιὲιιιιιι,
490 3279 546 3340 ,ιιι
556 3287 592 3329 er
609 3269 781 3350 praescripto
793 3269 918 3348 legisad
933 3287 1018 3329 sacra
1034 3280 1140 3348 presto
1157 3278 1246 3370 essct,
1259 3268 1291 3328 in
1308 3287 1358 3328 ιιι-
1466 3332 1467 3357 3

263 3361 330 3420 bem
344 3379 375 3432 re
398 3379 415 3418 ιι
1466 3366 1467 3377 ’

304 3455 335 3512 4.
357 3451 486 3510 Primum
507 3453 595 3532 igitur
616 3447 716 3513 eorum
740 3473 808 3533 quas
829 3449 892 3516 diui
912 3456 1078 3526 testimoma
1093 3455 1177 3516 robis
1197 3453 1357 3516 smtmuo:
1463 3438 1467 3477 ³

266 3539 372 3606 deinde
385 3555 417 3604 et
429 3544 466 3604 de
477 3545 591 3604 caetsris
602 3545 727 3607 audietis
741 3566 858 3608 omnem
872 3549 1031 3608 veritatem.
1066 3548 1261 3628 Phrenippurn
1268 3545 1357 3622 Ιιιιιιιι,

188 3681 191 3690 .
266 3629 400 3710 Jndioes,
414 3635 537 3715 aprimo
559 3635 609 3698 die
627 3640 726 3699 stetim
743 3639 815 3700 nibil
828 3634 898 3720 justi
912 3635 1057 3720 cogitasse
1070 3641 1228 3748 reperietis.
1270 3642 1358 3702 Obsi·

266 3732 354 3810 gnati
367 3726 522 3804 domicilia,
537 3732 681 3812 permissu
697 3733 791 3813 legis.
812 3735 869 3796 iste
881 3736 1008 3815 aperuit.¹
1048 3729 1133 3796 Ac
1110 3735 1226 3816 signnm
1240 3729 1357 3815 quidem

266 3823 420 3888 sustulisse
432 3815 591 3886 fatebatur:
612 3827 689 3887 loros
710 3837 809 3888 autem
827 3848 860 3896 se
881 3828 1028 3935 aperuisse
1044 3823 1182 3909 negabat,
1194 3828 1280 3908 quasi
1291 3831 1358 3889 reru

266 3905 354 3982 aliani
376 3919 416 3984 ob
434 3913 562 3992 causam,
584 3939 674 3999 quam
696 3921 734 3980 ad
761 3922 839 3983 sores
867 3922 1049 4012 aperiendas,
1071 3923 1156 4003 signa
1182 3917 1357 3983 sustulisset.

267 4009 385 4072 Deinde
398 4009 484 4075 vetui
497 4031 535 4071 ue
553 4011 673 4074 materia
692 4013 879 4077 evelleretur.
901 4015 957 4076 iste
982 4015 1113 4096 qnotidie
1131 4015 1239 4087 everrit,
1260 4033 1298 4076 eo
1310 4015 1357 4078 dis

266 4111 399 4208 excepto,
414 4121 471 4182 quo
484 4122 541 4182 ego
558 4106 648 4165 vetui.
690 4105 783 4167 Nullo
796 4127 854 4168 sere
870 4108 966 4196 alieno
985 4109 1095 4170 fundus
1109 4109 1266 4170 obstrietus
1279 4109 1357 4170 ιιιι.

265 4213 346 4258 nunc
357 4193 412 4255 ists
425 4190 547 4263 multum
560 4195 626 4258 eris
645 4183 732 4259 ebeni
752 4201 871 4279 profert.
914 4201 949 4262 ln
962 4221 1087 4277 summa,
1100 4203 1172 4264 facit
1183 4195 1265 4283 qso'd
1277 4202 1356 4276 libet,

266 4303 326 4347 uon
349 4285 429 4368 qnod
448 4287 531 4376 leges
550 4287 664 4369 jubent
716 4291 822 4381 Recita
844 4295 1018 4370 testimonia,
1038 4295 1162 4376 primm
1187 4296 1227 4360 de
1248 4295 1356 4367 ιοιιιιιι,

267 4379 375 4444 ιιιιιιιι
387 4390 418 4442 et
428 4391 545 4442 catera.
713 4417 714 4420 =
