2967 4950
177 291 182 302 '
260 323 298 380 os
575 323 746 384 conrsn
766 321 1039 403 cruerentur.

486 479 532 527 Sed
541 495 578 526 me
586 479 674 527 letiferi
683 479 778 527 cohibet
788 479 826 526 eis
836 479 971 536 senestuti,
1057 493 1067 506 ⁸

489 556 561 612 Quod
570 555 625 602 mibi
635 556 739 603 nascenti
750 571 820 602 wrm
831 562 933 603 ststnere
942 571 1043 603 sorores.
1083 561 1086 571 '

488 633 543 679 Huc
555 633 617 693 quod
629 638 652 680 te
665 647 766 693 quoque,
777 632 876 686 soline,
886 640 971 688 maret,
980 633 1024 678 sub
1033 629 1148 679 menibus
1156 631 1212 678 eltis
1254 653 1260 664 x

488 709 666 755 Laomedontem
675 723 751 768 psrvo
760 716 815 769 poet
826 713 931 768 tempure
942 709 1026 767 Troice.
1079 728 1082 732 ·

491 784 545 831 Hue
554 799 645 845 quoque
652 791 676 831 te
684 793 794 844 repetens
804 784 933 845 iterumque
944 783 1075 845 iterumque
1085 783 1210 845 precabor,

397 855 401 862 '
488 862 525 907 Ne
537 861 619 922 procul
631 877 644 908 a
656 861 742 908 nostris
750 867 789 907 tus
801 862 898 908 mandes
909 875 961 908 oses
973 861 1055 923 reponi

487 937 601 983 Ossibnsr
623 944 647 984 et
655 936 762 998 quonism
775 936 863 997 primos
874 936 943 983 simul
953 937 1044 997 egimus
1054 951 1136 994 sunus,

490 1015 548 1061 Gurn
560 1029 657 1076 puerum
669 1021 735 1075 pater
750 1029 780 1059 ex
792 1015 899 1074 Opoente
910 1013 1039 1060 Menoetius
1049 1012 1106 1059 olim

491 1092 531 1136 Me
543 1090 596 1137 tulit
607 1091 636 1138 sd
651 1098 742 1138 vestros
754 1091 833 1137 studio
842 1096 983 1151 properante
994 1094 1102 1150 penates,

486 1169 601 1228 'l'empore
611 1183 657 1227 quo
667 1166 749 1212 infelix
759 1173 836 1212 netum
849 1166 1040 1226 Ampbidsmsnte
1051 1164 1140 1224 peremi
1166 1227 1173 1232 ⁵

492 1243 606 1289 Ludendo
617 1242 721 1290 invitus:
740 1249 790 1289 tum
802 1257 838 1288 me
849 1242 932 1288 domus
943 1240 1029 1300 inclyte
1042 1239 1109 1287 Pelei

493 1320 613 1383 Suscepit,
622 1335 678 1366 oure
688 1326 712 1366 et
720 1326 798 1366 tecum
808 1317 906 1365 nutrivit
914 1318 996 1365 eedem
1006 1333 1013 1364 r

492 1398 561 1442 Nune
572 1397 641 1442 etism
653 1403 732 1442 nustrs
744 1409 798 1441 ussa
809 1409 854 1440 una
863 1395 991 1440 condentur
1001 1393 1024 1440 in
1037 1408 1095 1440 urus

492 1473 619 1532 conjuncte
630 1471 731 1527 aureole,
742 1471 783 1516 sed
796 1486 848 1531 quse
859 1486 943 1531 ospere
954 1478 1051 1531 utreque
1063 1469 1147 1531 possit,

495 1548 571 1605 Quem
582 1548 625 1594 tibi
636 1547 701 1612 (uum
712 1545 821 1610 memini)
832 1548 895 1593 dono
907 1546 973 1594 dedit
986 1547 1074 1606 inelyte
1085 1553 1166 1594 nster.

267 1699 395 1758 Licuisse
410 1717 494 1778 porro
513 1700 539 1757 ei
552 1719 617 1759 esse
630 1697 780 1772 incolumi,
795 1697 849 1758 nisi
863 1697 993 1758 Patrocli
1013 1717 1116 1759 necem
1133 1697 1215 1760 ultus
1230 1706 1318 1772 esset,
1331 1719 1365 1758 eu

267 1791 358 1869 legito
374 1811 439 1870 quae
455 1791 558 1851 Thetis
570 1791 627 1850 ait:
1180 1808 1184 1811 ·

496 1946 527 1994 Et
538 1953 569 2002 ts,
582 1946 643 1993 siout
654 1945 697 2000 ais,
709 1945 756 1992 cite
766 1959 829 1992 mors
839 1951 924 2001 menet,
934 1943 1020 2005 inclyte
1032 1943 1079 1992 fili:

492 2024 540 2072 Sed
551 2022 615 2084 prius
625 2023 745 2070 Hectoreo
756 2022 832 2081 tinges
840 2022 863 2068 iu
873 2021 984 2082 unguine
991 2022 1107 2078 dextrum,

439 2115 441 2118 ·
494 2099 538 2146 cni
550 2099 620 2145 ritem
633 2098 729 2159 eripies,
740 2100 807 2159 ceJ‘us
819 2105 845 2145 tn
855 2098 902 2144 frte
917 2098 1022 2159 sequeris

494 2175 617 2236 Temporis
629 2175 709 2236 exigui
721 2168 805 2236 spatio.
828 2173 945 2230 Siodixit,
956 2180 981 2220 at
990 2173 1025 2222 itti
1076 2198 1079 2204 ·

494 2251 608 2297 Reddidit
618 2266 649 2298 ax
661 2251 707 2298 inro
720 2251 820 2313 suspiria
829 2255 925 2311 pectore
935 2249 1023 2296 ducens

495 2325 571 2374 Filius
582 2326 706 2374 AEscidss:
724 2323 842 2387 eddidern,
851 2324 971 2372 carissimu
980 2330 1062 2379 meter,

495 2403 561 2448 Sicut
571 2401 615 2459 sis,
625 2389 719 2458 murier,
731 2403 823 2464 quenda
831 2402 897 2464 jsost
908 2402 954 2448 ists
966 2415 1069 2448 meorum

494 2480 615 2541 Optimus,
623 2484 647 2527 et
654 2482 724 2540 longe
735 2479 791 2526 buis
799 2480 876 2545 animo
887 2479 1022 2526 osrimimas
1032 2479 1104 2535 idem,
1134 2472 1137 2477 ⁵
1187 2526 1195 2533 ,

495 2557 539 2602 Cui
548 2570 592 2602 nun
602 2557 689 2603 auxilio
697 2555 775 2615 potui,
787 2570 831 2602 non
842 2570 895 2617 asse
906 2554 983 2610 saluti,
1031 2575 1037 2581 ’

494 2632 533 2677 Ne
541 2631 643 2690 procule
655 2631 740 2692 patria,
749 2630 826 2690 Trojse
838 2632 881 2677 sub
892 2630 1078 2687 moeuibussltis,

442 2766 444 2771 Ι
496 2706 588 2751 Hostili
599 2706 694 2752 caderet
703 2708 822 2767 perfossus
834 2712 930 2766 pectora
940 2702 1011 2754 lerru.

241 2906 242 2910 ,
312 2850 360 2907 30.
381 2847 451 2907 Jam
468 2844 519 2922 qui
536 2844 609 2903 nulli
626 2854 778 2923 poetarum
798 2844 942 2923 sapientie
958 2843 1038 2903 cedit
1052 2843 1220 2923 Euripides,
1232 2846 1264 2905 in
1281 2850 1363 2909 rebus

270 2938 483 3000 honestissimis
495 2956 622 2997 amorem
636 2938 802 2997 modestum
818 2954 987 3009 numerans,
999 2937 1126 3015 quodam
1139 2956 1209 2997 eum
1218 2939 1287 3000 loco
1295 2942 1389 3001 roris·

231 3064 235 3077 1
271 3043 428 3113 exoptans,
443 3030 557 3091 sicaits

498 3190 569 3234 Amor
579 3186 708 3242 modestus,
721 3192 745 3233 et
755 3184 848 3262 virtutis
859 3185 959 3240 assecla,

496 3264 540 3311 Est
551 3263 708 3323 expetendus,
720 3262 787 3322 isque
800 3261 919 3325 confinget
928 3262 994 3309 mibi,

272 3411 386 3470 Rursus
394 3411 472 3469 idern
482 3412 609 3488 poetein
616 3412 770 3485 Phoenice,
781 3411 819 3472 de
831 3413 978 3473 calumnia
987 3432 1045 3491 qua
1054 3413 1171 3473 delatus
1181 3414 1282 3473 dierat
1291 3415 1364 3494 apud

204 3554 209 3577 ,
270 3514 393 3583 patrem,
413 3504 595 3589 pronunciat,
610 3524 643 3564 se
656 3504 819 3565 defendens
833 3516 864 3565 et
883 3506 1015 3566 homines
1034 3507 1317 3580 consuefaciamus
1334 3528 1365 3566 er

268 3595 485 3674 suspicionibus
510 3606 561 3653 aut
581 3597 841 3672 criminationibus,
865 3600 918 3658 sed
938 3618 975 3657 ex
989 3608 1126 3660 anteacta
1148 3600 1210 3662 rita
1227 3601 1364 3678 judicium

272 3688 381 3748 saciant
391 3708 399 3747 z

495 3842 546 3889 June
559 3857 621 3903 serpe
636 3844 712 3891 lectus
723 3845 784 3892 acris
794 3844 843 3893 litis
856 3845 949 3910 arbiter,

495 3919 554 3965 (lum
563 3919 636 3967 mults
646 3922 821 3969 ouusurrissent
832 3920 895 3966 diota
907 3919 1012 3978 testium,

496 3995 571 4042 Stulni
581 3995 707 4053 diversum,
717 4012 789 4045 censs
799 3997 914 4043 adductus
925 3989 1000 4045 unica.

496 4073 529 4118 Et
544 4086 588 4132 ego
599 4072 693 4132 quidem
705 4072 825 4139 sie-(ratio
835 4079 863 4120 ut
873 4073 925 4134 ipss
935 4071 1052 4137 postulet)

496 4147 594 4207 Inquiro
605 4163 669 4204 rere,
680 4164 757 4199 nrum
768 4149 861 4197 intuens
871 4148 927 4206 riri,
938 4155 963 4195 st

496 4224 644 4283 Quotidiano
655 4226 711 4273 vite
723 4226 922 4273 consuetudinem.
966 4230 972 4239 '

497 4300 605 4361 Namque
616 4288 776 4363 improborum
787 4303 825 4349 oui
833 4301 912 4362 plsoet
919 4300 1041 4361 roduldus,

495 4374 522 4423 Is
530 4374 571 4437 qui
582 4375 628 4424 siet
635 4377 682 4435 vir,
691 4394 738 4427 uun
746 4392 820 4440 roge:
835 4377 913 4425 sciens
924 4376 991 4433 setis,
1027 4411 1032 4420 -
1078 4420 1083 4433 ,

494 4452 613 4501 Sodrlium
623 4453 690 4503 illum
702 4454 828 4504 conremre
838 4454 952 4503 moribus.
