2967 4950
250 556 560 625 saounnsrom
582 556 861 623 nxcnrrrours
893 556 975 617 eno
999 552 1269 623 rnonmrooa.
1352 601 1358 609 .
1392 520 1396 528 ’

244 719 327 784 Prono
337 717 467 765 mensum
477 716 588 769 nimiost.
594 714 685 763 noodr
691 714 787 761 dnobus
793 712 849 763 filiis
859 728 891 761 ex
902 712 1022 776 Arolrlpps
1032 714 1159 775 metopon,
1164 712 1312 776 Apollodoro
1389 711 1391 717 '

209 804 235 844 ot
246 793 346 852 Pericle,
357 794 520 844 rhombum
528 803 625 857 *serrum
642 806 722 847 sunm.
731 790 772 853 qai
783 790 849 853 prins
859 798 936 841 umen
945 790 1045 839 donatas
1056 791 1164 839 liberata
1176 792 1259 847 fuerat,
1273 798 1311 839 tu·

209 881 284 921 toran
295 872 338 920 hlii
353 879 408 919 natu
420 870 517 919 minoris
532 868 633 919 Periclis
648 868 757 934 reliquit:
775 868 843 929 eique
859 875 955 919 matrem
971 858 1060 929 ¹corrasa,
1071 866 1221 917 concubinam
1237 882 1311 925 snm,

210 950 340 997 dicta'dots
350 962 450 995 uxorem
460 947 535 995 dedit.
551 944 710 1009 Apollodorus
721 944 795 1009 igitur
805 960 858 995 curn
869 946 941 993 luntre
953 944 1115 1010 patrimonium
1127 944 1223 1002 dividit,
1232 959 1313 992 mensa

211 1032 322 1090 excepta,
338 1030 363 1072 et
379 1024 471 1073 officina
483 1031 616 1073 scutorum:
632 1021 675 1071 has
693 1022 754 1072 anim
768 1036 820 1071 cnm
832 1017 944 1071 Phormio
957 1038 971 1070 ι
983 1022 1083 1083 Pusione
1095 1024 1125 1070 ad
1137 1028 1226 1070 certum
1236 1012 1312 1082 qnod-

210 1106 264 1153 dtm
275 1112 369 1166 ternpus
377 1099 537 1153 matrona.
551 1101 650 1152 interim
660 1100 785 1151 locationis
792 1094 913 1150 semissem
925 1110 1023 1165 uterque
1033 1102 1175 1165 occipiehatt
1185 1100 1314 1149 demumst

201 1183 253 1230 'hs
264 1182 387 1245 dividunt3
405 1193 432 1229 so
444 1181 534 1232 onom
546 1181 640 1243 qartus
653 1186 772 1229 tantorum
782 1175 940 1243 Apollodoro,
950 1177 1036 1228 Pasioli
1053 1184 1130 1229 tutam
1146 1170 1312 1227 manssdrtnr.

209 1260 258 1309 aad
268 1265 323 1321 post
333 1266 406 1318 matre
416 1259 487 1309 etiam
495 1259 613 1316 defuneto,
623 1259 721 1319 potitm
732 1263 757 1306 et
765 1259 833 1319 bojas
844 1272 903 1317 nm,
911 1254 1083 1315 Phormionem,
1092 1264 1118 1305 ut
1127 1257 1168 1319 qni
1178 1256 1252 1304 mults
1259 1264 1312 1318 quta

211 1342 341 1384 errassent
353 1342 453 1394 teneret,
466 1341 563 1385 accusat
571 1334 739 1395 Apollodorus.
770 1333 832 1385 Cum
844 1334 916 1397 igitur
926 1334 1047 1383 arbitrium
1058 1334 1104 1383 ribi
1113 1333 1276 1395 sumpsissent,
1286 1333 1313 1379 nt

147 1455 150 1465 ,
211 1404 322 1460 Phormio
337 1413 381 1471 sit,
395 1400 535 1474 Apollodori
553 1410 656 1474 cognati,
675 1410 756 1459 Nicias
773 1419 798 1459 et
814 1412 906 1469 Diniss,
923 1417 947 1458 et
961 1399 1129 1467 Andromenes‚
1147 1412 1312 1472 persuaserunt

210 1488 354 1551 Apollodoro
371 1490 520 1551 nt,nooeptis
531 1489 632 1552 quinqua
647 1488 809 1539 dachararnm
825 1488 938 1546 millibus,
949 1504 1002 1537 oum
1013 1480 1154 1537 Phormione
1165 1486 1312 1548 transigeret.
1384 1503 1386 1507 ·

211 1564 369 1628 Apollodorus
384 1572 461 1615 sutem
482 1572 539 1630 post
555 1579 637 1616 narsus
655 1564 787 1615 Phormioni
811 1562 873 1614 diem
895 1562 958 1614 dixit
976 1564 1214 1629 Aesepia-eloquit
1235 1569 1312 1611 antem

211 1643 286 1691 Attici
297 1643 387 1700 anast,
398 1644 463 1705 qnod
478 1656 522 1691 nos
538 1642 687 1700 honestae
703 1648 749 1699 aot,
759 1643 882 1705 pessmus
895 1655 936 1691 ser
948 1647 1035 1690 sortem
1046 1651 1172 1691 nmen—t
1200 1636 1313 1689 Phormio

213 1726 269 1767 otro
278 1718 420 1783 muriblt,
429 1727 454 1769 ot
466 1720 544 1782 legem
553 1719 653 1771 donor
667 1732 720 1778 qno
733 1721 811 1780 jubet,
825 1720 912 1781 quibus
926 1721 956 1769 de
972 1721 1043 1771 rohos
1056 1716 1145 1783 aliquis
1159 1722 1313 1767 retransretr

211 1798 283 1843 semel
294 1788 395 1859 aliquem
404 1794 501 1846 missurn
511 1795 601 1853 locarit,
610 1811 656 1842 non
668 1795 740 1842 licere
752 1796 828 1843 denno
834 1796 950 1858 judicium
963 1796 1070 1858 adipisci.
1095 1797 1126 1843 Et
1137 1802 1213 1843 tamen
1222 1800 1311 1841 reolum

211 1872 282 1919 etism
290 1871 406 1935 judicium
417 1872 510 1935 refingit
521 1874 617 1928 Orator,
629 1870 774 1919 ostendendo
785 1886 886 1919 mensam
898 1889 944 1921 non
952 1872 1061 1921 hahuisse
1076 1869 1198 1933 pecuniam
1208 1868 1311 1932 peculia·

212 1956 262 1994 rem
272 1944 393 1997 Psslonit:
410 1940 473 2011 quod
490 1957 519 1997 oo
538 1943 602 2004 lecit,
612 1953 639 1995 ut
656 1942 804 2010 praescriptio
821 1948 875 2010 plns
898 1948 994 2005 valeret,
1005 1964 1058 1997 curn
1075 1955 1162 1997 recum
1172 1946 1311 2009 Apollodori
1348 1954 1351 1963 ’

212 2022 326 2075 rodose·
337 2022 449 2075 rmrnm
460 2035 515 2074 erra
526 2024 703 2074 demonstraret.

493 2528 1028 2624 DEMOSTHENIS

638 2751 899 2850 excannio

521 2948 629 3013 PRO
661 2947 1018 3020 PHORMIONE.

248 3121 282 3183 ,1.
294 3118 511 3181 lursmarin
524 3122 653 3203 dicendi,
661 3125 801 3184 etvirium
811 3123 1040 3184 imbecillitatem
1049 3121 1246 3198 Phormionis,
1257 3126 1314 3206 ipsi

101 3278 103 3285 ,
211 3232 314 3274 omnes
328 3214 445 3288 videtis,
457 3217 674 3279 Athenienses:
695 3237 817 3280 necesse
832 3226 930 3278 autem
943 3217 1087 3277 habemus
1109 3234 1163 3278 uos
1185 3219 1249 3298 ejus
1267 3219 1312 3280 ia-

211 3304 349 3377 miliares,
364 3327 488 3386 quorum
500 3311 611 3370 conscii
620 3331 732 3385 sumus,
747 3330 872 3390 quaeque
885 3310 943 3370 hoc
957 3319 1094 3370 narrante
1108 3328 1186 3390 saepe
1201 3312 1314 3371 audivi·

213 3416 288 3469 mus,
301 3418 338 3458 ea
349 3400 458 3459 referre
472 3411 503 3460 et
516 3421 662 3483 exponere
677 3404 772 3476 vobis,
787 3412 819 3463 ut
834 3423 865 3463 re
884 3404 1003 3482 cognita
1017 3412 1047 3463 et
1060 3411 1139 3464 recte
1161 3403 1314 3466 intellecta

211 3492 338 3565 euobis,
351 3513 418 3572 quae
440 3513 526 3574 oequa
546 3505 578 3554 et
595 3496 733 3576 religiosa
753 3496 869 3570 inerint,
885 3496 1058 3556 decernatis.
1100 3497 1312 3578 Exceptionem

211 3593 310 3643 autem
324 3585 523 3664 opposuimus,
537 3607 598 3647 non
622 3589 745 3648 actionis
767 3588 922 3649 eludenda
942 3607 1067 3650 nroraeve
1088 3590 1314 3668 interponenda

210 3675 316 3754 gratia,
337 3677 390 3736 sed
409 3688 443 3737 ut
460 3678 519 3752 hic,
533 3680 583 3740 uhi
603 3680 764 3741 ostenderit
780 3701 811 3741 se
831 3681 901 3740 nihil
922 3681 1041 3742 omnino
1056 3681 1224 3761 deliquisse,
1247 3704 1312 3745 mo-

210 3767 298 3827 lestia
310 3768 429 3828 tandem
442 3789 494 3849 per
505 3791 559 3856 ros
573 3783 745 3834 constanter
763 3774 909 3848 liberetur.
952 3773 1030 3834 Nam
1048 3793 1116 3853 quae
1136 3775 1215 3855 apud
1236 3777 1311 3838 alios

210 3859 344 3920 homines
357 3861 441 3922 firma
453 3872 484 3922 et
501 3875 565 3925 rata
582 3876 661 3938 sunt,
676 3875 761 3926 extra
773 3876 901 3926 vestram
921 3865 1105 3941 sententiam,
1119 3887 1156 3928 ea
1173 3867 1312 3932 Phormio

207 3957 345 4036 praestitit
357 3958 464 4033 omnia,
478 3970 519 4033 et,
528 3981 696 4042 quanquam
709 3964 803 4024 multa
816 3963 961 4024 beneficia
973 3965 1004 4024 in
1014 3964 1224 4044 Apollodorum
1239 3989 1311 4029 con-

209 4050 289 4123 tulit·
301 4049 408 4123 omnia,
422 4071 490 4132 quae
503 4053 603 4116 relicta
609 4057 665 4116 'isti
679 4066 710 4116 et
718 4056 877 4117 commissa
891 4057 946 4116 sibi
958 4057 1085 4129 fuerant,
1100 4058 1187 4118 solvit
1197 4059 1311 4140 riteque

209 4142 339 4216 tradidit,
361 4152 392 4202 et
412 4145 547 4206 omnibns
566 4146 706 4228 deinceps
729 4148 897 4210 criminibus
915 4149 1055 4210 liberatus
1072 4149 1139 4223 fuit,
1154 4161 1262 4226 tamen,
1277 4167 1311 4215 ut

152 4239 156 4244 '
209 4231 492 4316 videtis‚postquam
510 4237 589 4300 hunc
604 4241 666 4320 jam
685 4241 761 4302 serre
783 4260 841 4300 non
860 4250 959 4321 potest
970 4242 1180 4322 Apollodorus,
1196 4247 1311 4320 actione

122 4402 126 4412 ‘
209 4336 391 4386 contraeunt
404 4327 507 4407 viginti
519 4330 694 4392 talentorum
708 4332 851 4406 instituta,
866 4335 1070 4394 calumniatur.
1112 4336 1200 4398 Dabo
1211 4348 1310 4404 autem

209 4435 329 4499 operam
344 4430 376 4480 nt
396 4421 434 4481 ab
453 4421 536 4484 initio
555 4425 654 4486 omnia
677 4437 744 4507 quae
762 4425 831 4487 hnic
852 4445 922 4504 curn
944 4426 1070 4492 Pasione
1085 4437 1115 4488 et
1129 4429 1310 4510 Apollodoro
