2967 4950
468 289 686 359 ADVERSUS
709 290 985 355 PHAENIPPUM.
1211 298 1280 359 <607

181 449 247 531 quid
260 449 343 509 hisce
358 446 389 506 in
402 465 487 506 usum
502 446 670 527 reipublicae
683 458 816 526 prestes,
828 448 966 510 didicisti.
988 448 1052 529 Ego
1065 467 1136 510 vero
1151 449 1276 511 demon-

182 544 276 603 strabo
289 547 350 611 me',
363 538 497 620 pauculis
511 549 621 619 epatre
637 540 775 619 acceptis,
789 540 882 601 multu
895 541 1094 620 insumpsisse.
1135 541 1195 603 Sed
1215 544 1274 622 pri·

183 656 256 695 mum
271 634 370 713 legem
390 630 469 691 illam
483 631 553 690 milri
566 631 667 709 legito,
682 650 749 711 quse
763 652 823 692 non
837 632 905 693 sinit
917 633 1074 713 quicquam
1088 634 1168 713 quod
1180 634 1211 694 in
1228 635 1274 695 fo·

182 729 256 789 dinis
271 737 320 787 est
333 725 492 796 declarare,
505 734 536 783 et
550 726 792 802 provocationem,
807 725 913 785 deinde
926 726 1101 798 testimonia,
1114 736 1148 786 ut
1159 736 1277 789 constet

181 821 373 911 Phrenippnm
387 818 462 877 duas
475 816 627 879 munificas
638 816 765 879 familias
778 816 948 879 hereditate
959 829 1162 881 consecutum.

365 1048 459 1121 LEX.
501 1044 779 1109 PROVOCATIO.
820 1045 1090 1107 TESTIMONIA.

223 1234 252 1293 8.
268 1232 365 1298 Unica
378 1230 524 1289 duntaxat
537 1226 691 1306 Phaenippi
709 1226 792 1286 istius
806 1224 837 1284 in
850 1243 914 1300 sos,
927 1226 1060 1298 ludices,
1079 1228 1277 1289 munificentia

183 1324 298 1387 ostendi
308 1332 418 1404 potest.
459 1320 558 1401 Equos
572 1319 695 1379 solerter
709 1327 740 1377 et
753 1337 862 1396 magno
876 1318 973 1378 studio
987 1318 1048 1391 alit,
1060 1329 1092 1378 ut
1104 1320 1277 1381 adolescens

183 1428 212 1479 et
223 1416 356 1497 locuples
371 1426 402 1475 et
414 1415 562 1474 robustus.
597 1410 755 1480 Quodnam
765 1412 827 1491 ejus
841 1410 881 1471 rei
896 1420 1099 1491 argumentum
1112 1411 1178 1471 esti
1195 1414 1277 1473 Ven-

183 1510 244 1571 dito
256 1529 333 1589 equo
345 1507 453 1569 bellico
466 1506 503 1567 ab
519 1503 602 1584 equis
622 1503 785 1591 descendit,
799 1513 830 1563 et
849 1521 903 1583 pro
918 1523 953 1564 eo
973 1503 1139 1563 vehiculum
1152 1504 1207 1564 sibi
1219 1506 1278 1565 ista

183 1612 269 1663 etate
284 1601 473 1682 compararit,
490 1608 525 1658 ut
545 1617 583 1657 ne
603 1596 696 1676 pedes
716 1596 991 1675 ambulet-usque
1009 1597 1084 1657 adeo
1096 1593 1208 1657 deliciis
1222 1598 1278 1658 iste

184 1696 396 1755 diffluit—:et
412 1694 468 1753 hoc
486 1690 604 1772 quidem
629 1689 697 1748 milri
719 1688 884 1767 descripsit,
909 1689 962 1748 sed
984 1688 1086 1749 hordei
1111 1700 1142 1749 et
1167 1690 1226 1749 vini
1248 1686 1279 1751 e't

184 1790 354 1849 coet'erorum
379 1807 445 1867 quae
464 1806 481 1845 e
497 1784 589 1851 fundo
603 1782 777 1862 proveniunt
799 1800 835 1840 ne
857 1781 1000 1840 decimam
1017 1782 1135 1862 quidem
1155 1793 1280 1863 partem.

186 1881 290 1961 Operae
311 1881 437 1961 pretium
461 1878 593 1939 nimirum
618 1884 665 1935 est
685 1894 753 1933 eum
772 1893 852 1933 nunc
871 1873 991 1933 missum
1015 1875 1122 1948 facere,
1140 1877 1278 1954 quoniam

183 1976 355 2035 industriam
375 1992 458 2033 snam
472 1981 502 2032 et
515 1969 637 2050 reipubl.
648 1967 780 2029 studium
799 1975 862 2026 tum
880 1963 1001 2045 corpore
1013 1975 1076 2026 tum
1089 1967 1278 2041 facultatibus

183 2066 363 2129 declararitl
385 2064 513 2125 Multum
524 2072 604 2124 certe
613 2063 705 2122 abest.
747 2059 986 2120 Bonorumenim
1004 2059 1138 2139 judicum
1155 2070 1211 2132 est,
1226 2080 1278 2121 eos

183 2162 261 2223 cives
283 2160 345 2240 qui,
363 2179 431 2220 curn
452 2178 514 2218 rem
532 2157 655 2234 habent,
674 2155 752 2215 ultro
764 2153 938 2233 largiuntur,
960 2154 1009 2232 qui
1031 2153 1059 2213 in
1083 2163 1278 2214 trecentorum

181 2256 277 2316 classe
290 2263 371 2321 sunt,
385 2252 410 2313 si
422 2251 453 2311 id
467 2252 508 2312 eis
518 2268 592 2330 opus
607 2247 704 2319 fuerit,
720 2247 871 2307 relaxare:
889 2246 909 2304 ii
920 2265 988 2306 vero
1002 2246 1052 2325 qui
1066 2266 1097 2307 se
1112 2246 1141 2306 id
1155 2247 1278 2326 perdere

182 2358 297 2429 putant,
309 2345 389 2425 quod
400 2344 429 2405 in
444 2343 652 2423 rempublicam
661 2340 846 2411 contulerint,
859 2339 891 2404 in
904 2358 955 2399 eos
968 2340 1019 2418 qui
1037 2339 1121 2419 primi
1138 2340 1279 2401 tributum

184 2442 338 2502 conserunt
360 2446 429 2499 sunt
449 2435 605 2508 referendi,
616 2436 711 2512 neque
724 2432 950 2514 permittendum
964 2441 996 2493 ut
1008 2431 1132 2513 fugiant.
1158 2498 1162 2509 ,
1174 2432 1279 2496 Recita

183 2534 307 2614 primum
320 2531 525 2604 testimonium,
535 2528 642 2589 deinde
656 2524 881 2586 declarationem
894 2525 969 2605 ejus.

418 2746 723 2809 TESTIMONIUM.
766 2745 1038 2806 DEanuATlo,

185 2933 298 2994 Omitte
320 2931 384 3004 ists,
399 2931 455 2990 etsi
478 2931 554 2991 euim
577 2931 671 2990 multa
694 2928 782 2987 domo
803 2925 917 3000 extulit,
934 2926 1069 3001 ludices,
1081 2925 1279 3008 'Phoeoippua

186 3026 338 3104 resignatis
351 3023 482 3085 aediticiis
491 3026 564 3103 'quae
585 3023 760 3102 consignata
776 3021 903 3093 fuerant,
916 3031 949 3080 ut
961 3022 1044 3081 robis
1058 3040 1078 3081 a
1089 3022 1213 3082 testibus
1226 3043 1278 3082 ex-

186 3120 326 3200 plicatum
338 3129 394 3191 est,
412 3127 442 3178 et
454 3117 560 3178 relictis
574 3136 641 3196 quse
656 3115 682 3176 ei
695 3115 757 3174 visa
768 3124 848 3186 sunt,
859 3113 989 3172 meando
1002 3133 1102 3172 mense
1116 3113 1186 3171 milri
1196 3112 1278 3174 dedit

186 3211 412 3286 declarationem
424 3210 466 3270 rei
479 3208 643 3277 familiaris:
666 3207 719 3268 sed
738 3216 837 3265 tamen
850 3204 951 3265 omitte
965 3204 1030 3266 ista.
1072 3203 1177 3266 Recita
1190 3207 1227 3272 ab
1240 3225 1277 3266 eo

183 3306 251 3366 loco
265 3304 414 3390 deinceps,
425 3304 519 3383 Super
531 3300 576 3362 his
590 3301 656 3362 haec
671 3299 773 3360 debeo.

595 3516 876 3577 DECLARATIO.

186 3679 307 3740 Desine.
324 3737 326 3744 ,
348 3676 410 3738 Ista
424 3675 589 3752 Aristonus,
604 3675 623 3734 J
626 3674 735 3745 udices,
750 3673 920 3734 Philostrati
934 3673 994 3734 filia
1005 3683 1060 3747 est,
1073 3674 1156 3735 istius
1174 3684 1277 3737 mater.

185 3773 222 3834 Ei
241 3791 275 3832 se
294 3769 473 3850 Phaenippns
494 3768 594 3829 dotem
615 3766 722 3828 debere
742 3767 825 3840 dicit,
838 3768 922 3847 cujus
944 3787 1010 3826 eum
1033 3766 1114 3846 leges
1128 3768 1278 3831 dominum

183 3863 377 3933 constituunt,
392 3862 422 3923 in
435 3881 494 3942 qno
506 3861 645 3924 mentitur
658 3871 688 3920 et
709 3879 768 3921 non
785 3861 868 3940 justa
884 3861 975 3920 utitur
988 3859 1175 3921 indicatione.
1216 3861 1279 3924 Cur

182 3953 613 4036 enimego,1²htenippe,cum
638 3963 730 4014 mater
751 3971 817 4012 mea
837 3961 954 4014 maneat
972 3951 1003 4010 in
1025 3951 1139 4014 sedibus
1157 3955 1230 4016 meis
1246 3962 1279 4012 et

184 4051 264 4112 viret
284 4058 319 4108 et·
337 4048 436 4108 dotem
459 4046 597 4114 attulerit,
613 4045 712 4106 dotem
736 4046 800 4126 ejus
822 4045 853 4105 iu
871 4065 930 4106 sare
944 4043 1039 4108 alieno
1060 4067 1120 4108 non
1137 4049 1279 4110 teccnseo

184 4161 279 4225 neque
290 4140 408 4222 decipio
421 4138 555 4210 Judices,
569 4138 622 4214 sed
636 4157 766 4198 mearum
779 4159 867 4220 opum
880 4137 945 4198 sino
955 4138 1127 4220 participem
1139 4157 1205 4198 esse
1214 4156 1277 4198 me·

182 4245 269 4308 trem,
283 4233 344 4295 sisa
361 4230 524 4312 Phenippi,
538 4230 600 4292 sive
610 4249 691 4292 meas
704 4232 830 4292 habeam
843 4230 1020 4300 facultatesl
1042 4229 1215 4301 Quia,bone
1224 4229 1279 4302 vir,

185 4327 266 4406 leges
279 4327 346 4387 haec
352 4325 468 4405 jubent,
482 4334 514 4385 tu
530 4335 628 4385 autem
643 4333 746 4385 contra
755 4324 838 4403 leges
849 4323 891 4384 ais
902 4323 1010 4384 omnia.
1052 4322 1157 4384 Recita
1169 4320 1262 4398 alind.-
