2967 4950
521 314 687 386 CONTRA
708 318 910 390 NBAEMM·
1191 331 1251 393 ⁷⁷³

165 496 168 504 ¹
203 473 250 534 lt.
264 471 292 532 d
305 469 472 552 Phryniuus
484 471 572 552 igitur
584 482 706 561 ruuattu
718 473 748 539 iu
754 473 910 556 judicium,
920 478 959 541 ab
973 476 1108 546 usum
1120 481 1151 546 iu
1164 481 1252 547 liber·

157 573 250 626 tutem
269 571 421 638 mserum,
434 572 466 624 et
477 565 516 628 ob
533 582 656 644 samua
676 567 734 632 ista
758 567 847 632 duma
864 569 927 650 ejus
940 590 1060 651 egressa
1072 574 1251 656 abstulisset,

157 657 475 738 suceptsscournuatis
487 658 529 722 eis
545 658 700 724 familiares
718 679 899 740 persuasere,
913 675 948 725 ut
961 665 1017 729 eibi
1029 667 1178 731 arbitrium
1200 670 1253 730 de‘·

156 751 276 812 ferrent.
333 750 382 810 Ac
406 769 459 829 pru
482 749 650 830 Phryniune
678 751 755 815 sedit
776 755 883 817 arbiter
907 756 1029 837 Satyrus
1052 759 1252 838 Alopecensis,

155 843 245 903 frater
258 841 483 916 Lacedaemonii,
496 862 549 922 pro
561 843 712 922 Stephano
726 845 844 908 Subrius
852 847 1053 927 Lampreusis:
1067 871 1252 915 communem

157 945 257 998 autem
271 935 329 1001 sibi
347 935 516 1000 adsciscunt
530 935 717 1014 Diogitonem
728 937 958 1004 tabernensem.
1001 943 1041 1005 Hi
1057 945 1208 1023 congressi
1221 946 1252 1006 in

157 1028 279 1108 templo,
293 1029 393 1090 audita
410 1050 442 1091 re
460 1049 496 1090 ex
516 1039 641 1109 utruque
656 1039 687 1092 et
708 1049 746 1096 ex
759 1030 825 1110 ipsa
842 1033 973 1106 muliare,
989 1038 1164 1101 senteutiam
1178 1038 1252 1100 tute

158 1133 238 1202 rant,
252 1142 374 1202 eamque
397 1121 439 1184 illi
458 1133 552 1188 ratam
570 1123 752 1190 habuerunt:
772 1126 923 1190 mulierem
939 1147 1004 1191 esse
1019 1129 1150 1201 liberam,
1164 1142 1195 1192 et
1206 1132 1252 1193 sui

151 1213 240 1294 juris.
280 1217 356 1284 Qua
375 1235 443 1276 veru
469 1234 487 1278 a
509 1215 676 1297 Phryuinna
699 1237 818 1298 egressa
837 1239 938 1284 ascum
960 1220 1125 1295 extulisset,
1147 1235 1254 1302 preter

156 1317 279 1382 vatem,
293 1327 406 1379 aurum,
420 1317 451 1370 et
474 1309 606 1382 nucula,
620 1330 689 1389 quar
702 1311 817 1376 mulieri
838 1322 938 1392 empta
961 1324 1071 1384 essent,
1094 1315 1253 1395 Phrynioui

156 1401 310 1463 reddenda
322 1421 388 1462 esse
400 1402 516 1464 amuis:
537 1403 652 1484 cupium
665 1423 734 1468 veru
748 1405 793 1468 sui
806 1405 902 1469 facere
916 1405 1024 1469 debere
1036 1407 1153 1486 utrique
1166 1409 1253 1470 alter.

79 1503 81 1508 ’
154 1494 202 1553 uis
225 1493 353 1557 dicbuaz‘
371 1494 418 1556 aiu
431 1493 514 1557 aliter
531 1495 606 1558 inter
627 1515 679 1558 eos
699 1499 878 1571 conveniret,
889 1498 921 1559 id
935 1519 1053 1577 qunque
1071 1510 1168 1563 ratum
1186 1521 1253 1567 esse

155 1599 308 1667 oportere:
337 1588 447 1648 vietum
472 1597 569 1651 autem
583 1589 696 1652 mulieri
721 1591 759 1652 ah
782 1610 818 1654 eo
841 1593 1099 1671 suppeditandum,
1116 1595 1167 1672 qui
1188 1616 1254 1656 sam

153 1700 271 1760 qnoque
285 1691 416 1760 tempure
429 1683 567 1742 haberet:
590 1701 624 1750 ac
637 1683 676 1744 de
698 1693 796 1744 cetero
813 1685 888 1746 iuter
901 1703 933 1744 se
946 1685 1103 1748 amicitiam
1116 1686 1160 1748 uti
1173 1688 1253 1749 culu-

155 1783 232 1847 rent,
245 1773 361 1854 abjecta
374 1774 514 1835 memoria
526 1774 703 1855 injuriarum.
745 1776 874 1838 Decreta
884 1776 972 1856 igitur
984 1779 1024 1838 ab
1032 1779 1145 1839 arbitris
1158 1778 1253 1862 Phry,

154 1865 237 1926 aioni
250 1877 280 1926 et
294 1865 445 1945 Stephano
458 1867 495 1928 de
507 1867 613 1928 Neaera
624 1869 682 1930 ista
694 1868 902 1941 marciliano,
916 1868 981 1930 haec
995 1878 1051 1931 est.
1092 1871 1167 1939 Quae
1184 1892 1253 1934 rere

153 1977 236 2021 ame
249 1958 308 2018 dici
321 1958 364 2018 uti
381 1959 626 2033 manachorum
646 1961 728 2022 vobis
742 1961 941 2024 testimenium
953 1962 1128 2024 recitabitur.
1170 1965 1254 2028 Vuua

153 2053 227 2115 mihi
250 2053 388 2133 Satyrum
412 2055 638 2134 Alopecenrem,
666 2055 1040 2136 SabriamLamprensem,
1059 2056 1251 2136 Diogitunem

154 2145 387 2206 Acharneuaem.
716 2159 725 2164 ⁴

550 2293 857 2364 TESTIMONIUM.

188 2427 288 2490 Satyrus
296 2426 457 2490 moneamuis,
464 2427 558 2483 sibun
569 2430 726 2492 murensis,
737 2431 1001 2493 Dicgitodahurucusis,
1009 2437 1147 2494 suuntur
1158 2447 1183 2480 σθ
1191 2431 1253 2488 tubi·

42 2527 46 2540 ·
153 2506 198 2567 pir
209 2506 374 2565 reanumlirtus
383 2522 434 2557 essa
444 2507 622 2571 Stephanumet
635 2508 792 2573 Phryuiuuem
803 2510 833 2556 de
842 2510 927 2557 Neara
938 2524 999 2555 uuna
1011 2525 1052 2557 reu
1066 2510 1202 2578 litigantes:
1217 2526 1254 2559 re·

153 2582 323 2633 conciliationis
333 2589 411 2633 autam
423 2599 462 2633 aas
473 2583 544 2633 fuisse
556 2584 701 2633 conditiones
712 2601 771 2647 quas
782 2586 891 2635 exhibeat
901 2586 1065 2647 Apollodorus.
1124 2593 1127 2598 '

430 2792 434 2802 ·
529 2758 877 2824 RECONCILIATio.

185 2890 234 2941 lits
248 2887 420 2939 conditionibus
434 2890 613 2939 reconciliatum
627 2892 782 2953 Phryniursm
796 2898 820 2937 et
832 2892 984 2955 Stephanum,
997 2892 1081 2938 Naaera
1091 2900 1189 2954 uterque
1201 2889 1254 2936 tuti·

151 2970 209 3021 dem
217 2969 269 3017 dies
276 2967 363 3019 mensis
374 2973 452 3015 utatur
460 2976 529 3031 utque
542 2968 603 3031 apud
613 2983 639 3015 ss
650 2968 743 3025 habeat,
754 2967 800 3016 uisi
810 2968 869 3018 alter
880 2968 947 3015 atteri
959 2965 1023 3014 aliud
1034 2967 1187 3014 concesserit.
1238 3025 1242 3032 ¹

157 3108 201 3168 Ut
215 3117 311 3167 autem
329 3108 470 3168 intereos
485 3114 672 3177 convenerat,
689 3104 739 3185 qui
752 3106 867 3186 utrique
881 3106 911 3166 in
925 3105 1042 3165 arbitrio
1057 3102 1209 3174 affuerant,
1224 3113 1255 3163 et

154 3200 365 3279 uuuuuversia,
380 3200 457 3259 sicut
477 3199 536 3260 fere
560 3198 635 3259 solet
654 3200 716 3261 fieri
737 3209 891 3278 perpetuo,
914 3198 1076 3278 praesertim
1090 3218 1158 3263 cum
1176 3197 1252 3264 inter

153 3312 208 3355 eus
220 3292 258 3356 de
273 3301 370 3353 scorto
380 3304 525 3372 ageretur,
538 3292 576 3353 ad
589 3312 704 3355 coensm
716 3290 828 3355 itarunt
840 3293 877 3354 ad
891 3302 1047 3369 utrumque
1062 3293 1172 3362 aarum,
1183 3308 1252 3357 suut

153 3388 292 3447 Naturam
314 3386 471 3447 haberent:
496 3387 562 3466 ipsa
579 3394 609 3447 et
623 3396 818 3454 coucoeuanta
838 3398 868 3448 et
893 3394 1090 3465 computante.
1111 3395 1252 3464 tanquan

42 3481 50 3497 “
151 3479 316 3541 meretrice.
358 3479 433 3548 Quen
448 3500 548 3541 verca
566 3480 691 3547 medici
715 3491 750 3539 ut
772 3488 899 3556 constet,
913 3500 988 3543 voca
1000 3479 1071 3543 mihi
1092 3490 1183 3548 testea
1202 3478 1252 3557 qui

152 3592 214 3634 una
234 3572 391 3647 affuerunt,
406 3574 553 3635 Eubulum
567 3573 772 3647 Probalisium,
785 3573 956 3653 Dispithem
971 3574 1166 3644 Melitensem.
1182 3573 1252 3637 Cte-

151 3687 282 3730 suname
297 3665 438 3729 Ceramia.
545 3662 549 3667 ’

543 3806 850 3869 TESTIMONIUM.

184 3937 291 3987 Eubulus
302 3938 454 3995 Probalisiur,
464 3936 588 3999 Dispithes
600 3938 740 3997 Mefitausis,
753 3943 825 3992 (itere
842 3948 860 3996 e·
873 3938 987 3995 Ceramia,
996 3946 1119 3995 testantur,
1130 3946 1251 3999 postquam

151 4016 255 4078 Phryniu
266 4022 290 4063 et
300 4016 429 4077 Stephanus
440 4016 469 4061 de
478 4016 563 4063 Neara
570 4016 594 4061 in
606 4016 701 4077 gratiam
712 4017 832 4073 redierint,
841 4033 903 4078 supe
915 4032 940 4063 se
948 4032 1096 4083 cuncoeuasse
1107 4016 1150 4071 eir,
1159 4022 1184 4061 'et
1191 4029 1253 4061 cum·

150 4102 245 4157 potesse
256 4108 309 4143 snut
316 4096 399 4143 Neaera
407 4108 467 4141 nanc
476 4110 524 4150 rea,
532 4101 579 4143 tarn
588 4108 640 4143 cum
649 4096 710 4157 apud
717 4096 860 4159 Stephanum
872 4104 934 4145 esset
946 4097 1038 4151 Natura,
1049 4110 1116 4157 quam
1124 4107 1177 4139 eum
1189 4092 1251 4152 apud

150 4172 316 4235 Firryniouenr.

195 4289 242 4347 15.
265 4284 340 4356 Earn
353 4284 442 4365 igitur
457 4288 493 4349 ab
507 4285 589 4349 initio
609 4286 700 4355 fuisse
714 4306 841 4365 servam,
853 4298 883 4350 et
896 4283 1114 4355 venditemus,
1128 4293 1157 4342 et
1169 4302 1250 4363 quoe-

151 4390 230 4441 stum
243 4378 350 4443 fecisse
364 4396 495 4459 corpure,
510 4391 544 4441 ut
557 4380 749 4457 meretricem,
763 4392 793 4443 at
809 4400 827 4443 a
840 4380 1008 4461 Phryuinue
1027 4378 1152 4455 Megara
1165 4377 1251 4439 auita
