2967 4950
286 252 346 311 700
595 251 813 315 ADVERSUS
833 251 1067 319 POLYCLEM.

287 411 354 468 csta
376 416 410 465 ut
431 404 654 495 ipse‘wveoirern,
678 410 703 471 si
722 428 789 471 cnm
811 410 920 471 triremi
941 429 1002 491 non
1025 410 1136 473 liceret.
1177 410 1260 473 Uxor
1282 429 1367 493 porro,

286 514 382 604 quam.
391 518 450 579 ego.
459 500 679 582 ιιοίοιιιιιιιιιι,
692 502 785 582 longo
797 510 928 583 tempore
942 504 1063 569 absente
1076 523 1124 565 me
1132 502 1283 580 decubuit,
1295 505 1367 566 liberi
1442 497 1443 530 r

282 589 432 667 pereites
446 592 592 654 familiaris
603 595 747 655 obserata.
762 603 876 655 tanturn
889 604 987 657 autem
1001 595 1096 657 abfuit
1108 605 1142 657 ιιι
1153 596 1217 677 agri
1227 596 1373 677 quicquam
1442 641 1443 654 ,

285 682 404 765 ferrent,
430 696 521 747 uteo
544 707 621 749 enno
649 689 729 769 putei
750 688 839 749 etiam
857 708 944 774 aqua
964 689 1170 765 deicerentur,
1185 690 1267 771 quod
1288 692 1367 751 nostis

285 794 397 850 omnes,
412 800 474 843 nec
481 782 589 843 olera
581 802 610 841 m
631 784 715 843 horto
732 793 918 855 crescerent;
909 782 1096 845 ·creditores
1113 794 1222 857 autem,
1234 803 1310 845 anno
1326 802 1368 843 ex·

284 878 362 943 acto,
381 872 545 951 praedium
536 876 665 935 rnrasuri
682 885 777 949 erant,
790 874 848 935 nisi
867 875 910 937 eis
927 874 1047 936 credito
1064 876 1200 955 pecunie
1213 886 1247 937 ut
1258 895 1367 957 syngra-
1442 881 1443 904 ³

283 960 350 1039 phoe
358 963 504 1043 jubebant
515 968 718 1029 redderentur
1442 1021 1443 1032 ,

326 1057 374 1116 17.
396 1058 470 1127 Quae
487 1079 555 1120 oum
573 1070 603 1121 et
620 1060 736 1122 nunciis
757 1071 788 1122 et
805 1061 1031 1123 domesticorum
1049 1025 1140 1123 literis
1160 1081 1366 1142 cognoscerem,
1442 1059 1444 1121 i

282 1165 343 1225 quo
365 1168 412 1210 me
436 1150 529 1213 fnisse
553 1153 650 1213 auimo
673 1152 796 1233 putatis,
811 1163 864 1214 aut
880 1164 1023 1235 quantum
1043 1153 1155 1215 iudirse
1177 1154 1367 1237 lacrymarum,
1442 1155 1444 1210 ζ

282 1242 387 1319 partim
408 1254 569 1323 praesentes
594 1245 784 1309 difficultates
808 1257 1004 1328 reputantem,
1016 1248 1122 1329 parum
1144 1247 1242 1309 ridere
1265 1248 1368 1308 deside·
1442 1277 1443 1284 ι

280 1335 667 1412 rsutemiiberosnxorem,
677 1348 708 1415 et
717 1348 839 1400 matrem
849 1358 938 1419 quam
947 1339 1092 1400 virentem
1101 1339 1286 1404 inrenbrrnm
1296 1357 1369 1419 rpem
1442 1405 1444 1443 ,

281 1438 399 1490 tenuem
411 1432 577 1495 habebam?
598 1434 713 1501 Quibus
726 1433 799 1514 quid
812 1443 858 1495 est
866 1432 976 1495 bomini
985 1432 1113 1506 dulcius,
1124 1445 1178 1494 ιιιι
1188 1432 1263 1513 quid
1271 1443 1368 1509 estcur
1442 1455 1444 1510 ζ

279 1520 325 1581 his
349 1524 468 1585 orbatus
493 1526 645 1607 qnisquam
659 1526 729 1587 velit
752 1526 871 1587 vireret
892 1527 1190 1605 Quanqunmantem
1208 1524 1251 1587 its
1264 1542 1367 1587 mecum
1442 1513 1444 1586 i

279 1616 430 1694 agebatur,
443 1638 502 1683 non
517 1620 608 1699 pluris
620 1630 722 1681 tameo
739 1619 803 1695 ieci,
817 1640 867 1681 res
886 1638 968 1681 mens
986 1619 1125 1700 privatus,
1138 1637 1226 1698 qnam
1245 1631 1368 1693 uestras:
1442 1611 1443 1618 '

280 1705 334 1765 sed
348 1718 480 1788 oportere
494 1714 595 1773 censui
613 1733 661 1773 me
682 1732 737 1773 nec
753 1712 928 1793 pecuniariis
943 1712 1107 1794 sumptibus
1126 1732 1183 1774 uec
1196 1711 1367 1774 detrimentis
1442 1761 1443 1774 ,

279 1798 321 1859 rei
334 1798 483 1863 familiaris
500 1824 557 1865 nec
570 1806 671 1878 morbo
685 1804 784 1869 uxoris
798 1813 830 1865 et
841 1805 941 1866 matris
960 1806 1162 1878 succumbere,
1174 1824 1214 1865 ue
1230 1803 1299 1884 quis
1310 1802 1367 1863 ori·
1442 1865 1443 1876 ,

278 1891 436 1955 minaretur
448 1918 495 1957 me
504 1896 549 1959 vei
564 1898 680 1959 ordines
694 1897 867 1970 deseruisse,
875 1898 924 1959 vel
936 1897 1082 1963 triremem
1093 1916 1190 1959 meam
1201 1896 1278 1971 nulli
1289 1896 1367 1956 fuisse
1442 1892 1444 1900 ’

278 1988 343 2047 usui
357 1992 534 2071 reipublicae.
566 1990 626 2051 Pro
640 1991 748 2070 quibus
762 1991 899 2051 omuibus
911 1989 990 2051 banc
1004 1988 1113 2050 euobis
1126 1998 1227 2071 repeto
1241 1988 1367 2069 gratiam,

277 2090 311 2141 ut
324 2084 573 2162 quemadmodum
587 2103 643 2164 ego
661 2102 795 2163 promen
813 2083 880 2145 ioco
896 2093 986 2164 atque
998 2083 1096 2144 officio
1114 2102 1164 2143 me
1182 2083 1269 2144 robis
1291 2083 1366 2142 obse-
1442 2125 1443 2130 η

276 2188 415 2253 quentem
428 2188 516 2258 atque
537 2176 638 2237 utilem
656 2176 780 2257 prmbui,
795 2176 838 2236 sic
853 2196 908 2237 ros
922 2194 1039 2255 quoqne
1060 2194 1141 2236 nnuc
1162 2173 1222 2233 mei
1234 2174 1367 2235 rationem
1442 2209 1443 2224 ι

275 2265 420 2345 habeatis,
432 2281 522 2349 utque
545 2269 674 2329 omnium
698 2286 885 2347 eorumquae
903 2268 965 2329 dixi
983 2267 1067 2330 robis
1089 2277 1121 2327 et
1142 2267 1365 2329 testimoniorum
1442 2259 1443 2270 ’

274 2380 342 2439 quse
355 2364 480 2442 produxi
494 2372 524 2423 et
536 2361 718 2423 decretorum
731 2379 885 2431 memores,
904 2369 966 2421 tum
980 2356 1169 2419 mibieffecto
1181 2358 1295 2435 injuriis
1307 2379 1367 2420 suc·
1442 2351 1443 2362 ’

275 2454 408 2530 curratis,
417 2465 480 2516 tum
492 2472 544 2516 vos
557 2454 636 2535 ipsos
650 2452 843 2528 ulciscemini,
855 2462 918 2514 tnm
929 2474 994 2534 qum
1002 2472 1057 2534 pro
1066 2452 1125 2530 isto
1136 2451 1365 2535 insumpsi-resti·

274 2546 375 2608 tuotis.
416 2546 580 2627 Numquis
602 2546 710 2625 alioqui
732 2566 818 2608 sunm
842 2566 913 2625 erga
930 2565 983 2608 ros
1007 2545 1137 2615 studium
1159 2544 1367 2617 declarabitsi
1442 2548 1443 2623 ᾗ

273 2658 369 2718 neque
382 2640 468 2702 bouis
488 2652 521 2702 et
536 2641 616 2701 dicte
637 2638 825 2700 audientibus
843 2639 952 2700 referre
974 2638 1109 2718 gratim,
1122 2658 1220 2717 neque
1233 2638 1365 2720 improbis
1442 2694 1443 2701 ,

270 2738 304 2792 et
316 2732 406 2794 vestri
418 2731 667 2814 contemptoribus
679 2750 782 2825 poenas
792 2733 921 2811 irrogare
932 2730 1111 2796 videamini?
1130 2730 1266 2812 Legetur
1279 2743 1366 2792 nutem

273 2824 355 2885 vobis
369 2833 400 2885 et
417 2825 477 2898 lex,
489 2835 519 2886 et
532 2834 666 2906 sumptus
687 2812 771 2884 finito
788 2824 972 2905 proiecturae
990 2833 1122 2904 tempore
1141 2843 1195 2905 pro
1212 2824 1306 2886 istos
1323 2843 1364 2884 me

269 2917 350 2978 iacti
362 2918 540 2999 singulatim,
554 2929 584 2979 et
603 2917 686 2980 naris
699 2917 877 2992 desertores,
888 2926 1030 2997 qnantum
1046 2916 1181 2998 quisque
1184 2937 1365 2980 nummorum
1442 2906 1443 2995 ᾗ

270 3031 339 3074 oum
359 3013 461 3094 iugum
485 3021 624 3093 caperent
643 3009 808 3085 abstulerit,
829 3020 860 3070 et
881 3029 939 3089 quo
952 3010 1180 3085 ,se-contulerit,
1198 3021 1236 3072 nt
1263 3030 1363 3092 cogno

270 3107 370 3179 emtis,
384 3126 431 3168 me
444 3125 540 3187 neque
553 3125 633 3165 nunc
644 3104 726 3187 apud
738 3122 793 3165 vos
805 3102 919 3166 mentiri
932 3104 1101 3184 quicquam,
1111 3122 1208 3242 neque
1222 3106 1313 3168 etrum
1321 3123 1364 3166 sn·
1442 3174 1443 3179 ἵ

267 3199 378 3279 periore
391 3208 578 3279 tempore.
622 3245 624 3250 -
1442 3196 1443 3275 J

312 3294 360 3352 le.
381 3291 446 3370 Ego
455 3310 533 3351 eorm
543 3311 586 3352 ιιι
600 3292 734 3354 existimo
747 3301 778 3353 et
790 3301 907 3372 tempus
920 3245 1073 3352 definitum
1086 3236 1244 3370 iegibus
1217 3312 1286 3353 erne
1298 3310 1363 3371 que·
1442 3326 1443 3339 ι

267 3385 331 3445 rela
350 3393 449 3444 vestra
470 3383 654 3454 obeundum
683 3395 714 3446 et
737 3394 954 3466 contemptores
975 3393 1038 3444 tum
1059 3385 1149 3445 vestri
1171 3395 1239 3446 tum
1262 3386 1443 3467 legum,1

267 3477 372 3558 quibus
386 3477 586 3559 obtemperare
607 3477 722 3552 nolunt,
742 3499 761 3538 a
779 3497 827 3538 me
851 3478 931 3559 apud
954 3496 1006 3538 ros
1024 3476 1198 3557 injuriarum,
1216 3477 1365 3538 convictos
1442 3478 1443 3557 J

267 3588 334 3632 esse
346 3567 542 3630 ulciscendos.
570 3567 674 3647 Neque
688 3589 769 3644 vero,
781 3569 986 3644 mihicredite,
995 3588 1062 3630 mea
1070 3588 1165 3633 causo
1175 3571 1363 3650 magisqunm
1442 3606 1443 3643 4

266 3670 365 3723 restra
378 3661 529 3743 Polyclem
550 3661 654 3723 ulcisci
673 3662 899 3743 studemusque
917 3671 980 3722 tem
998 3663 1180 3768 superiorum
1199 3671 1363 3749 temporum
1442 3718 1444 3746 ,

263 3753 439 3816 trierarchos
453 3773 532 3815 nureo
544 3754 628 3816 robis
648 3775 715 3816 esse
734 3755 833 3827 velim,
846 3774 937 3835 quam
955 3755 1082 3834 prospici
1073 3755 1211 3828 futuris,
1227 3766 1264 3816 ut
1276 3772 1363 3833 neque

265 3845 296 3906 bi
310 3845 360 3926 qui
373 3865 494 3908 munero
507 3848 617 3908 obeunt
629 3867 740 3908 ammos
754 3847 967 3928 despondeant,
980 3866 1076 3926 neque
1085 3845 1362 3925 successoresieges
1442 3876 1443 3881 ι

264 3947 462 4011 contemnant,
478 3937 530 3999 sed
551 3938 590 3999 nd
612 3959 702 4002 nares
726 3942 845 4013 abeant,
866 3961 934 4002 cum
957 3940 1249 4020 fuerintdesignati.
1292 3940 1361 4008 Quo
1442 4002 1443 4005 ,

263 4031 347 4092 vobis
360 4029 519 4110 cogitanda
532 4041 600 4092 sunt
618 4044 652 4092 ιιι
664 4041 751 4094 recte
772 4043 804 4093 et
816 4053 883 4094 vere
902 4033 941 4093 de
962 4033 1048 4097 rebus
1062 4034 1197 4094 omnibus
1206 4032 1360 4112 judicetis.
1442 4062 1444 4097 ι

258 4124 409 4203 Perquam
423 4119 520 4183 autem
540 4125 654 4186 euobis
668 4145 799 4205 querere
815 4127 914 4200 velim,
933 4126 1065 4200 iudices,
1079 4147 1139 4206 quo
1152 4127 1183 4186 in
1196 4147 1250 4187 me
1269 4125 1360 4187 auimo

183 4241 185 4248 v
262 4217 353 4278 futuri
365 4216 480 4290 essetis,
489 4217 524 4287 si,
535 4215 617 4277 finito
629 4236 695 4278 rueo
708 4228 838 4300 tempore
850 4220 965 4300 istoque
975 4219 1013 4279 ad
1023 4239 1128 4284 navem
1142 4239 1202 4279 uon
1218 4220 1360 4291 veniente,
1442 4236 1444 4295 ι

205 4299 208 4305 ’
262 4310 330 4373 nuri
343 4309 460 4386 diutius,
470 4311 594 4392 jubente
606 4310 785 4391 imperatore,
799 4333 859 4376 uon
872 4313 1065 4396 prsefnissem,
1078 4314 1134 4378 sed
1147 4313 1360 4390 ιιιιειιιιιιιιι
