2967 4950
319 209 339 254 *t

232 265 291 330 792
582 263 742 326 ORATIO
764 263 980 327 Funestam.

232 432 361 488 statuere
373 422 555 504 nonpossint
569 421 641 501 qnid
659 421 708 484 oui
722 421 762 484 sit
778 421 1005 502 praeterendum.
1045 419 1109 482 Sed
1125 420 1204 482 dabo
1224 428 1321 480 umen

230 531 364 598 operum
375 517 427 598 qui
425 519 504 578 ritus
517 515 633 578 illorum
644 515 718 576 ordo
727 515 794 588 tuis,
807 516 934 576 eundem
944 525 976 576 ot
987 513 1081 595 orado
1092 532 1160 576 mea
1170 525 1206 574 ut
1217 523 1322 575 servet.

231 609 312 672 Nam
324 609 359 669 hi
368 611 465 670 statim
477 610 509 668 in
521 605 655 668 omnibus
667 607 787 698 puerilis
800 609 896 670 setatis
906 608 1009 669 studiis
1023 608 1105 668 fuere
1122 608 1259 681 illustres,
1272 628 1323 668 ex-

232 701 396 763 nemus·
378 722 417 762 ns
432 719 660 782 quaequumque
673 710 792 762 atatem
806 700 983 775 decerent,
965 720 1060 781 usque
1072 699 1249 781 placuerunt
1259 699 1325 778 qui

230 796 286 856 bns
308 804 435 876 parest,
452 794 632 874 parentibus,
644 793 757 866 amicis,
770 792 951 874 propinquis.
992 795 1124 863 Quarum
1143 811 1241 853 rerum
1259 803 1325 852 tun·

231 904 318 968 quarn
340 888 464 966 vestigia
486 904 566 946 nune
588 905 752 967 agnoscens
775 888 965 966 cognatorum
979 898 1067 968 atque
1084 887 1246 946 amicorum
1264 906 1324 947 me-

231 979 324 1040 moria
350 979 473 1059 singulis
499 979 581 1038 boris
606 999 707 1041 eorum
733 979 876 1040 desiderio
902 981 1039 1052 ardescit,
1065 980 1165 1040 multis
1199 979 1325 1040 subinde

184 1136 186 1142 ,
232 1071 416 1134 monimentis
435 1091 535 1132 earum
557 1072 691 1145 laudum,
712 1073 817 1149 quibus
840 1072 882 1130 illi
899 1073 1072 1152 praestitere,
1095 1072 1327 1132 occurrentibus.

232 1163 392 1242 Postquam
404 1181 472 1226 vero
486 1163 525 1223 ad
537 1163 648 1224 virilem
659 1173 777 1224 aetatem
789 1175 993 1242 pervenerunt,
1004 1185 1064 1224 non
1077 1164 1157 1244 apud
1170 1165 1250 1225 eires
1261 1175 1327 1224 tan-
1387 1241 1392 1252 ι

232 1266 305 1329 tum,
321 1257 375 1340 sed
396 1257 484 1317 etiarn
506 1256 586 1336 apud
608 1256 741 1317 homines
754 1257 916 1330 universos,
930 1259 1039 1338 ingenii
1063 1258 1108 1317 sui
1125 1259 1326 1338 praestantiam

122 1349 124 1354 '
231 1341 423 1412 illustrarunt.

269 1445 299 1501 7.
321 1443 376 1504 Est
397 1441 483 1513 enim,
497 1449 541 1500 est
564 1437 708 1500 universa
727 1439 842 1500 virtutis
863 1451 898 1500 ut
917 1442 1058 1521 sapientia
1079 1442 1265 1522 principium,
1285 1442 1327 1502 sic

232 1535 373 1598 lortitrdo
386 1533 544 1612 perfectio:
566 1542 596 1592 et
610 1543 640 1592 ut
654 1531 705 1592 illa
718 1553 785 1614 quoe
799 1534 915 1612 agenda
928 1545 996 1594 sunt
1006 1535 1145 1607 decernit,
1158 1536 1201 1596 ita
1213 1536 1280 1595 haee
1292 1555 1328 1596 ea

231 1638 340 1690 tuetur.
381 1627 513 1694 Quarum
536 1633 658 1706 utraque
678 1625 710 1684 hi
733 1625 858 1685 multum
881 1626 1090 1688 excelluerunt.
1140 1629 1217 1688 Nam
1241 1639 1281 1703 et,
1304 1631 1330 1689 si

232 1720 313 1800 quod
327 1737 480 1780 commuue
494 1717 606 1780 Graecis
615 1717 749 1778 omnibus
762 1718 922 1798 periculum
936 1718 1100 1798 ingruebat,
1109 1720 1141 1780 hi
1154 1721 1240 1800 primi
1252 1743 1328 1802 proe-

232 1813 368 1874 riderunt
381 1821 410 1872 et
431 1831 510 1891 saepe
530 1829 631 1871 omnes
651 1811 691 1870 ad
716 1811 915 1871 defensionem
931 1812 1074 1872 exhortati
1088 1824 1173 1874 sunt:
1203 1816 1234 1874 id
1249 1820 1328 1894 quod

232 1914 281 1966 est
293 1903 381 1966 ani-mi
394 1903 546 1983 prudentis
557 1902 682 1984 signum.
724 1903 764 1963 Et
777 1923 845 1964 curn
859 1904 1030 1964 Graecorum
1043 1906 1148 1984 partim
1162 1907 1329 1985 ignorantia

233 1996 337 2075 partim
352 1995 480 2074 ignavia,
494 1995 563 2054 dum
586 1993 785 2075 impendentia
805 1995 883 2055 mala
901 2015 1004 2055 cavere
1026 1995 1089 2056 sine
1107 1997 1236 2077 periculo
1258 2000 1329 2062 licu-

231 2088 315 2160 isset,
324 2087 371 2148 vel
385 2107 445 2147 non
458 2087 632 2166 praevideret
642 2087 688 2147 rel
700 2086 908 2162 dissimularet,
921 2098 1030 2159 tamen,
1041 2098 1076 2149 ut
1091 2102 1253 2169 paruerunt
1263 2096 1329 2154 offi-

233 2182 337 2261 cioque
359 2181 444 2259 iungi
470 2179 634 2250 voluerunt,
649 2179 764 2258 abjecte
785 2178 954 2259 injuriarum
978 2181 1127 2254 memoria,
1149 2183 1242 2244 duces
1266 2204 1329 2248 sese

234 2273 359 2355 professi
378 2271 573 2353 praestitisque
587 2271 721 2332 alacriter
741 2273 876 2333 omnibus
893 2273 1086 2353 exhibitisque
1107 2285 1138 2335 et
1159 2279 1331 2357 corporibus

183 2393 186 2399 ·
233 2377 264 2428 et
285 2364 473 2447 paenulast
494 2365 591 2436 sociis,
603 2365 675 2425 belli
695 2365 853 2430 discrimen
872 2366 1026 2426 adieruntr
1047 2367 1077 2425 in
1100 2386 1161 2446 quo
1184 2389 1240 2429 nec
1260 2371 1330 2431 vitae

233 2480 295 2529 sues
317 2468 521 2542 pepercerunt.
573 2459 651 2519 Cum
674 2469 773 2519 sutem
793 2460 926 2540 praelium
946 2459 1145 2535 committitur,
1162 2466 1331 2527 necessario

231 2555 340 2626 evenit,
353 2564 387 2613 ut
401 2554 449 2613 alii
472 2556 673 2625 succumbent,
688 2553 737 2613 alii
750 2552 880 2614 vincant.
922 2554 1029 2615 Dicere
1042 2566 1141 2619 sutem
1160 2576 1221 2617 non
1245 2558 1330 2619 dubi·

234 2644 407 2719 tem,rideri
421 2646 491 2705 mihi
511 2665 562 2705 eos
576 2647 631 2725 qui
647 2647 783 2725 utrinque
800 2647 830 2705 in
850 2647 912 2708 soie
935 2648 1136 2723 occubuerint,
1150 2658 1213 2708 tum
1236 2651 1329 2712 cladis

235 2747 364 2819 eeoeptae
379 2747 522 2817 expertes,
535 2748 597 2797 tum
615 2738 723 2818 pariter
745 2728 885 2818 utrosque
897 2740 1023 2823 victores
1044 2760 1122 2800 esse.
1164 2742 1243 2822 Nam
1256 2743 1331 2805 inter

234 2832 362 2893 uiuentes
377 2849 478 2889 eorum
492 2850 559 2891 esse
571 2830 694 2891 victoris
707 2831 833 2914 ducitur,
851 2832 958 2911 quibus
971 2852 990 2891 a
1004 2833 1059 2893 diis
1078 2834 1129 2893 ills
1142 2836 1328 2897 conceditur:

234 2924 318 3005 quod
329 2934 426 2984 autern
445 2923 484 2984 ud
503 2944 571 2985 earn,
587 2924 777 2993 obtinendam
789 2925 988 3004 requirebatur
1009 2927 1176 3006 asingnlis,
1199 2928 1230 2987 id
1252 2930 1329 3008 quis-

232 3018 297 3098 quis
311 3016 437 3079 serravit
446 3016 561 3078 ordines
575 3017 717 3097 prestitit.
759 3018 819 3083 Qui
838 3019 863 3077 si
880 3018 967 3078 homo
980 3031 1069 3078 natus
1090 3020 1152 3080 fsto
1174 3024 1330 3095 concessit,

233 3131 388 3192 perpessus
400 3110 448 3170 ille
462 3110 580 3189 quidem
592 3110 622 3169 id
642 3111 781 3189 estquod
801 3111 926 3171 fortunae
938 3112 1034 3171 visum
1047 3111 1113 3186 fixit,
1126 3114 1262 3175 hostibus
1279 3136 1330 3177 au-

233 3214 294 3264 tem
307 3205 403 3265 animo
414 3224 472 3263 non
487 3202 650 3265 succubuit.
694 3204 773 3271 Quin
786 3204 874 3264 etiam
887 3204 1029 3275 existimo,
1044 3224 1103 3284 quo
1120 3208 1219 3267 minus
1232 3208 1330 3270 hostes

234 3298 384 3374 regionem
405 3306 533 3355 nostram
560 3296 731 3371 invaserint,
756 3307 864 3375 prester
896 3296 1127 3357 adversariorum
1155 3302 1329 3373 socordiam,

234 3388 340 3448 horum
351 3408 476 3467 'quoque
500 3388 637 3449 virtutem
659 3388 751 3448 fuisse
772 3409 900 3449 emisam.
941 3389 1019 3449 Nam
1036 3389 1089 3469 qui·
1108 3399 1170 3449 tum
1187 3393 1250 3453 illic
1262 3411 1332 3454 oon·

235 3480 378 3551 dixerunt,
399 3480 503 3539 viritim
522 3480 655 3559 periculo
675 3482 856 3560 singulorum
877 3483 966 3553 lacto,
991 3481 1090 3542 denuo
1112 3477 1217 3544 Martis
1239 3486 1330 3548 aleam

235 3589 304 3633 cum
326 3570 439 3631 illorum
462 3570 597 3650 cognatis
620 3572 744 3650 experiri
764 3573 932 3645 noluerunt,
948 3574 1150 3634 existimantes
1168 3574 1233 3636 fore
1245 3587 1279 3638 ut
1290 3579 1332 3637 in·

237 3664 330 3743 geniis
343 3664 482 3725 similibus
492 3675 687 3737 occurrerent,
702 3664 756 3723 sed
768 3685 829 3725 non
842 3686 908 3726 esse
923 3665 1009 3726 facile
1024 3666 1148 3726 similem
1162 3667 1263 3730 denuo
1275 3672 1333 3731 ior-

236 3766 339 3816 tunam
348 3756 478 3836 adipisci.
519 3757 607 3826 Quod
621 3756 662 3817 ita
675 3775 751 3830 esse,
764 3757 811 3817 rel
825 3758 948 3817 maxime
963 3758 1051 3817 factae
1065 3758 1153 3819 etiarn
1168 3764 1251 3839 pacis
1264 3779 1332 3824 con·

237 3846 362 3908 ditiones
376 3850 550 3909 ostendunt:
572 3869 627 3909 nec
641 3848 719 3909 enim
738 3850 796 3909 dici
816 3860 914 3929 potest
927 3870 1018 3910 eausa
1041 3851 1105 3911 ulla
1116 3853 1163 3912 vel
1176 3855 1273 3916 verior
1289 3854 1333 3915 rel

236 3939 448 4001 honestiorem
462 3941 689 4002 adversariorum
703 3942 840 4002 dominus
855 3942 1061 4003 defunctorum
1074 3946 1250 4007 necessariis
1264 3950 1333 4007 smi-

238 4054 291 4095 cus
310 4035 382 4107 fieri,
404 4054 493 4113 quam
516 4035 612 4094 denuo
626 4034 664 4095 de
679 4054 793 4095 summa
809 4056 906 4095 rerum
924 4037 1064 4097 dimicare
1081 4038 1226 4109 maluerit,
1247 4061 1334 4146 quarn

222 4179 224 4183 .
238 4127 351 4187 virtutis
371 4147 472 4186 eorum
486 4128 646 4188 admiratio.
688 4128 822 4188 Arbitror
836 4138 945 4202 sutem,
959 4129 983 4188 si
997 4129 1064 4208 quis
1079 4150 1129 4190 eos
1148 4130 1228 4211 ipsos
1241 4134 1293 4212 qui
1306 4135 1334 4192 in

239 4220 310 4279 acie
315 4226 459 4279 steterunt
472 4227 566 4297 roget,
582 4228 678 4277 utrum
693 4220 859 4280 existiment
871 4240 904 4280 se
918 4231 1024 4325 suapte
1036 4223 1154 4294 virtute,
1176 4245 1215 4285 an
1237 4226 1336 4306 inspe-

239 4320 303 4371 rats
322 4312 520 4393 etimpotsnti
538 4312 665 4386 fortuna,
688 4332 749 4372 rem
771 4315 847 4373 bene
867 4314 1006 4394 gessisse,
1022 4315 1126 4394 suique
1154 4318 1336 4397 imperatoris

238 4402 340 4479 peritia
351 4414 382 4465 et
394 4406 515 4469 audacia
527 4418 557 4469 et
571 4405 764 4481 animositate,
778 4407 924 4468 nerninem
942 4407 984 4469 ita
1005 4408 1052 4469 rel
1072 4410 1274 4491 impudentem
1288 4404 1335 4475 rel
