2967 4950
166 349 173 356 ,
248 274 297 362 es]
595 297 638 356 ιιι
660 289 996 388 crusrrrronnunr.

249 469 325 524 rens,
339 452 422 530 quasi
436 468 505 510 vero
518 449 624 522 Boeoti,
638 451 733 528 reipsa
746 449 881 529 injurium
894 450 986 527 pessi,
999 413 1029 506 in
1047 447 1154 506 callido
1169 443 1346 508 nemausa

136 543 139 548 ’
249 546 294 604 nis
309 546 461 603 verborum
475 550 614 603 contextu
630 542 858 619 acquiescerent,
876 559 911 600 ac
924 541 983 600 non
996 540 1217 620 potiusdanrne
1230 537 1282 601 illa
1299 558 1348 601 ec·

249 627 334 716 tepta
352 636 518 715 gratissime
532 643 633 694 essent
651 633 759 692 laturi:
780 633 885 691 deinde
899 633 1068 692 bellicorum
1088 641 1258 712 sumptuum
1273 633 1346 691 duas

249 737 348 808 partes
358 729 442 789 vobis
453 727 618 806 adscripsit,
632 725 682 804 qui
691 725 809 804 longius
821 745 839 784 e
853 724 983 804 periculo
994 725 1130 796 eboratis,
1144 725 1347 784 seruam-dhe·

248 822 345 890 banis,
361 831 473 899 turpem
486 820 518 877 in
529 820 575 878 his
588 818 710 896 singulis
722 827 870 895 quaestum
885 825 1065 896 aucupatum
1089 815 1252 895 imperium
1262 818 1347 876 marie

250 913 355 971 timum
369 928 437 970 curn
452 911 509 970 illis
522 910 760 983 communicavit,
775 911 936 989 impensam
950 909 1067 990 proprie
1077 919 1205 969 vestram
1225 929 1288 968 esee·
1302 929 1348 967 oo·

151 1069 156 1078 ,
250 1007 322 1069 ιιιὶιι
345 1011 489 1074 terrestre,
504 1003 527 1061 ei
545 1002 632 1080 nugis
645 1001 801 1080 indulgere
815 1003 962 1073 nolumus,
978 1012 1075 1061 toturn
1084 1011 1206 1079 prorsus
1220 1003 1260 1061 ad
1272 1003 1347 1060 The·

250 1098 344 1156 banos
359 1095 519 1166 transtulit,
535 1094 611 1154 adeo
628 1104 662 1152 ut
680 1095 710 1153 in
720 1113 760 1152 eo
776 1095 855 1172 quod
870 1104 971 1152 natum
985 1102 1031 1153 est
1044 1095 1121 1153 bello
1140 1093 1279 1154 Stratocli
1294 1093 1348 1152 im-

250 1188 376 1266 peratori
390 1195 489 1246 vestro
509 1187 590 1246 iacta
599 1202 662 1245 non
675 1187 712 1244 sit
722 1186 759 1245 de
774 1186 896 1244 militum
913 1187 1007 1245 salute
1021 1186 1194 1246 consulendi
1208 1195 1348 1264 potestas

252 1280 358 1358 Neque
371 1298 440 1338 vero
452 1280 517 1338 haec
529 1277 779 1356 egoincusossalii
793 1278 1025 1356 pretermitteret,
1040 1275 1094 1337 sed
1107 1289 1138 1339 et
1150 1297 1208 1357 ego
1220 1289 1347 1338 comme

247 1386 334 1430 'moro
348 1368 741 1447 et'omnes-reprehendunt'
754 1377 785 1427 et
804 1389 857 1428 vos
877 1370 957 1428 scitis
980 1389 1076 1448 neque
1096 1369 1278 1429 irascimini·
1300 1369 1348 1430 Sis

249 1458 327 1519 enim
342 1461 371 1518 in
386 1461 617 1521 Demosthenem
632 1461 703 1519 estis
714 1460 834 1518 animnti
845 1479 851 1519 r
864 1459 1037 1520 -insueristis
1049 1463 1109 1541 jam
1121 1462 1207 1520 istius
1221 1461 1348 1521 insieme

250 1553 397 1627 exaudire,
409 1564 443 1611 ut
456 1552 534 1610 nihil
541 1551 666 1630 amplius
680 1551 833 1621 miremini.
869 1554 909 1611 At
922 1570 979 1612 nen
993 1553 1035 1613 ita
1049 1554 1150 1613 fecere
1160 1571 1222 1613 uos
1225 1563 1349 1632 opertet,

250 1645 305 1703 sed
318 1644 477 1722 indignari,
492 1644 544 1702 sed
558 1646 661 1704 acmhe
675 1644 788 1723 punire,
801 1643 944 1722 siquidem
953 1643 1065 1724 reliqua
1077 1645 1186 1706 civitati
1197 1639 1349 1725 benepro
1433 1721 1438 1728 ι

250 1750 395 1815 speroque
406 1735 727 1815 cultisprecedere
1141 1777 1144 1783 -
1207 1773 1211 1778 ·

247 1830 341 1886 46.
365 1827 532 1888 Secundam
545 1841 615 1886 ve'ro
627 1838 659 1886 et
667 1828 817 1887 antedicta
829 1828 923 1888 nutrito
943 1831 1104 1907 graviorem
1122 1831 1257 1909 injuriam
1270 1829 1349 1900 feeit

251 1930 320 1977 cum
332 1927 477 1978 sensium
499 1920 660 1998 populique
685 1921 870 1999 majestatem
894 1921 1010 1999 penitus
1034 1922 1132 1981 turrim
1152 1921 1300 1981 submouit
1320 1932 1350 1980 et

251 2010 368 2068 Thebas
382 2013 411 2068 in
425 2010 587 2070 Cadmeam
610 2009 752 2082 traduxit,
766 2013 856 2070 rebus
870 2012 976 2072 nostris
990 2031 1057 2072 curn
1082 2007 1251 2072 Boeotornrn
1271 2011 1348 2092 prim

251 2101 371 2181 cipibus
379 2104 515 2180 pactione
530 2103 610 2162 fecte
623 2103 868 2172 communicatis·
885 2099 958 2182 quin
972 2114 1167 2163 cenetensem
1182 2104 1238 2164 sibi
1258 2104 1348 2163 demi-

250 2194 400 2252 nutionem
414 2192 603 2271 comparauit,
619 2194 723 2272 etjam
744 2211 910 2256 conscenso
929 2208 1070 2275 suggestu
1086 2197 1225 2276 glorietur
1238 2213 1272 2256 ss
1291 2209 1349 2275 qun

248 2285 323 2343 -velit
333 2285 463 2362 legatum
471 2286 685 2388 protecturum,
695 2287 812 2346 etiamsi
825 2307 881 2346 vos
892 2307 961 2346 non
958 2289 1133 2354 mitteretis·
1154 2289 1274 2368 qued
1250 2307 1280 2348 er
1286 2287 1348 2366 quis

247 2376 457 2454 imperatorum
472 2394 498 2433 er
490 2374 735 2446 contradiceret,
757 2395 819 2451 quo
837 2390 993 2452 praetores
1000 2381 1029 2437 in
1051 2382 1219 2448 servitutem
1238 2380 1349 2459 redigat

246 2480 362 2546 eosque
376 2464 552 2527 assuefaciat
571 2484 609 2523 ne
623 2464 679 2524 sibi
691 2464 928 2541 refragarentur,
944 2470 1069 2531 minetur
1083 2492 1122 2531 se
1137 2475 1279 2552 suggssd
1297 2490 1347 2532 ne·

251 2560 330 2617 ruine
348 2552 430 2617 liter'n
449 2560 661 2616 intentaturum
681 2548 836 2635 proet‘orior
858 2558 943 2635 plura
962 2558 1039 2617 enirn
1066 2564 1103 2621 sd
1122 2580 1176 2622 vos
1194 2560 1350 2625 commode

251 2665 308 2708 sua
321 2669 413 2728 opera
425 2670 442 2708 e
456 2658 710 2727 suggesto,quem
723 2666 776 2726 per
788 2648 979 2726 imperatorer
991 2668 1010 2709 e
1024 2654 1160 2729 pruteno
1172 2656 1349 2732 pervenisse.

255 2740 291 2799 ln
297 2751 426 2800 externo
446 2751 544 2799 eutem
557 2740 699 2810 exercitu,
712 2758 780 2797 cum
794 2758 834 2797 ex
857 2740 1009 2819 ordinibus
1022 2760 1082 2801 nen
1104 2747 1260 2823 completis
1271 2764 1348 2826 qne·

253 2842 331 2892 setim
344 2834 465 2903 meret,
473 2832 604 2891 militare
618 2824 798 2911 stipendium
808 2832 962 2904 furaretur,
972 2844 1004 2893 et
1016 2833 1119 2895 decent
1133 2837 1184 2896 illa
1193 2839 1289 2899 millis
1301 2858 1349 2899 ex·

250 2938 401 2988 aemorum
414 2926 539 2985 militurn
550 2924 808 3003 Amphirseusibua
818 2925 955 2985 mercede
964 2926 1087 3005 eeccpte
1095 2927 1219 3001 locaret,
1228 2932 1351 2991 mettun

249 3019 323 3079 licet
335 3021 502 3085 obtestante
514 3026 547 3076 et
567 3016 798 3076 incensionibus
818 3016 974 3095 quiritenm
994 3036 1051 3091 me,
1069 3011 1350 3103 eivitatiimperatss,

193 3170 197 3175 ,
249 3112 393 3191 surreptis
415 3107 605 3169 mercenariis
621 3106 941 3189 sulddiie,perieuiuur
963 3126 1108 3170 summum
1128 3113 1238 3192 injecit.
1274 3117 1351 3183 Quid

253 3204 330 3263 enim
343 3203 453 3283 putetis
467 3201 633 3280 Philippum
647 3202 827 3279 temporibus
842 3202 899 3260 illis
914 3202 943 3259 in
957 3200 1033 3263 votis
1047 3202 1206 3265 hebuissei
1236 3208 1306 3268 Non
1320 3218 1353 3268 nt

254 3296 371 3354 seorsim
395 3313 463 3355 cum
476 3295 588 3351 urbana
602 3285 680 3363 acie,
698 3294 820 3351 seorsim
837 3312 915 3353 cum,
926 3294 1080 3356 conduotis
1103 3298 1197 3377 copiis
1219 3302 1260 3359 nd
1281 3303 1351 3362 Am·

248 3386 383 3464 pirissam
398 3383 581 3445 decertaret?
602 3381 727 3443 Graecos
746 3392 830 3443 tante
842 3385 931 3464 plage
950 3396 1072 3467 accepte
1095 3390 1279 3453 exanimatos
1299 3414 1352 3473 op

249 3476 412 3555 primereti
425 3476 475 3532 ·Et
487 3484 586 3533 tamen
599 3475 703 3534 horum
723 3474 852 3535 omniurn
866 3475 1009 3537 melorum
1023 3479 1121 3558 opifex
1135 3478 1354 3544 Demosthenes
1376 3488 1381 3495 '

248 3568 396 3634 nonsatis
408 3567 508 3638 hebet,
522 3567 547 3625 si
560 3586 662 3645 peenas
680 3566 824 3645 effugerit,
840 3570 892 3629 sed
906 3570 960 3629 nisi
973 3572 1061 3630 etiem
1073 3590 1162 3632 eursu
1174 3592 1285 3635 corone
1298 3577 1353 3636 de·

253 3668 350 3730 netur,
363 3659 516 3763 indignum
537 3668 640 3737 putat:
662 3678 758 3737 neque
771 3660 807 3722 ei,
822 3660 930 3721 sufficit
949 3664 1126 3741 preconium
1151 3683 1252 3727 coram
1271 3669 1356 3728 vohis

162 3784 176 3813 r
252 3751 404 3827 lieri,sed
413 3751 469 3810 nisi
483 3762 515 3809 et
528 3769 627 3810 eorem
641 3749 776 3810 Grecis
774 3752 965 3829 predicetur,
987 3754 1139 3814 ferendum
1162 3769 1264 3837 neget
1307 3761 1356 3819 Ita

249 3843 389 3903 nimirum
402 3860 493 3920 prava
505 3843 619 3903 indoles
632 3861 770 3924 magnam
778 3854 957 3922 potestatem
967 3845 1076 3927 adepte
1088 3851 1222 3927 publices
1234 3868 1357 3933 semper

245 3935 375 3996 excudit
383 3935 579 3995 calamitates
681 3979 684 3983 ι

244 4042 263 4075 ι
292 4034 344 4088 47.
359 4025 464 4087 Tertia
476 4044 546 4087 nero
559 4036 590 4088 et
602 4048 780 4108 superiorum
794 4029 923 4089 emnium
944 4032 1302 4115 musdmeest'injurie,
1316 4040 1357 4101 tle

246 4134 318 4202 qua·
327 4142 393 4182 sum
407 4122 550 4181 dicturus
585 4123 669 4180 Cum
677 4122 754 4180 enim
769 4121 922 4201 Philippus
935 4124 1060 4185 Grecos
1072 4144 1132 4185 uon
1142 4136 1359 4205 cmtemneeet,

245 4221 309 4299 nec
322 4206 605 4304 ignoraret-eneque
619 4213 706 4272 enirn
710 4213 902 4292 intelligentie
915 4216 1080 4277 ceruit-se
1099 4218 1138 4277 de
1158 4218 1250 4280 bonis
1259 4222 1358 4283 torm-

245 4291 355 4384 iisque
365 4305 517 4366 omnihus
509 4324 539 4363 ιιι
547 4321 637 4383 parvo
647 4302 776 4364 dieculae
768 4306 876 4393 spatio
889 4324 955 4367 esse
969 4307 1357 4393 decentissimumque&-

255 4398 448 4475 circopacem
469 4397 566 4457 facere
590 4396 689 4466 vellet,
710 4396 884 4477 legatosque
902 4402 1045 4461 missurus
1064 4410 1159 4469 estete
1181 4418 1251 4463 eum
1274 4406 1358 4465 The-
