2967 4950
227 318 288 377 erc
501 314 726 380 coruscus
741 302 1053 380 Μισιιιιιτυιι.

227 472 340 552 patrem
355 470 670 556 suum'l'heopompum
681 474 802 535 evicisse
814 475 1015 535 haereditatem
1030 474 1116 548 hunc,
1125 496 1178 537 vos
1189 476 1225 551 ei,
1235 472 1324 537 ludi-¹

226 586 287 641 ces,
301 567 483 645 respondete,
490 567 640 629 mulierem
653 568 776 628 eandem
791 568 913 628 evicisse
927 568 1126 629 hereditatem
1139 569 1221 649 prius
1231 571 1320 631 etiarn

225 676 313 737 quom
326 658 547 739 Theopompum
569 660 724 721 Macartnti
744 661 867 739 patrem,
882 671 913 721 et
925 661 1006 740 juste
1021 660 1144 721 evicisse
1158 662 1318 733 mulierem,

225 760 258 809 ut
276 750 342 829 quae
358 761 435 811 esset
450 772 467 811 e
482 750 592 812 familia
612 752 749 832 Hagnioe‚
764 752 921 822 Eubulidas¹
941 752 1003 813 iilia
1020 752 1162 832 patruelis
1177 754 1319 833 Hagnioe:

226 840 447 923 Theopompum
460 854 559 904 autem
575 864 634 903 non
647 844 778 916 evicisse,
793 844 846 903 sed
860 844 1021 923 decepisse,
1036 856 1069 904 ut
1081 844 1132 923 qui
1144 865 1181 906 ex
1191 846 1318 925 Hagnie

224 932 334 997 familia
347 936 465 997 omuino
479 956 537 996 non
552 951 639 997 esset.
672 936 750 996 Haec
771 956 822 997 vos
841 936 877 1008 ei,
891 937 1022 1011 ludices,
1033 938 1217 1017 respondete,
1230 948 1319 1018 atque

224 1026 298 1088 illud
323 1028 423 1102 etiarn,
446 1030 569 1107 puerum
590 1030 669 1090 hunc
692 1029 878 1101 Eubulidem,
894 1030 1047 1091 Eubulidas
1063 1032 1165 1105 filium,
1180 1032 1323 1112 Ha'gnire,

224 1124 308 1195 cujus
321 1131 367 1180 est
379 1121 544 1194 haereditas,
558 1121 682 1202 patrueli
694 1122 836 1200 genitum,
850 1142 906 1182 nec
920 1144 939 1184 a
951 1122 1142 1204 Theopompo
1159 1126 1317 1185 Macartati

224 1222 317 1294 patre,
336 1232 430 1291 neque
451 1216 487 1273 ab
508 1214 570 1291 ullo
594 1213 758 1275 mortalium
783 1235 911 1295 unquam
934 1234 999 1276 esse
1020 1217 1153 1278 victum:
1182 1229 1213 1277 et
1238 1238 1317 1279 nunc

223 1306 448 1366 controversiam
463 1316 494 1367 et
502 1306 646 1386 judicium
660 1326 734 1377 esse,
750 1307 788 1367 de
801 1307 973 1370 haereditate
987 1310 1124 1390 Hagnioe,
1136 1310 1206 1371 huic
1216 1313 1318 1373 Eubu-

223 1397 291 1457 lidae
304 1398 364 1459 filio
376 1409 407 1459 et
421 1399 585 1459 Macartato
605 1400 653 1459 isti
672 1398 732 1459 filio
753 1402 943 1481 Theopompi,
957 1422 1082 1482 quorum
1103 1413 1169 1464 uter
1187 1404 1317 1485 aequiora

223 1491 321 1552 dicere
334 1502 365 1552 et
378 1490 498 1572 legibus¹
507 1492 599 1571 magis
613 1503 809 1553 consentanea
821 1493 976 1568 videbitur,
995 1496 1022 1555 ei
1042 1495 1176 1556 nimirum
1193 1517 1247 1557 vos
1261 1499 1315 1557 Ju-

222 1584 303 1644 dic'es
325 1585 532 1645 assentiemini.
574 1586 651 1665 Lege
675 1586 787 1664 reliqua
806 1587 989 1647 testimonia:
1009 1589 1144 1669 primum,
1158 1591 1317 1670 Phyloma-

221 1676 318 1751 cham',
333 1676 459 1756 Hagnioe
473 1677 601 1751 amitam,
617 1684 745 1739 sororem
765 1679 857 1740 fuisse
872 1700 1042 1759 germanam
1055 1692 1086 1742 et
1098 1684 1243 1743 uterinam
1257 1684 1315 1744 Po-

221 1769 344 1829 lemonis
372 1770 499 1850 Ha'guise
526 1772 632 1853 patris3
665 1770 775 1833 deinde
794 1783 903 1836 cetere
928 1774 1027 1835 omnia
1053 1774 1253 1837 recitabuntur
1280 1777 1318 1837 de

221 1880 338 1941 genere.
1012 1891 1015 1896 ·

523 2008 527 2013 “
625 2023 927 2088 rusrrnournn.

251 2142 376 2189 Testantar
388 2158 414 2191 sc
429 2144 554 2205 populares
566 2160 617 2193 esse
630 2144 736 2207 Philagri
749 2146 872 2195 Eubulide
882 2147 965 2209 patris,
975 2155 1000 2196 et
1010 2148 1144 2209 Polemonis
1156 2152 1255 2217 Haguiar
1270 2169 1312 2217 pn-

221 2218 271 2274 tris,
278 2224 301 2267 et
313 2219 374 2267 scire
381 2220 571 2282 Phylomaclram,
580 2223 704 2271 Eubulidas
716 2232 822 2282 matrem,
830 2226 933 2273 habitam
942 2242 1045 2275 acrorem
1055 2243 1108 2275 esse
1120 2230 1263 2289 Polemonis,
1272 2249 1310 2295 pa·

217 2296 376 2356 trirHaguiae,
387 2312 518 2357 germanam
531 2308 555 2345 et
567 2299 687 2356 uterinam,
700 2316 776 2363 neque
794 2317 825 2348 ex
846 2302 893 2348 nllo
914 2318 1013 2365 unquam
1031 2303 1158 2361 redimere,
1175 2306 1246 2355 iniere
1266 2310 1310 2356 irr-

219 2378 277 2425 lrem
288 2373 387 2435 aliquem
396 2374 517 2429 Polemoni
529 2376 628 2437 Hagnirs
642 2376 700 2424 lilio.

694 2518 833 2579 ALIUD.

250 2628 375 2676 Tertantur
385 2632 533 2689 OEuautham,
543 2640 639 2682 matrem
656 2634 694 2683 avi
712 2635 750 2684 sui
764 2637 913 2697 Stratonida,
925 2639 1059 2688 Polemonia
1070 2642 1144 2702 patris
1157 2643 1256 2707 llagniar
1268 2660 1308 2704 pa·

217 2708 315 2756 truelem
331 2725 434 2758 sororem
449 2710 531 2768 fuisse,
545 2729 617 2774 sequa
633 2713 725 2762 audisse
734 2731 748 2762 e
758 2721 826 2778 patre
835 2732 886 2773 suo,
895 2718 1018 2767 Polemoni
1035 2721 1094 2782 patri
1105 2721 1205 2784 Haguin
1223 2723 1307 2770 nullum

217 2799 317 2846 uuquam
333 2785 406 2834 fuisse
416 2787 521 2844 fratrem,
553 2805 655 2838 sororem
667 2791 789 2840 sediuiaee
802 2794 991 2855 Phplomeolaam,
1008 2813 1138 2859 germanam
1148 2806 1173 2847 et
1190 2801 1309 2856 uterinum,

216 2869 312 2910 matrem
324 2863 455 2920 Eubulide,
467 2865 540 2926 patris
552 2866 719 2928 Phylcmeches
729 2885 781 2930 qum
790 2871 898 2918 dositheo
910 2873 997 2934 nupsit.

693 3043 834 3127 Arrun.

246 3155 354 3203 Testatur
360 3172 385 3204 se
393 3164 516 3219 cognatum
523 3175 575 3207 esse
583 3167 607 3208 et
615 3159 725 3224 curialem
733 3169 757 3208 et
764 3163 901 3224 popularem
906 3155 1007 3228 Hagniae
1013 3173 1037 3215 et
1044 3135 1209 3229 Eubulidam
1213 3173 1306 3221 acdisn

213 3231 243 3278 de
254 3238 320 3295 patre
332 3249 375 3281 suc
387 3241 410 3281 et
422 3235 514 3284 ceteris
525 3237 638 3298 cognatis,
649 3237 737 3286 nullum
746 3239 821 3287 fnisse
832 3240 928 3288 fratrem
937 3242 1058 3292 Polemoni
1070 3246 1170 3309 tingnis
1182 3251 1253 3310 petri,
1266 3251 1305 3298 veel

160 3336 165 3345 ·
213 3325 316 3356 sororem
324 3325 451 3372 germanam
464 3319 488 3358 et
495 3313 606 3361 uterinam
616 3315 805 3378 Phylcmaclran,
812 3325 909 3366 matrem
918 3321 1133 3387 Eubulidae,putris
1143 3325 1306 3386 Phylomachn

213 3401 265 3446 qum
275 3385 385 3434 Sositheo
398 3387 485 3449 nupsit.
623 3395 624 3399 ’

687 3534 827 3597 ALlUD.

243 3644 354 3691 Testatur
365 3659 433 3693 arum
442 3661 509 3694 suum
523 3663 576 3696 csse
586 3648 763 3711 Archilochum,
773 3655 804 3700 ab
815 3669 889 3717 ecqua
901 3671 928 3704 se
938 3657 1073 3720 adoptstnm
1082 3670 1251 3724 noncopante
1260 3665 1307 3713 ,Po-

209 3719 308 3768 lemouis
318 3721 391 3782 patria
398 3723 507 3786 Hagnice,
515 3733 539 3772 et
550 3727 642 3775 audisse
652 3728 683 3776 de
690 3729 834 3779 Archilocho
846 3740 871 3780 et
880 3734 973 3783 ceteris
984 3737 1101 3799 cognatis,
1110 3739 1199 3787 nullum
1207 3757 1305 3803 nuquam

209 3796 283 3844 fuisse
294 3797 388 3846 fratrem
401 3800 523 3850 Polemoni
536 3803 595 3864 patri
610 3804 720 3867 Haguiae,
730 3808 773 3854 sed
791 3824 894 3857 sororem
908 3811 981 3858 luisse
1000 3829 1132 3875 germanam
1149 3823 1175 3863 at
1194 3819 1304 3866 uterinam

210 3873 400 3935 Phylomuohsm,
410 3884 505 3926 matrem
518 3881 649 3938 Eubulide,
660 3882 732 3944 patris
745 3884 920 3953 Phylomaches
930 3888 1032 3937 Sosithei
1047 3891 1136 3939 uxoris.

688 4061 830 4122 ALIUD.

240 4169 351 4220 Testetur
361 4178 451 4234 patrem
463 4190 512 4222 sure
523 4176 605 4226 uxoris
612 4178 780 4240 Callistratum,
789 4182 884 4231 intrem
895 4186 1025 4246 pstruelem
1035 4187 1109 4236 iniere
1120 4189 1253 4240 Polemonis
1263 4207 1303 4254 pa·

207 4244 357 4309 trisHagnirr
369 4249 536 4298 etGhuridemi
547 4253 621 4313 putris
629 4254 784 4319 Theopompi,
793 4265 890 4307 matrem
902 4276 958 4309 vero
970 4279 1035 4312 susm
1048 4265 1162 4313 sobrinam
1174 4284 1228 4316 ease
1236 4270 1302 4316 Pole-

206 4321 291 4380 monis,
302 4339 354 4385 quaa
365 4342 427 4389 saepe
445 4328 474 4375 ad
493 4345 518 4376 se
538 4329 635 4388 dixerit,
647 4332 835 4394 Phylomacham,
854 4343 949 4386 matrem
967 4341 1098 4398 Eubulidas,
1117 4359 1220 4392 sororem
1232 4345 1301 4392 fuisse

206 4399 341 4472 Polemonis
351 4397 424 4465 patris
435 4405 533 4466 Hagnire
544 4423 674 4470 germanam
687 4416 711 4458 et
721 4411 843 4472 uternam,
850 4431 925 4477 neque
935 4417 1008 4467 ullum
1020 4435 1119 4482 unquam
1129 4421 1203 4471 inissa
1214 4425 1303 4472 intrem

208 4476 329 4526 Polemoni
342 4481 441 4543 Haguire
453 4484 523 4544 patri.
1211 4501 1218 4512 ”
1234 4489 1240 4498 ’
