2967 4950
278 626 578 689 ARGUMENTUM
592 627 821 701 ouarlortts
835 629 1053 691 ADVERSUS
1072 629 1291 692 POLYGLEM
1312 630 1359 694 DE

316 763 319 771 .
367 720 600 783 SUMPTIBUS
623 722 762 782 FINlTO
783 722 959 783 NAVALIS
980 723 1279 789 PRAEFECTURAE
1317 763 1320 774 ·
1438 737 1439 800 ξ

511 862 513 872 ,
563 890 564 899 ¹
597 904 600 911 Α
636 814 837 875 TEMPORE
858 816 1013 878 Factis,
1142 874 1145 879 .
1211 859 1214 863 »

939 952 958 971 .:
992 974 994 976 ,
1438 947 1439 984 t

307 992 504 1045 Aroauoooaus
514 994 622 1063 Potionis
632 994 935 1059 tttuurumtnpraefoorm
944 996 1022 1045 navali
1032 996 1168 1059 prefinitum
1178 1001 1270 1059 tempus
1278 1001 1359 1043 manua
1438 999 1439 1046 ἰ

277 1072 435 1141 armaturaque
454 1087 479 1119 aa
495 1072 618 1132 gessisset,
633 1074 656 1121 in
673 1074 755 1121 eaden
774 1075 821 1121 aiio
839 1090 883 1121 non
898 1089 973 1136 parvo
990 1080 1095 1136 ternpore
1113 1064 1225 1135 perstitit)
1236 1086 1358 1121 snooessora

276 1150 375 1212 Polyaie
390 1166 434 1197 nou
446 1152 522 1199 statim
541 1144 572 1199 'ad
590 1168 672 1201 narem
689 1154 804 1215 proiectu.
837 1152 885 1209 Qut
902 1159 1025 1215 postquam
1042 1160 1146 1209 venerat,
1156 1168 1209 1199 anm
1228 1166 1306 1198 narem
1320 1164 1358 1196 uon
1438 1153 1439 1186 ἓ

275 1228 353 1274 atatim
364 1226 515 1289 suscepisset,
526 1230 568 1276 sed
580 1228 711 1277 simulasset
722 1244 749 1276 se
764 1229 877 1291 collegam
892 1245 958 1277 suum
970 1229 1075 1277 navalem
1091 1236 1241 1291 exspectare,
1250 1235 1316 1288 atque
1328 1226 1359 1272 ia-

275 1306 342 1353 tarim
354 1305 510 1369 Apeilodoras
526 1307 580 1355 nari
596 1306 737 1369 praeiaistet,
755 1314 862 1369 sumptas
880 1322 909 1354 eo
925 1312 1029 1371 tempure
1041 1322 1091 1355 aaa
1100 1307 1175 1355 iactos
1186 1319 1201 1352 ι
1212 1303 1306 1367 Polyda
1321 1316 1358 1363 po·
1438 1319 1439 1386 ζ

274 1383 352 1431 stuiat.
1438 1389 1439 1392 Ἴ

622 1606 1019 1622 Ἣ

547 1837 1096 1957 numosruuurs
1161 1955 1165 1963 Ι

441 2076 777 2153 ADVERSUS
825 2014 1173 2154 PoLYcLEM

294 2298 479 2368 onemo
510 2254 575 2366 uu
608 2300 888 2367 suniemirus
919 2300 1089 2366 urumu
1129 2301 1338 2370 usvaurs

403 2400 754 2505 PRAEFEGTURAE
774 2398 1013 2466 rnunouu
1039 2400 1222 2491 saorla.

1438 2427 1439 2470 r

284 2579 289 2590 ¹
312 2575 339 2632 1.
360 2575 496 2636 Taurum
516 2575 788 2644 controversiarum,
806 2571 940 2647 Judices,
955 2593 1005 2634 eos
1024 2574 1112 2634 etiam
1127 2575 1178 2653 qui
1197 2585 1356 2637 controver-
1438 2560 1439 2635 ᾗ

268 2667 341 2727 siam
361 2669 505 2746 cognituri
526 2678 596 2728 sunt
618 2669 664 2729 rel
678 2668 707 2727 in
721 2667 821 2748 primis
835 2667 976 2727 rationem
994 2668 1102 2728 habere
1122 2670 1217 2728 decet.
1258 2670 1357 2749 Neque
1438 2644 1439 2731 i

268 2761 345 2820 euim
359 2781 425 2822 mea
439 2772 468 2822 et
482 2761 611 2842 Polyclis
627 2762 738 2841 privata
751 2762 895 2820 duntaxat
906 2761 972 2820 brac
987 2781 1077 2822 causa
1092 2772 1149 2843 est,
1170 2763 1265 2824 sedet
1283 2781 1357 2824 com·
1438 2754 1439 2825 i

267 2853 362 2913 munis
382 2855 518 2915 civitatis.
561 2855 694 2924 Quarum
708 2853 786 2912 enim
799 2872 894 2913 rerum
904 2865 938 2912 ut
949 2852 1070 2932 privatae
1083 2863 1152 2913 sunt
1164 2855 1306 2925 actiones,
1319 2853 1356 2914 sic

168 2979 171 2984 ·
266 2945 375 3007 damna
387 2947 517 3028 publica,
528 2966 576 3007 aas
591 2967 689 3008 nonne
698 2945 835 3006 convenit
845 2945 960 3006 auditas
975 2966 993 3005 a
1006 2947 1090 3006 robis
1101 2956 1182 3008 recte
1192 2946 1358 3028 dijudicari?
1438 2978 1439 3017 r

266 3039 343 3099 Nam
358 3040 383 3102 si
396 3050 515 3121 propter
528 3039 739 3100 dissensionem
754 3038 794 3098 de
812 3037 949 3118 quopiam
967 3037 1024 3098 aiio
1045 3049 1197 3116 contractu
1212 3041 1365 3123 Polyolem
1438 3040 1439 3105 i

264 3129 294 3190 in
316 3141 443 3191 restrum
462 3131 607 3212 judicium
630 3127 984 3200 adduxissem‚‘mea.res
1008 3139 1039 3190 et
1059 3129 1187 3211 Polyciis
1210 3143 1357 3213 ageretur:
1438 3176 1439 3211 3

263 3242 345 3288 nunc
359 3223 396 3285 de
410 3225 506 3285 navali
519 3225 704 3286 successione
718 3225 807 3282 verba
817 3221 893 3282 fiunt
906 3231 937 3282 et
950 3223 1115 3303 sumptibus
1126 3225 1223 3305 spatio
1233 3213 1357 3306 quinque
1438 3236 1439 3303 i

263 3319 406 3376 meusium
416 3327 446 3379 et
460 3338 512 3378 sex
525 3318 636 3378 dierum
650 3318 732 3377 finito
748 3316 930 3397 praefecturae
943 3327 1073 3397 tempore
1084 3319 1181 3393 factis,
1194 3331 1225 3381 et
1238 3323 1278 3382 de
1293 3321 1359 3399 legi·
1438 3306 1439 3389 i

262 3409 328 3483 bus,
343 3423 439 3470 utrum
459 3405 501 3472 eae
523 3422 594 3472 ratae
618 3410 678 3471 sint
696 3431 751 3470 uec
771 3429 819 3469 ue.
860 3409 1068 3471 Necessarium
1090 3424 1189 3473 autern
1209 3414 1280 3474 mihi
1297 3431 1356 3473 esse
1438 3420 1439 3489 t

260 3501 377 3562 videtur
389 3503 426 3562 ab
440 3502 522 3562 initio
532 3523 593 3573 rem
603 3523 718 3563 omnem
729 3502 807 3582 apud
815 3522 868 3562 vos
878 3521 1041 3582 exponere:
1063 3524 1154 3583 quare
1165 3525 1218 3586 per
1228 3506 1300 3567 deos
1310 3525 1356 3566 vos

260 3614 324 3668 oro,
349 3595 483 3670 iudices,
497 3615 534 3656 ne
558 3617 605 3656 me
625 3595 733 3676 putetis
753 3615 847 3676 nugas
872 3616 969 3674 agere,
992 3597 1016 3656 si
1040 3597 1180 3676 prolixius
1205 3615 1355 3660 narravero
1438 3606 1439 3677 t

261 3700 395 3771 sumptus
409 3699 439 3750 et
458 3700 535 3772 acta,
552 3709 640 3770 quarn
654 3699 685 3750 et
697 3690 870 3769 tempestive
884 3689 1001 3769 singula
1013 3700 1045 3750 et
1057 3691 1169 3770 reipub.
1183 3692 1296 3753 utiliter
1309 3692 1355 3752 ad·
1438 3752 1440 3763 ,

259 3783 424 3844 ministrata
438 3784 506 3844 sint.
537 3783 637 3853 Quod
655 3782 679 3844 si
691 3781 758 3863 quis
769 3781 885 3842 mentiri
898 3801 944 3843 me
955 3792 1054 3863 potest
1067 3784 1235 3858 ostendere,
1249 3795 1355 3864 surgat,
1438 3790 1439 3809 ³

259 3885 347 3956 atque
360 3875 390 3935 in
403 3895 468 3936 mea
481 3894 558 3956 aqua
570 3884 721 3956 coarguat,
732 3873 872 3955 quicquid
886 3894 933 3934 me
943 3874 1021 3934 falso
1035 3874 1116 3955 apud
1125 3895 1178 3936 vos
1193 3877 1295 3938 dicere
1306 3895 1354 3956 pu-

132 3956 134 3962 ’
257 3969 337 4030 tarit.
361 3967 413 4029 Sin
424 3987 495 4029 vera
507 3977 603 4046 erunt,
615 3978 646 4028 et
658 3987 745 4028 nemo
757 3966 828 4028 mihi
841 3965 895 4026 uisi
909 3966 963 4026 iste
976 3967 1169 4042 contradicet,
1178 3988 1241 4028 rem
1246 3970 1353 4050 justam

256 4073 329 4142 peto
344 4081 362 4124 a
377 4059 460 4122 vobis
474 4060 609 4122 omnibus
626 4061 792 4141 quicunque
806 4057 1055 4139 militastis-atqua
1074 4058 1133 4120 iliic
1147 4060 1285 4135 affuistis,
1297 4074 1353 4122 tum

231 4164 290 4217 *ut
311 4153 369 4238 ipsi
388 4152 580 4217 recordemini
595 4163 662 4214 turn
686 4161 719 4212 ut
741 4151 846 4212 vestris
869 4154 1065 4214 assessoribus
1086 4154 1208 4214 narretis
1227 4155 1353 4216 studium

256 4265 353 4310 meum
375 4259 406 4309 et
428 4266 465 4310 ea
487 4267 553 4327 quoe
570 4245 738 4326 reipublicae
753 4245 811 4306 illia
827 4245 1006 4326 temporibus
1025 4245 1195 4307 acciderunt
1213 4259 1245 4309 et
1262 4267 1351 4310 rerum

256 4339 454 4414 difficultates,
469 4359 529 4422 quo
549 4337 618 4404 inde
638 4337 836 4420 cognoscatis,
849 4338 946 4418 qualis
964 4358 1021 4418 ego
1035 4339 1091 4400 sim
1104 4338 1135 4398 in
1144 4339 1239 4419 jussis
1252 4342 1349 4403 vestris

181 4454 185 4461 ·
255 4434 468 4519 exsequendis:
489 4433 539 4515 qui
549 4443 647 4496 autem
661 4432 741 4495 dorni
755 4432 916 4518 mansistis,
929 4432 1019 4496 tacite
1033 4453 1079 4496 me
1091 4441 1127 4495 ut
1140 4433 1272 4526 audiatis
1278 4433 1348 4520 apud
