2967 4950
610 340 838 413 EPISTOLAE,
1141 364 1146 372 ·
1213 331 1272 394 843

169 496 354 561 decrevistis.
379 536 383 544 -
397 496 491 557 Miror
510 507 618 571 autem,
633 500 657 559 si
676 519 763 561 nemo
776 508 907 560 vestrum
930 496 1151 576 cogitat-turpe
1163 510 1227 551 esse
1240 500 1274 549 ut

168 591 302 672 populus
325 590 523 664 Atheniensis,
548 590 699 670 sapientire
727 593 927 671 doctrinaeque
955 588 1092 670 opinione
1128 594 1273 666 praestans

172 683 378 754 omnibus,ad
392 702 476 762 quern
500 685 529 742 in
545 684 760 744 calamitatibus
774 695 914 764 tunquam
929 683 966 743 ad
986 698 1141 742 commune
1156 677 1274 756 asylum
1300 674 1308 718 '-

171 776 296 855 confugi
317 777 402 846 solet,
417 776 552 856 Philippo
576 776 760 837 inhumanior
783 777 925 849 videatur,
939 776 989 856 qui
1007 773 1106 849 (ut-in
1129 777 1276 850 potestate

171 868 257 946 regia
269 867 425 928 educatum
440 869 588 946 probabile
603 874 661 943 est)
675 890 692 929 a
706 871 823 929 nemine
841 868 1021 938 admonitus,
1034 876 1132 926 tamen
1147 881 1215 922 cam
1228 880 1276 920 se-

173 959 355 1019 cundissima
373 960 491 1020 fortuna
504 980 577 1020 usus
591 971 680 1034 esset,
694 961 884 1021 humanitatis
899 981 931 1019 sa
945 958 1070 1020 maxime
1083 969 1151 1016 essee
1166 971 1276 1013 memo·

173 1072 241 1113 rem
254 1062 384 1133 oportere
397 1053 520 1126 censuit,
534 1064 565 1113 et
580 1055 618 1115 ab
632 1054 665 1114 iis
679 1057 730 1134 qui
743 1056 989 1134 adversus-ipsum
1004 1052 1035 1112 iu
1049 1050 1114 1111 acie
1128 1054 1278 1118 steterant,

175 1153 291 1205 etcum
309 1144 469 1224 quibusda
487 1166 602 1207 summa
614 1166 709 1206 rerum
724 1147 979 1227 depugnassetqui
998 1154 1030 1203 et
1047 1144 1159 1223 cujates
1178 1151 1280 1201 essent
1323 1203 1325 1208 ,

175 1238 453 1317 nequeperquirere
467 1256 563 1317 neque
583 1239 705 1318 prodere
718 1260 809 1300 ausus
827 1260 834 1299 :
854 1239 971 1310 etenim,
981 1247 1014 1296 ut
1026 1244 1158 1316 apparet,
1171 1253 1232 1300 nou
1245 1244 1281 1291 ut

175 1330 310 1411 plerique
323 1330 414 1391 vestri
427 1342 564 1403 oratores,
575 1332 678 1393 mdem
692 1332 722 1391 in
741 1352 845 1393 omnes
859 1350 925 1391 esse
937 1328 982 1389 vel
999 1329 1084 1409 justa
1094 1328 1141 1387 val
1154 1326 1281 1385 honesta

175 1424 313 1503 putabat,
334 1424 387 1483 sed
406 1423 516 1483 ratione
532 1424 638 1485 -habita
660 1424 813 1504 dignitatis
830 1425 917 1484 etiam
941 1421 1012 1482 talia
1034 1417 1230 1481 concludebat
1249 1425 1282 1475 et

178 1496 368 1576 decernebat
403 1517 470 1575 1Vos
484 1525 591 1591 antem,
604 1518 655 1596 qui
670 1517 739 1578 estis
754 1516 962 1587 Athenienses,
976 1525 1005 1574 et
1021 1512 1135 1589 liberali
1147 1510 1282 1571 doctrina

178 1609 327 1688 perpoliti,
347 1629 413 1687 quae
428 1609 561 1687 stupidos
575 1610 662 1670 etiem
682 1612 798 1671 efficere
811 1609 977 1669 tolerabiles
996 1615 1125 1686 putatur,
1145 1604 1284 1684 primum,

179 1701 418 1781 quodomnium·
432 1702 645 1781 iniquissimum
667 1713 723 1775 est,
745 1720 986 1781 quarumrerum
1009 1708 1122 1779 patrem
1142 1703 1284 1757 mousom

180 1794 313 1873 quidam,
322 1794 360 1855 ob
372 1814 421 1854 eas
434 1793 509 1854 filios
524 1796 553 1853 in
563 1794 683 1855 vincula
696 1794 883 1871 conjecistis;
902 1803 993 1871 atque
1006 1792 1048 1851 ita
1060 1810 1148 1870 agere
1161 1786 1283 1868 perinde

182 1906 250 1947 esse
269 1886 376 1959 dicitis,
391 1888 464 1947 acsi
479 1887 677 1963 aequalitatem
698 1889 727 1947 in
749 1888 929 1967 ponderibus
944 1897 995 1947 aut
1014 1884 1160 1945 mensuris
1172 1901 1284 1961 quaere·

181 1978 265 2051 retis,
276 1989 306 2038 et
318 1998 378 2039 nou
397 1978 435 2041 de
448 1979 572 2039 virorum
588 1981 722 2041 instituto
736 1982 804 2040 ritae
817 1990 849 2041 et
860 1981 972 2040 ratione
981 1977 1152 2058 reipublicae
1164 1975 1285 2036 consul·

183 2055 306 2131 teretis:
328 2072 357 2132 ia
379 2090 437 2151 qua
450 2072 567 2151 quidem
587 2073 784 2152 inquisitione,
798 2075 824 2133 si
836 2074 916 2133 bona
928 2083 959 2133 et
972 2071 1125 2152 popularia
1138 2080 1169 2128 et
1186 2068 1285 2127 studio

185 2167 367 2247 Reipublicae
385 2168 523 2247 juvandae
542 2178 681 2249 suscepta
702 2169 830 2249 Lycurgi
843 2179 909 2229 acta
921 2168 1109 2238 videbuntur,
1123 2183 1183 2224 non
1196 2162 1286 2222 modo

184 2260 268 2321 nullo
283 2260 358 2321 affici
371 2262 460 2333 malo,
474 2262 527 2320 sed
541 2262 690 2341 quibusvis
708 2264 822 2323 avobis
840 2262 935 2323 ornari
956 2260 1108 2321 beneficiis
1127 2264 1190 2335 ejus
1211 2256 1285 2316 libe·

186 2373 244 2425 ros,
258 2374 377 2433 aequum
399 2364 462 2426 est;
483 2351 526 2413 sin
542 2355 696 2425 contraria,
714 2355 808 2425 illum,
829 2357 899 2414 dum
912 2354 1032 2426 viveret,
1050 2372 1155 2433 poenas
1167 2348 1287 2410 dedisse

185 2446 324 2526 oportuit,
333 2445 388 2507 hos
401 2466 470 2506 vcro
484 2468 521 2507 ne
536 2447 715 2527 sicquidem,
729 2457 848 2527 propter
863 2446 980 2528 objecta
992 2444 1066 2526 patri
1080 2463 1099 2505 a
1113 2441 1286 2524 quibusdam

185 2540 318 2610 crimina,
333 2555 392 2619 per
398 2540 579 2600 iracundiam
590 2541 692 2620 plecti.
720 2541 864 2600 Omnibus
882 2541 958 2601 enim
972 2540 1101 2600 omnium
1115 2537 1287 2597 delictorum

187 2633 270 2710 quasi
288 2642 366 2691 meta
380 2643 425 2692 est
437 2633 543 2692 obitus.
586 2633 673 2701 Quod
693 2629 718 2692 si
740 2633 799 2692 hoc
817 2633 895 2692 eritis
919 2633 1026 2703 animo,
1039 2640 1074 2689 ut
1087 2629 1175 2708 aliqui
1188 2627 1290 2709 populi

189 2725 330 2785 studiosis
344 2724 408 2784 irati
428 2745 465 2784 ne
481 2745 547 2785 cum
560 2727 679 2786 mortuis
699 2727 816 2805 quidem
832 2726 866 2785 -in
881 2725 1002 2805 gratiam
1017 2723 1151 2793 redeant,
1163 2723 1217 2782 sed
1234 2723 1289 2781 ini·

188 2817 314 2877 micitias
328 2817 415 2877 etiam
429 2818 467 2877 ad
481 2817 589 2878 liberos
604 2838 698 2897 usque
719 2829 886 2899 propagent
898 2818 1074 2896 tradentque
1087 2817 1220 2895 posteris,
1236 2835 1290 2894 po·

188 2909 278 2991 pnlus
303 2919 411 2982 autem,
426 2911 510 2991 cujus
529 2931 650 2971 causam
668 2913 776 2990 quique
802 2911 957 2991 populares
977 2920 1080 2990 agunt,
1096 2910 1166 2968 dum
1186 2909 1289 2968 horum

188 3004 391 3083 opera-utitur,
405 3004 612 3064 beneficiorum
626 3004 798 3076 meminerit,
817 3014 921 3083 postea
942 3003 1128 3074 floccifaciat,
1149 3001 1221 3060 nihil
1236 3001 1291 3060 erit

190 3094 325 3156 miserius
338 3115 424 3174 qnam
439 3096 539 3176 populi
557 3097 632 3155 tueri
646 3106 755 3176 partes.
796 3096 885 3166 Quod
906 3096 930 3154 si
949 3094 1108 3155 Moerocles
1122 3094 1292 3172 respondet,
1355 3131 1360 3139 -

189 3190 256 3250 haec
276 3189 425 3268 argutiora
438 3208 504 3248 esse
517 3209 605 3269 quarn
620 3209 686 3267 quas
699 3188 855 3268 intelligat,
871 3208 902 3248 se
917 3207 986 3248 vero
999 3207 1060 3259 eos,
1075 3198 1109 3246 ut
1125 3206 1165 3245 ne
1178 3185 1291 3264 effuga·

189 3292 265 3349 rent,
280 3282 310 3340 in
333 3300 480 3340 carcerem
504 3282 698 3362 compegisse,
713 3281 868 3360 quaeritote
893 3300 929 3340 eir
953 3301 999 3351 eo,
1022 3298 1088 3339 cum
1113 3280 1243 3338 Taureos
1261 3288 1292 3338 et

192 3371 329 3432 Patsecus
349 3383 380 3431 et
402 3372 585 3452 Aristogiton
606 3383 693 3453 atque
713 3374 774 3452 ipse
796 3372 826 3430 in
846 3391 991 3432 carcerem
1005 3371 1102 3431 traditi
1123 3389 1184 3445 non
1202 3370 1292 3430 modo

189 3468 282 3527 vincti
294 3487 355 3526 non
368 3467 477 3527 fuerint
490 3469 544 3527 sed
559 3479 589 3528 et
602 3468 759 3528 conciones
772 3468 936 3537 habuerint,
958 3454 1110 3528 cur'istam
1125 3467 1293 3545 aequitatem

190 3579 252 3619 uon
266 3561 457 3639 perspexerit.
476 3558 479 3564 ’
500 3560 552 3619 Sin
571 3581 603 3620 se
623 3570 684 3620 turn
699 3561 871 3640 magistratu
884 3560 1001 3639 quidem
1014 3580 1081 3622 esse
1096 3560 1228 3618 iunctum
1249 3559 1293 3618 di-

192 3663 250 3723 cet,
266 3653 320 3712 sed
341 3653 487 3712 orationes
509 3653 538 3711 in
562 3653 680 3733 publico
703 3673 765 3712 non
778 3654 928 3726 habuisse,
943 3654 1031 3732 idque
1054 3653 1226 3732 permissum
1241 3652 1295 3710 sihi

191 3745 285 3805 fuisse
299 3745 434 3825 legibus:
455 3765 573 3824 aequum
597 3764 663 3806 esse
687 3748 736 3824 qui
762 3756 870 3826 potest,
890 3755 924 3804 ut
944 3745 1116 3824 magistratu
1136 3746 1295 3823 fungantur

193 3837 235 3911 hi,
250 3838 355 3917 quibos
369 3839 458 3897 verba
480 3839 576 3897 lacere
599 3857 659 3898 non
683 3839 762 3909 licet,
785 3839 828 3899 illi
843 3857 912 3898 vero
932 3838 961 3896 in
985 3837 1110 3896 vinculis
1128 3847 1295 3911 teneantur,

193 3951 319 4011 quorum
334 3931 371 3990 de
389 3931 470 3990 vobis
486 3949 565 4009 saepe
577 3933 654 3990 bene
671 3932 790 3991 meritus
808 3932 863 3990 fuit
875 3929 979 4009 poteri
1008 3931 1074 4009 Ego
1093 3930 1212 4009 quidem
1232 3929 1296 3987 haec

193 4025 374 4104 conjungere
395 4034 425 4082 et
442 4023 620 4082 concludere
645 4043 704 4082 non
735 4043 874 4102 possum:
908 4023 963 4081 nisi
983 4022 1041 4082 hoc
1064 4022 1182 4102 publice
1209 4020 1297 4079 vultis

195 4116 364 4186 ostendere,
378 4125 407 4176 et
432 4116 606 4177 vaecordiam
630 4127 660 4176 et
681 4116 889 4195 impudentiam
909 4125 940 4175 et
957 4116 1172 4176 affectationem
1191 4113 1298 4192 impro-

197 4210 297 4269 bitatis
311 4209 472 4268 incivitate
487 4208 584 4268 valere
598 4221 628 4268 et
640 4211 781 4289 majorem
803 4210 911 4269 hahere
925 4229 1005 4289 spem
1019 4205 1238 4278 incolumitatis,
1252 4225 1298 4278 ac,

164 4349 168 4358 .
198 4301 302 4381 siquid
318 4321 403 4361 secus
416 4300 564 4373 acciderit,
579 4301 652 4360 tales
667 4300 795 4370 absolvi;
811 4302 960 4362 meliorem
978 4313 1075 4361 autern
1089 4299 1163 4358 tueri
1183 4308 1299 4377 partem

198 4393 346 4475 vitamque
369 4395 531 4455 modestam
546 4406 576 4454 et
595 4395 767 4475 popularem
785 4395 936 4457 instituere
953 4394 1149 4475 periculosum
1163 4412 1238 4465 esse,
1254 4410 1301 4464 ac,
