2967 4950
243 318 302 376 116
608 315 653 401 rn
675 309 1009 408 orssrruonrmr.
1099 389 1102 395 .

239 469 351 531 auditis
364 471 404 532 ob
418 488 486 551 quse
500 483 583 533 erant
604 471 745 543 morituri,
768 487 866 550 neque
879 470 919 530 ad
935 477 1122 529 mortuorum
1144 464 1285 538 tumulus,
1306 466 1343 526 sd

240 563 367 623 cadaver
387 561 577 637 efferendum,
598 565 733 643 cognatis
748 562 941 624 conveniendi
964 561 1080 652 copiam
1094 560 1240 619 iecerunt.
1265 558 1344 637 Ergo

233 674 295 718 -eos
315 659 366 738 qui
383 677 475 742 remp.
491 661 696 722 administrant
718 660 749 719 in
773 668 917 741 potestate
939 665 1038 717 vestra
1054 661 1113 716 sion
1135 653 1344 716 conunebiust

242 750 313 810 Non
326 771 377 812 eos
391 755 442 833 qni
457 773 536 815 nune
549 755 619 815 elati
632 753 870 816 insolentiasuut
882 752 1044 812 submissus
1059 748 1255 828 ablegabitisi
1275 749 1344 807 Non

241 845 426 918 meministis,
435 867 584 927 nunquam
595 865 772 928 quemquam
783 847 862 927 prius
875 864 908 905 se
922 844 961 904 ad
974 843 1140 904 libertatem
1154 839 1257 921 populi
1268 840 1344 900 dilu-

241 937 348 999 endam
369 931 544 1017 accinxisse,
564 961 654 1022 quam
667 941 847 1022 judiciorum
860 938 1035 998 auctoritate
1048 939 1143 1015 major
1155 934 1303 995 evaserit?

281 1034 335 1092 st.
358 1031 494 1094 Libenter
506 1036 657 1114 equidem,
673 1034 883 1106 Athenienses,
897 1032 1040 1092 rationem
1054 1049 1152 1090 coram
1169 1029 1254 1088 vobis
1273 1027 1345 1086 inire

242 1122 414 1184 veiim-cum
436 1125 494 1186 istu
507 1127 558 1206 qui
578 1127 731 1187 decretum
753 1125 880 1205 scripsit,
901 1141 1038 1201 quaenam
1060 1129 1180 1201 propter
1203 1119 1346 1179 beneficia

244 1217 477 1282 Demosthenem
491 1231 608 1280 censeat
622 1239 733 1278 corona
745 1237 814 1278 esse
827 1216 1008 1276 donandum.
1029 1215 1108 1274 Nam
1119 1213 1154 1287 si
1163 1212 1251 1286 dicis,
1268 1212 1345 1271 uude

242 1310 410 1390 auspicatus
431 1331 464 1372 es
478 1312 640 1383 decretum,
658 1311 814 1390 propterea
827 1308 907 1388 quod
920 1309 1017 1368 iussas
1037 1307 1181 1366 maenibus
1201 1305 1345 1364 obductas

241 1402 345 1482 pulcre
358 1404 557 1484 descripserit,
572 1403 697 1463 demiror
708 1413 748 1462 te.
770 1401 849 1462 Nam
864 1400 893 1461 in
909 1419 997 1460 causa
1010 1399 1105 1458 fuisse
1116 1417 1168 1458 cur
1181 1398 1248 1456 istoe
1258 1417 1345 1456 neces·

241 1496 324 1554 sema
335 1495 395 1556 sint
404 1497 521 1576 culpam
535 1497 626 1556 babet
636 1495 808 1575 graviorem,
819 1513 908 1574 quam
921 1513 988 1572 quse
1002 1492 1105 1573 pulcra
1119 1489 1280 1550 earundem
1294 1489 1343 1550 de·
1365 1525 1373 1534 ·

243 1582 400 1672 scriptione
412 1591 539 1648 eluatur:
566 1607 625 1648 non
640 1589 729 1663 euim,
744 1588 824 1667 quod
839 1605 937 1648 muros
953 1583 1117 1655 obvallarit,
1131 1583 1212 1662 quud
1227 1583 1345 1662 publica

241 1682 380 1760 sepulcra
392 1681 523 1755 diruerit,
529 1682 627 1742 ‘titium
641 1689 758 1760 oportet
770 1679 939 1760 reipublicae
949 1677 1214 1740 administratorem
1227 1675 1346 1756 praemia

242 1772 401 1850 postulare,
423 1773 476 1833 sed
490 1774 694 1853 quudbonum
717 1772 840 1851 aliquod
862 1771 972 1832 civitati
993 1770 1179 1849 compararit.
1212 1770 1346 1836 Quodsi

154 1879 164 1891 ·
241 1865 342 1925 venies
355 1866 395 1926 ad
410 1867 572 1927 secundam
584 1865 696 1927 decreti
708 1876 831 1945 partem,
841 1865 872 1924 in
882 1871 946 1944 'qua
959 1864 1085 1924 scrihere
1096 1881 1186 1944 ausus
1199 1882 1242 1934 es,
1251 1862 1346 1922 virum

242 1955 352 2017 bouum
368 1978 434 2019 esse
453 1980 520 2020 eum
542 1968 631 2038 atque
649 1978 685 2019 ea
698 1967 868 2019 constanter
881 1967 914 2018 et
926 1957 1023 2018 dicere
1038 1965 1067 2015 et
1084 1957 1181 2015 ihcere
1194 1975 1263 2034 quae
1285 1975 1346 2015 ma-

242 2048 320 2108 xime
328 2051 417 2111 sinte
430 2069 463 2111 re
475 2051 578 2134 popuii
590 2052 792 2124 Atheniensis,
806 2051 935 2131 demptis
950 2069 988 2110 ex
1003 2049 1124 2108 decreto
1138 2049 1304 2128 arrogantia
1312 2069 1347 2109 ac

238 2141 400 2221 &tadone
410 2146 566 2204 verborum
577 2145 616 2206 sd
628 2146 709 2206 iacta
718 2144 793 2216 redi,
805 2141 931 2204 ostende
939 2142 1025 2203 nobis
1038 2140 1110 2219 quid
1119 2142 1158 2202 sit
1171 2142 1253 2221 quod
1263 2141 1343 2202 dicis

173 2300 178 2305 ,
243 2237 386 2301 Questus
399 2238 476 2298 euim
491 2237 636 2311 sordidos,
651 2258 726 2317 quos
738 2239 770 2296 iu
782 2239 870 2297 rebus
885 2235 1087 2316 Amphissanis
1102 2243 1190 2314 atque
1208 2233 1347 2295 Euboicis

195 2355 203 2366 ·
242 2327 321 2403 iecit,
333 2330 544 2410 praetermitto:
563 2349 633 2390 cum
647 2350 717 2392 vero
729 2330 882 2391 societatis
893 2347 962 2389 cum
973 2327 1126 2388 Thebanis
1139 2329 1228 2388 facte
1240 2347 1346 2388 causas

244 2419 438 2484 Demostheni
465 2423 620 2498 adscribis,
642 2426 684 2485 rei
703 2423 824 2503 quidem
846 2423 967 2503 ignaros
989 2419 1112 2500 decipis,
1134 2423 1185 2481 eo's
1206 2439 1277 2480 vero
1298 2423 1348 2499 qui

240 2514 339 2574 sciunt
350 2525 441 2595 atque
455 2518 588 2577 sentiunt
599 2516 778 2577 contumelia
792 2514 894 2576 afficis.
924 2513 1003 2573 Nam
1018 2512 1204 2573 dissimulato
1216 2520 1347 2593 tempore

239 2608 414 2687 sublataque
426 2611 532 2669 horum
546 2610 748 2689 amplitudine,
763 2618 882 2690 propter
891 2627 959 2687 quae
971 2606 1036 2667 hoec
1052 2607 1179 2667 societas
1192 2606 1275 2665 facta
1288 2617 1344 2677 est,

239 2699 314 2758 iilud
334 2719 389 2760 nos
409 2702 501 2762 latere
520 2700 680 2776 arbitraris,
705 2713 735 2761 te
757 2700 927 2782 reipublicae
949 2699 1123 2779 dignitatem
1148 2698 1345 2759 Demostheni

235 2789 402 2852 ‘affluxisse
712 2868 717 2876 .

281 2884 332 2943 88.
348 2872 472 2955 ⁸Quama
485 2896 583 2947 autem
596 2888 663 2947 hoec
679 2888 718 2948 sit
730 2886 909 2966 arrogantia,
919 2903 1028 2964 magno
1041 2904 1094 2945 vos
1109 2894 1285 2965 argumento
1295 2904 1343 2945 co·

241 2976 335 3039 nabor
356 2978 492 3039 edocere.
542 2980 699 3041 Persarum
714 2980 791 3041 enim
811 2998 874 3057 rer,
893 2998 955 3038 non
969 2979 1064 3038 multo
1080 2988 1149 3037 ante
1167 2998 1258 3056 qnam
1277 2978 1348 3037 Ale-

243 3072 355 3132 xander
373 3072 404 3131 in
417 3073 520 3132 Asiam
532 3057 706 3153 trajecisset,
720 3073 801 3133 misit
820 3071 859 3133 ad
878 3070 1021 3153 populum
1034 3069 1282 3130 contumeliosam
1296 3071 1348 3131 ad·

241 3165 363 3250 modum
373 3174 408 3225 et
424 3166 578 3253 barbaram
591 3167 757 3247 epistulam,
776 3166 879 3245 inqua
892 3184 960 3223 cum
976 3162 1069 3221 muita
1083 3162 1143 3221 alia
1156 3162 1265 3223 dixerit
1278 3184 1298 3224 a
1315 3164 1349 3224 ii-

240 3258 333 3318 beraii
345 3257 700 3336 disciplinaalienissima,
714 3269 779 3314 tum
793 3255 866 3313 illud
878 3254 969 3315 etiam
979 3254 1035 3314 sub
1049 3255 1107 3315 fine
1122 3254 1255 3335 scripsit:
1278 3276 1295 3317 e
1303 3264 1348 3337 g'u

241 3348 453 3427 inquitvubis
477 3366 600 3409 aurum
624 3367 697 3407 nun
717 3347 830 3415 dabu;
852 3346 975 3407 nolite
999 3366 1018 3407 a
1040 3366 1093 3406 me
1111 3358 1253 3426 petere,
1272 3370 1347 3409 uon

126 3464 158 3473 ’·
245 3439 339 3499 enim
361 3436 567 3520 accipietis.
593 3438 676 3499 idem
691 3448 791 3499 tamen
804 3438 855 3497 ille
865 3438 1002 3519 periculis
1013 3432 1159 3517 inquibus
1170 3440 1349 3501 etiamnunc

244 3541 376 3593 versatur
388 3532 615 3605 circumventus,
629 3534 739 3613 populo
757 3532 934 3593 Atheniensi
955 3550 1013 3593 non
1034 3534 1145 3611 petenti
1157 3532 1295 3595 trecenta
1306 3546 1350 3596 ta·

230 3628 326 3688 ,tensa
338 3626 403 3705 ipse
416 3623 494 3685 ultro
515 3624 603 3695 misit,
618 3645 686 3703 quse
699 3628 724 3686 is
737 3626 870 3705 prudens
893 3644 954 3685 non
977 3625 1103 3705 accepit.
1138 3624 1229 3693 Quod
1251 3638 1350 3688 autern

245 3738 350 3778 aurum
364 3718 437 3777 iilud
450 3718 527 3777 vobis
537 3718 669 3798 pertulit,
683 3729 801 3799 tempus
812 3720 881 3793 init,
894 3730 1000 3792 metus,
1015 3720 1161 3779 sociorum
1175 3719 1351 3799 indigentia.

246 3810 358 3871 Eadem
377 3830 465 3889 porro
478 3811 544 3891 ipsa
556 3822 588 3871 et
606 3811 812 3873 Thebanorum
832 3813 1006 3873 societatem
1021 3812 1193 3873 effecerunt.
1220 3815 1266 3873 'I'u
1281 3836 1352 3877 veru

243 3900 449 3963 'lhebanornm
466 3922 587 3964 nomen
598 3915 629 3963 et
652 3905 885 3965 iniciicissimam
904 3904 987 3969 iliam
1002 3907 1175 3965 societatem
1189 3926 1309 3986 semper
1320 3910 1351 3968 in

245 4016 297 4056 ore
309 3997 422 4055 habens
435 4010 489 4054 nos
500 3996 649 4071 obtundis,
659 3998 850 4078 septuaginta
864 4007 964 4057 sotem
976 3998 1088 4057 talenta
1096 3998 1216 4069 retices,
1232 3996 1301 4078 qum
1315 4020 1353 4061 ex

235 4106 318 4149 auro
328 4088 409 4167 regio
421 4096 570 4168 precepta
583 4090 723 4150 avertisti.
746 4090 856 4151 Nonne
869 4092 907 4151 ob
922 4090 1050 4170 inopiam
1062 4090 1266 4170 pecuniarum,
1281 4114 1352 4154 cum

246 4184 376 4264 quinque
389 4181 535 4242 duntaxat
545 4182 665 4244 tadentis
678 4184 827 4264 opmfirit,
841 4184 953 4244 externi
967 4182 1073 4244 mriites
1086 4202 1186 4244 arcem
1200 4184 1352 4248 Thebanis

238 4286 307 4333 non
319 4261 525 4335 tradiderunt?
549 4273 656 4334 Nonne
670 4290 792 4356 propter
812 4296 919 4337 novem
932 4273 1047 4337 taienth
1063 4275 1191 4356 argenti,
1205 4296 1274 4337 cum
1295 4280 1353 4340 Ar-

245 4368 337 4426 cades
361 4384 465 4450 omnes
490 4369 525 4429 in
541 4368 758 4449 expeditionem
778 4371 988 4452 egrederentur
1011 4370 1164 4449 ducesque
1183 4388 1288 4432 eorum
1312 4376 1353 4434 ad

246 4478 334 4539 apem
352 4460 502 4521 serendam
515 4475 617 4525 esseut
630 4465 734 4543 parati,
748 4484 796 4527 res
809 4466 947 4526 coniecta
960 4484 1020 4527 non
1034 4465 1099 4526 esti
1121 4465 1161 4524 At
1171 4474 1205 4525 tn
1217 4464 1305 4528 divas
1319 4488 1354 4529 es
