2967 4950
518 343 606 410 eso
628 303 895 409 ruoaurons.
987 440 990 446 ι
1197 351 1255 408 ser

108 543 115 554 .
154 495 291 582 quamvis
305 507 339 560 ιιι
353 498 397 560 vir
410 515 502 574 esses,
512 502 592 562 hunc
606 521 666 560 non
681 510 712 561 te
724 497 854 563 tambeis
863 508 990 561 tutorem
999 498 1111 572 lecerit,
1121 518 1258 561 uxorem-

153 611 214 670 que
228 591 256 652 ei
267 591 470 672 desponderit,
482 601 515 652 et
526 592 672 656 viventem
685 610 755 652 eum
766 590 928 654 honorarit.
961 590 1043 664 Jure,
1054 591 1257 654 Athenienses.

155 683 235 742 Nam
248 681 353 762 reliqui
372 683 517 757 mensarii,
530 681 602 742 nihil
616 681 654 743 de
666 681 814 743 locatione
827 681 1003 762 pendentes,
1017 684 1071 742 sed
1084 683 1141 762 ipsi
1152 684 1184 742 in
1196 703 1259 744 rem

154 794 240 835 suam
255 782 434 854 querentes,
448 794 550 836 omnes
564 775 730 855 perierunt:
751 774 801 835 hic
816 793 895 846 sero,
908 773 948 835 de
964 770 1112 850 locatione
1124 774 1259 853 pendens

153 866 225 928 bina
249 867 365 925 talenta
388 874 421 926 et
443 865 647 944 quadragenas
670 865 776 942 minas,
801 883 934 925 mensam
956 865 1040 926 vobis
1063 866 1257 927 conservavit.

156 963 294 1031 Quorum
308 961 357 1020 ille
371 959 580 1020 beneficiorum
591 977 701 1042 mernor
711 967 743 1018 et
756 956 936 1036 gratustirit3
951 965 985 1016 tu
994 948 1107 1016 nullam
1115 955 1258 1016 rationem

155 1053 261 1125 babes,
277 1051 331 1111 sed
355 1061 460 1111 contra
473 1059 681 1110 testamentum
702 1057 734 1108 et
752 1047 968 1108 exsecrationes
982 1047 1012 1107 in
1027 1044 1130 1108 eodem
1145 1056 1259 1127 epatre

158 1144 328 1223 inscriptas,
348 1142 494 1221 exagitas,
510 1141 677 1213 insectaris,
693 1140 890 1224 calumniaris,
930 1140 958 1199 Ο
979 1141 1024 1201 vir
1042 1141 1165 1221 optime,
1184 1143 1209 1202 si
1229 1153 1260 1204 te

156 1245 257 1296 tamen
277 1238 320 1297 ita
333 1235 477 1295 nominari
487 1234 532 1296 fas
543 1245 600 1308 est,
613 1255 673 1295 non
687 1235 805 1297 desines
818 1253 915 1313 neque
927 1230 1086 1313 intelliges,
1097 1236 1260 1298 bonitatem

157 1346 270 1407 magna
280 1328 407 1408 pecuma
420 1347 486 1388 esse
498 1327 663 1408 potiorem?
685 1327 762 1400 Tibi,
776 1346 845 1388 vera
858 1327 884 1386 si
897 1326 985 1399 dicis,
997 1336 1043 1387 tot
1056 1337 1186 1406 acceptae
1205 1349 1261 1409 pe·.
1305 1336 1310 1344 '

158 1421 255 1480 eunioe
268 1421 419 1500 perierunt
430 1439 543 1495 omnes,
557 1429 591 1480 ut
603 1419 661 1480 sis:
676 1428 706 1478 at
718 1418 745 1478 si
756 1419 908 1480 modestus
921 1417 1038 1493 luisses,
1049 1436 1199 1498 nunquam
1208 1441 1261 1483 ess

159 1510 405 1592 consumpsisses.
634 1567 639 1574 .
940 1585 944 1592 A

200 1607 252 1664 19.
272 1606 339 1684 Ego
352 1624 434 1676 vero,
447 1624 480 1665 ra
494 1605 531 1666 ab
544 1605 624 1666 omni
642 1614 723 1686 parte
736 1599 932 1677 considerata,
948 1604 1064 1665 medius
1077 1603 1176 1676 lidius,
1187 1603 1261 1666 nihil

160 1696 256 1768 video,
271 1717 327 1757 our
336 1697 454 1778 judices
467 1716 486 1757 a
497 1706 526 1756 te
539 1697 712 1778 persuaderi
723 1697 779 1756 sibi
792 1697 890 1756 sinant
908 1706 944 1757 ut
962 1695 1041 1756 hauc
1052 1695 1262 1760 condemnent.

162 1787 241 1854 Quid
254 1789 349 1848 enimi
367 1789 416 1846 An
426 1787 505 1866 quod
516 1788 683 1848 recentibus
697 1787 797 1847 adhuc
805 1786 918 1866 injuriis
928 1785 1070 1848 manassi
1083 1787 1126 1846 At
1134 1788 1221 1848 anuis
1230 1798 1263 1849 et

160 1879 341 1959 temporibus
356 1879 506 1960 praeteritis
521 1879 691 1940 criminaris.
733 1878 888 1957 An,quod
910 1877 1064 1958 interjecto
1084 1890 1215 1958 tempora
1230 1880 1262 1941 iu

161 1972 218 2032 otio
233 1983 264 2032 te
277 1970 468 2032 continuistit
508 1971 569 2030 Sed
588 1972 653 2050 quis
666 1972 783 2050 ignorat
799 1989 887 2050 quam
901 1969 1051 2048 inquietus
1065 1980 1097 2030 et
1108 1971 1263 2033 turbulen-

162 2071 209 2123 tus
233 2074 378 2144 perpetuo
399 2063 500 2136 tueris,
523 2081 584 2124 non
612 2063 733 2144 privatis
754 2062 845 2124 modo
868 2063 992 2123 crimina
1017 2059 1198 2122 intendendo
1215 2062 1263 2124 his

161 2156 242 2218 haud
257 2159 380 2229 minora,
394 2157 448 2218 sed
460 2165 492 2216 et
503 2156 622 2235 publice
635 2155 781 2235 quosdam
794 2155 1004 2218 calumniando
1022 2163 1054 2214 et
1074 2153 1106 2212 in
1115 2152 1264 2231 judicium

163 2247 362 2310 adducendo?
391 2248 499 2308 Nonne
511 2247 733 2308 Timomachurn
747 2247 931 2308 accusabasl
966 2245 1074 2306 Nonne
1088 2244 1265 2324 Callippum,

164 2345 231 2400 curn
253 2339 305 2420 qui
326 2359 406 2400 nunc
421 2351 466 2400 est
481 2342 512 2401 in
527 2339 649 2400 Sicilial
679 2340 749 2400 Non
765 2359 867 2400 rursus
891 2336 1076 2402 Menonemt
1095 2356 1156 2398 non
1169 2337 1265 2398 Auto-

164 2431 264 2493 clemt
285 2451 346 2493 non
367 2430 574 2494 Timotheum?
595 2451 655 2505 non
675 2432 748 2493 alios
766 2430 896 2493 multost
928 2431 1096 2503 Enimvero,
1109 2450 1176 2509 quse
1187 2431 1265 2493 ratio

163 2525 218 2584 tuit
241 2535 275 2585 ut
296 2535 329 2585 tu
351 2526 402 2606 qui
416 2525 614 2606 Apollodorus
634 2545 726 2598 esses,
747 2525 866 2604 publica
889 2524 1007 2594 delicta,
1028 2543 1151 2603 quorum
1172 2536 1265 2606 quota
1326 2561 1338 2580 J

164 2616 261 2695 portio
271 2616 311 2677 ad
325 2626 354 2678 te
366 2616 519 2691 attinebat,
527 2616 630 2677 ulcisci
643 2617 723 2694 prius
734 2617 837 2684 velles,
849 2635 938 2694 quam
948 2615 1217 2695 privatas-injurias,
1226 2618 1265 2678 da

164 2711 273 2788 quibus
298 2728 377 2769 nunc
391 2708 529 2789 quereris,
542 2709 689 2787 persequi,
704 2706 875 2786 praesertim,
894 2706 919 2765 si
939 2706 995 2766 tibi
1016 2706 1196 2769 credendum
1215 2710 1266 2783 sit,

164 2811 274 2862 tantas.
316 2799 397 2865 Quid
409 2800 497 2879 igitur
510 2800 575 2860 illos
588 2801 758 2871 accusabas,
771 2798 850 2858 hunc
864 2799 1042 2858 omittebas?
1075 2799 1167 2861 Nulla
1180 2801 1264 2860 nimi·
1338 2817 1345 2826 ·

163 2913 228 2956 rum
241 2890 296 2953 tibi
308 2890 406 2972 tiebat·
423 2890 536 2971 injuria,
557 2891 612 2952 sed
633 2909 713 2951 nunc
735 2889 978 2951 calumniatorem
1001 2889 1076 2969 agis.
1119 2892 1265 2971 Equidem

165 2988 301 3061 arbitror,
313 2985 522 3058 Athenienses,
535 2984 665 3045 omnium
678 2984 804 3045 maxime
815 2982 855 3043 ad
868 3002 930 3043 rem
943 2983 1051 3062 facere,
1061 2992 1096 3043 ut
1107 2982 1212 3045 harum
1221 3005 1266 3045 re-

165 3098 228 3139 rum
240 3087 333 3137 testes
346 3076 540 3138 adducantur.
582 3076 659 3137 Eum
668 3076 747 3136 enim
759 3074 810 3155 qui
823 3083 966 3153 perpetuo
976 3075 1181 3146 calumniatur,
1194 3075 1267 3153 quid

165 3170 355 3232 nanciscere
369 3168 594 3229 asbtinendum
608 3168 676 3230 estl
698 3168 801 3247 Atque
813 3165 887 3226 illud
901 3166 990 3225 etiarn
1004 3185 1061 3244 ego
1074 3184 1157 3240 saue,
1171 3166 1265 3229 Athe·

165 3264 292 3339 aienses,
313 3262 460 3333 existimo,
472 3250 542 3340 quta
559 3261 669 3321 indicia
681 3270 752 3335 sunt
767 3276 882 3340 moram
896 3256 1080 3317 Phormionis
1099 3267 1130 3318 et
1141 3258 1266 3339 justitia

166 3354 229 3433 ejus
242 3363 274 3415 et
286 3352 485 3426 humanitatis,
497 3372 534 3437 ea
547 3352 634 3414 etiam
649 3372 665 3411 e
679 3372 711 3412 re
729 3370 795 3412 esse
806 3360 840 3410 ut
853 3349 936 3427 uobis
950 3359 1146 3429 exponantur.
1186 3351 1267 3413 Nam
1346 3378 1358 3395 κ

166 3448 216 3526 qui
229 3456 310 3507 esset
322 3446 353 3505 in
367 3464 467 3505 omnes
478 3445 606 3524 iniquus,
623 3444 768 3516 fortassis,
781 3454 815 3503 ut
834 3441 884 3501 isti
896 3442 986 3503 etiam
997 3441 1131 3518 injuriam
1144 3444 1266 3517 faceret,

167 3540 227 3599 fieri
240 3539 403 3619 potuisset:
427 3538 477 3616 qui
491 3557 561 3599 rero
577 3538 686 3605 nemini
705 3536 795 3597 ullam
809 3535 943 3616 injuriam
956 3536 1035 3609 fecit,
1049 3536 1078 3595 in
1097 3537 1207 3598 multos
1219 3538 1266 3599 ul·

167 3643 210 3694 tro
233 3634 376 3695 beneficia
396 3632 533 3703 contulit,
548 3630 573 3691 is
591 3650 652 3709 qua
675 3631 795 3691 tandem
817 3629 963 3709 probabili
986 3629 1100 3713 ratione
1120 3630 1265 3709 impulsus

167 3724 254 3795 istum
274 3727 369 3787 solum
391 3743 428 3784 ex
449 3722 582 3785 omnibus
595 3722 739 3783 violaret?
768 3721 825 3783 llis
844 3720 932 3801 igitur
955 3720 1128 3783 memoralis
1148 3722 1268 3795 auditis,

168 3819 319 3901 utriusque
333 3818 481 3899 ingenium
496 3800 694 3895 cognoscetis.

580 3951 850 4042 susurrorem.
961 4052 966 4061 ³

170 4129 256 4189 Nosti
268 4128 357 4189 etiam
371 4127 422 4188 illa
434 4127 464 4187 in
478 4102 693 4207 Apollodorum
705 4123 744 4183 de
757 4121 965 4202 improbitate?
1008 4216 1013 4221 ·

583 4324 851 4386 TESTIMONlA.

173 4472 221 4531 An
234 4490 304 4532 vero
317 4470 373 4533 iste
387 4468 456 4531 huic
469 4468 570 4530 similis
584 4468 623 4531 sit
635 4468 831 4531 considerate.
872 4466 987 4530 Recita.
