2967 4950
283 290 345 358 did
365 343 368 352 ,
587 287 767 362 ΙΘΟΝ·ΤΙὶ·Α
786 289 1075 358 introcat-ttulit

284 453 342 518 stt,
363 452 397 504 ut
416 463 451 504 aa
472 445 583 510 mulcta
597 511 599 516 ,
611 465 708 527 neque
733 447 904 517 sol-veretur,
927 465 1026 524 neque
1047 446 1086 513 in,
1099 463 1205 517 arcam,
1218 444 1366 517 referretur,

287 557 375 617 quam
399 537 579 599 Theocrines
598 560 682 608 ,nuno
705 540 807 620 opinor
828 538 1014 606 nihilominus
1037 559 1077 606 ex
1095 537 1161 616 lege
1174 537 1270 604 debet.
1306 537 1365 596 Non

284 631 376 703 enim,
391 631 415 690 si
427 631 570 692 Ctesicles
584 633 742 710 inquilinus
757 633 812 692 iste
825 631 1015 704 concesserit,
1028 632 1178 710 improbus
1192 631 1328 711 imarus,
1336 650 1366 693 ne

286 723 420 784 tradatur
441 724 625 784 exactoribus
647 724 681 798 is,
695 726 744 804 qui
766 723 833 805 lege
858 725 896 784 sit
916 725 1082 796 damnatus,
1105 734 1256 805 propteroa
1279 723 1367 783 civitas

286 815 452 876 fraudanda
465 825 512 877 est
524 817 650 890 mulctis,
671 817 817 898 alegibns
836 817 987 897 irrogatis:
1011 817 1064 876 sed
1087 817 1175 877 decet
1196 816 1367 886 adversarios,

287 910 319 975 ia
330 910 458 990 privatis
466 910 663 980 contractibus
676 913 753 972 inter
765 931 798 972 se
813 911 971 990 transigere
986 909 1129 971 arbitratu
1138 925 1205 982 suot
1216 909 1245 968 in
1258 907 1367 988 publicis

287 1021 358 1063 vero
372 1003 496 1082 negotiis
510 1023 612 1082 parere
630 1004 756 1083 legibus.
797 1005 842 1064 Ac
856 1003 1036 1084 legemmibi
1048 1003 1149 1074 recita,
1160 1023 1229 1082 quae
1236 1003 1316 1082 jubet
1331 1021 1368 1062 se.-

288 1095 408 1155 missem
422 1095 620 1157 aestimationis
634 1097 740 1157 debere
755 1098 883 1177 publico,
894 1117 961 1158 enm
976 1096 1026 1177 qui
1039 1117 1091 1176 per
1106 1096 1241 1176 injuriam
1255 1114 1369 1155 asserere

289 1189 320 1248 in
333 1188 495 1248 libertatem
504 1187 648 1263 videatur,
661 1189 896 1270 et'Cepbisodori
908 1189 1118 1250 testimonium.

614 1415 702 1480 LEX.
743 1421 1051 1484 TESTIMONlUbl.

289 1558 375 1620 lllarn
397 1561 483 1620 etiam
502 1561 600 1642 legem
621 1562 729 1636 recita,
741 1584 808 1642 quae
831 1565 869 1626 ab
892 1586 929 1627 ea
949 1566 997 1625 die
1019 1566 1127 1626 debere
1146 1565 1243 1645 jubet,
1265 1586 1318 1646 qua
1340 1567 1370 1626 sit
1433 1562 1434 1565 ’

288 1651 454 1725 damnatus,
471 1652 530 1713 sive
551 1653 690 1736 inscripta
710 1655 830 1730 mulcta,
844 1657 903 1718 sive
916 1677 976 1717 non
991 1657 1130 1736 iuscripta
1144 1655 1191 1715 sit.

793 1871 883 1932 LEX.

331 2015 359 2074 6.
382 2017 449 2082 Quo
462 2015 551 2096 igitur
565 2015 623 2091 alio
635 2027 733 2096 pacto,
748 2016 881 2087 ludices,
895 2034 981 2094 aequo
994 2015 1158 2076 accusatori
1172 2013 1369 2077 ostendendum

290 2115 345 2182 est,
369 2109 559 2170 Theocrinem
580 2118 658 2169 reete
681 2128 747 2170 esse
772 2109 913 2181 delatum,
927 2128 982 2169 nec
1001 2119 1118 2188 propter
1139 2109 1221 2169 mille
1235 2107 1372 2168 drachmas

289 2199 443 2276 duntaxat,
457 2205 495 2261 ob
514 2221 587 2282 quas
607 2201 721 2261 delatus
744 2211 799 2274 est,
822 2202 915 2261 teneri
935 2201 1160 2274 delatione‚·sed
1180 2202 1280 2262 multis
1298 2201 1369 2260 etism

290 2293 354 2354 aliis
368 2295 541 2354 obstrictum
562 2315 626 2355 esse
647 2288 786 2354 mulctis?
807 2293 950 2373 Equidem
973 2295 1030 2354 alio
1054 2295 1134 2355 nullo
1155 2305 1241 2374 puto,
1281 2293 1371 2374 Neque

288 2386 366 2445 enim
379 2387 607 2466 exspectandum
617 2389 750 2468 profecto
762 2397 817 2456 est,
832 2387 902 2446 dum
915 2388 978 2465 ipse
987 2387 1166 2446 'l'beocrines
1176 2386 1281 2447 serario
1291 2396 1369 2445 vestro

289 2499 319 2539 se
343 2480 451 2539 debere
470 2481 608 2553 fateatur,
626 2491 656 2541 et
673 2486 740 2557 jure
765 2480 895 2541 delatum
919 2502 984 2540 esse
1007 2481 1104 2540 dicat:
1127 2482 1185 2541 imo
1211 2480 1369 2542 contrarium

288 2572 349 2645 fiet,
365 2572 480 2653 quidvis
502 2573 581 2633 dicet
601 2573 708 2653 potius,
721 2574 840 2653 quasvis
864 2574 1079 2635 criminationes
1097 2575 1237 2655 proferet,
1252 2594 1283 2635 se
1303 2570 1370 2633 faeti·

289 2663 394 2723 onibns
418 2665 551 2744 opprimi,
574 2686 605 2725 se
624 2677 743 2746 propter
765 2668 864 2746 legum
889 2667 1089 2727 defensionem
1104 2669 1247 2747 exagitari
1269 2665 1370 2748 quirin·

222 2830 227 2843 ι
295 2755 385 2817 bitur.
428 2758 505 2816 Nam
528 2757 578 2836 qui
592 2778 711 2818 causam
727 2759 817 2839 ipsam
833 2760 906 2821 tueri
928 2773 1088 2839 nequeunt,
1107 2761 1164 2821 boc
1181 2759 1371 2841 reliqunmha·

288 2850 371 2922 berit,
391 2858 426 2908 ut
451 2850 570 2930 effugia,
590 2862 624 2911 ut
645 2871 750 2912 causas
776 2855 938 2932 quaeritent,
961 2876 1037 2933 quae,
1052 2868 1151 2935 erepta
1172 2854 1266 2935 ipsius
1290 2870 1371 2913 cause

291 2943 504 3018 recordatione,
528 2944 558 3004 in
572 2946 606 3005 iis
621 2966 674 3005 vos
695 2946 847 3007 detineant
859 2968 925 3027 quae
939 2949 976 3007 ad
993 2936 1086 3028 ipsam
1100 2968 1222 3009 cansam
1238 2948 1306 3008 nibil
1319 2943 1371 3005 atti·

289 3030 371 3096 nent.
414 3038 479 3117 Ego
492 3058 571 3111 vero,
592 3038 722 3110 Judices,
744 3040 768 3097 si
792 3040 821 3098 in
839 3040 953 3119 legibus
974 3060 1039 3119 quae
1053 3041 1138 3101 lectae
1153 3053 1235 3113 sunt,
1251 3040 1370 3120 scriptun

289 3129 430 3205 viderem,
451 3131 502 3191 illa
514 3153 581 3211 quae
596 3132 633 3193 de
647 3133 906 3193 calumniatoribus
921 3135 1034 3195 sancita
1047 3146 1125 3205 sunt,
1138 3134 1180 3195 ita
1193 3135 1311 3195 demum
1323 3140 1371 3191 ran

289 3222 436 3298 habenda,
453 3226 477 3285 si
490 3224 668 3286 Theocrines
688 3226 815 3299 delatus,
829 3246 926 3305 neque
940 3226 1154 3309 Thucydidem,
1169 3249 1267 3308 neque
1280 3228 1371 3287 Demo

260 3322 261 3325 ’
291 3316 432 3391 sthenem,
451 3338 547 3397 neque
560 3319 651 3379 alium
664 3319 829 3399 quempiam
845 3329 1008 3379 versantem
1022 3321 1052 3378 in
1074 3320 1226 3400 republica
1240 3320 1326 3380 virum
1338 3316 1371 3372 in-

291 3412 419 3479 cusaret,
443 3410 636 3489 quievissem:
672 3432 751 3472 nunc
778 3413 1002 3472 excusationum
1023 3412 1136 3473 illarum
1155 3414 1269 3477 nullam
1291 3412 1331 3472 vel
1348 3409 1370 3467 in

291 3499 407 3579 legibus
427 3502 567 3562 momenti
584 3504 692 3565 babere
712 3504 798 3566 video
817 3508 986 3587 quicquam,
1001 3507 1045 3567 vel
1061 3526 1125 3571 csse
1139 3528 1260 3580 novam,
1272 3518 1304 3565 ut
1319 3516 1370 3563 tan·

290 3613 379 3673 quam
402 3596 532 3656 inaudita
554 3597 798 3658 auscultationem
814 3612 969 3673 mereatur,
984 3600 1037 3659 sed
1058 3600 1189 3679 singulas
1205 3622 1224 3661 a
1241 3600 1299 3660 reis
1319 3614 1370 3656 ser·

291 3690 402 3751 centies
416 3690 586 3752 inculcatas.
628 3694 726 3771 Atque
747 3694 835 3753 etiam
849 3714 867 3754 e
881 3694 1044 3755 senioribus
1062 3696 1161 3766 audio,
1180 3695 1313 3765 ludices,
1324 3691 1370 3749 vio

291 3782 377 3843 latori
398 3785 497 3865 legum
518 3772 728 3847 nihilomnino
753 3786 890 3865 cuiquam
913 3807 980 3848 esse
1002 3788 1096 3849 vcniae
1118 3772 1370 3849 tribuendumisin

290 3876 439 3957 quippiam
460 3879 536 3939 forte
557 3880 604 3954 sit,
626 3900 687 3940 non
711 3882 895 3941 continenter
921 3881 1070 3962 improbis,
1093 3892 1212 3961 propter
1239 3877 1371 3951 sordium

290 3960 433 4048 quaestum
448 3969 529 4050 leges
549 3974 921 4053 aspernantibus-neque
944 3974 1021 4033 enim
1043 3974 1088 4033 fas
1110 3983 1156 4035 est
1167 3972 1274 4039 z—sed
1289 3971 1321 4037 iis.
1333 3964 1371 4045 qul

290 4082 326 4122 ex
339 4062 484 4141 imperitia
497 4084 591 4123 rerum
610 4066 732 4146 scriptas
755 4065 864 4125 alicubi
884 4066 969 4145 leges
991 4067 1073 4130 inviti
1090 4066 1296 4145 neglexerint3
1313 4078 1372 4140 quo·

289 4175 354 4215 rum
367 4154 455 4215 istum
469 4174 532 4213 esse
545 4156 748 4229 Theocrinem,
763 4177 850 4217 nemo
860 4156 978 4231 dixerit,
993 4169 1154 4237 contraque
1167 4157 1309 4235 inlegum
1322 4169 1371 4210 on·

289 4250 370 4307 nium
393 4247 558 4329 cognitione
581 4249 820 4311 versatissimum.
863 4251 963 4319 Quare
986 4250 1134 4316 cavendus
1148 4260 1203 4321 est,
1227 4268 1320 4328 neque
1337 4242 1373 4305 rel

291 4340 329 4399 ad
355 4362 428 4416 mea,
443 4341 489 4403 vel
514 4342 578 4422 ejus
601 4344 690 4403 verba
704 4344 930 4425 respiciendum.
972 4342 1079 4425 Neque
1098 4344 1174 4403 enim
1192 4360 1310 4425 aequum
1328 4347 1372 4402 est

291 4444 324 4491 ut
343 4434 392 4511 qui
415 4455 467 4513 pro
492 4436 590 4516 legum
609 4434 781 4498 defensione
799 4436 917 4511 adsunt,
933 4437 1053 4517 prolixis
1067 4434 1172 4497 fabulis
1184 4445 1217 4501 et
1232 4426 1374 4511 criminali¹

897 4532 907 4570 t
