2967 4950
271 344 331 402 ort
524 412 527 419 ,
609 344 651 402 lN
674 343 1030 403 OLYMPlODORUM.

272 516 372 557 omnes
392 514 427 559 ex
443 498 510 577 lego
531 499 581 577 qui
599 497 726 559 Cononis
740 499 820 559 bona
832 498 1012 565 obtinebant·
1054 498 1160 559 Recita
1173 496 1244 557 milri
1258 498 1354 577 legem,

271 610 308 653 er
322 611 379 671 qua
394 592 493 653 citatio
507 592 588 653 faeta
600 602 655 653 est.

780 786 867 843 LEX.

273 926 319 987 Ex
332 928 388 989 hac
400 927 478 1009 lege,
492 929 624 1002 Judices,
638 931 737 991 citatio
752 932 831 991 lacta
847 940 902 1002 cst,
920 936 952 987 et
974 926 1103 987 actiones
1124 927 1264 987 institutae
1279 937 1356 1007 prout

272 1019 484 1101 Olympiodoro
498 1024 593 1083 visum
607 1024 672 1097 fuit
715 1024 825 1083 Postea
836 1028 951 1101 'prator
969 1020 998 1077 iu
1012 1039 1114 1079 omues
1128 1019 1306 1079 adversarios
1318 1020 1356 1077 in-

271 1112 407 1191 quisivit3
420 1133 512 1193 eaque
524 1115 708 1195 inquisitione
723 1125 850 1194 peracta,
866 1112 983 1173 eosdem
998 1113 1028 1171 in
1037 1110 1181 1192 judicium
1195 1110 1356 1173 introduxit.

272 1196 349 1265 Cum
367 1217 464 1267 auteur
480 1208 707 1289 olympiodorus
730 1209 841 1288 primus
854 1216 964 1285 ageret,
980 1214 1011 1264 et
1023 1202 1168 1283 quicquid
1177 1215 1241 1264 erat
1253 1204 1354 1264 libitum

271 1294 391 1371 diceret,
405 1309 436 1359 et
449 1300 616 1361 testimonia
629 1300 781 1379 proferret,
793 1309 879 1379 prout
891 1297 916 1357 ei
935 1295 1102 1355 consultum
1116 1295 1283 1354 videbatur:
1297 1314 1354 1373 ego,
1443 1351 1444 1358 ,

270 1388 403 1465 ludices,
426 1391 531 1451 tacitus
555 1392 692 1453 sedebam
715 1392 746 1451 in
770 1392 860 1451 altero
880 1388 1028 1448 subsellio.
1077 1387 1124 1445 Ad
1145 1387 1224 1449 bunc
1247 1387 1354 1445 modum

270 1480 413 1543 instructa
425 1493 456 1542 et
468 1495 636 1562 comparata
648 1484 774 1555 actione,
787 1484 843 1543 iste
854 1482 939 1543 facile
952 1480 1032 1541 vicit.
1074 1480 1142 1549 Quo
1155 1480 1353 1551 victore,voto
1443 1527 1444 1562 3

269 1592 332 1631 rum
351 1574 480 1633 omnium
504 1576 575 1635 facti
594 1584 744 1655 compotes
762 1575 793 1634 in
811 1572 924 1654 judicio
942 1592 1053 1645 sumus,
1068 1572 1246 1651 recuperatis
1258 1573 1293 1630 ab
1305 1570 1354 1629 isto

269 1663 306 1725 iis
327 1685 394 1744 quae
417 1666 575 1727 adversarii
597 1687 615 1728 a
632 1668 716 1727 nobis
731 1668 932 1728 abstulerant:
954 1656 1021 1746 quaa
1034 1687 1102 1726 cum
1115 1664 1214 1725 omnia
1228 1684 1354 1725 unacum

271 1756 397 1835 pecunia
411 1778 497 1837 quam
512 1779 530 1819 a
548 1780 629 1820 servo
647 1770 811 1821 extorserat
829 1771 951 1833 teneret,
965 1760 1036 1819 nilril
1059 1780 1178 1839 prorsus
1195 1760 1270 1838 aequi
1290 1779 1354 1838 pra·

271 1861 349 1909 stara
364 1850 433 1909 mihi
451 1851 561 1921 voluit;
584 1853 634 1913 sed
656 1854 721 1930 ipse
740 1853 832 1913 habet
846 1853 953 1921 omnia,
968 1855 1099 1933 quamvis
1113 1864 1142 1912 et
1155 1853 1241 1912 fidem
1255 1851 1356 1911 dederit

266 1942 302 2001 'et
321 1960 354 2001 se
375 1962 412 2004 ex
434 1963 521 2024 raquo
544 1964 660 2005 mecum
681 1946 800 2005 omnino
817 1945 974 2004 divisurum
993 1946 1145 2025 pepigerit.
1163 1938 1168 1945 ’
1188 1935 1262 2013 Qus'e
1278 1953 1355 2024 pacta

271 2028 431 2093 etiamnum
444 2036 523 2117 apud
538 2036 747 2098 Androolidem
761 2038 818 2098 sita
836 2049 916 2110 sunt,
929 2038 979 2116 qui
997 2037 1076 2117 apud
1089 2058 1140 2097 vos
1159 2039 1222 2115 ipse
1237 2036 1355 2096 testimo-

271 2124 351 2185 nium
377 2126 461 2190 dixit.
502 2129 563 2189 Sed
583 2140 614 2189 et
634 2130 672 2189 de
685 2132 799 2190 caeteris
818 2150 885 2209 quae
903 2130 963 2190 dixi
976 2130 1109 2189 omnibus
1123 2130 1287 2191 testimonia
1297 2150 1354 2209 pro-

271 2216 372 2290 feram,
387 2238 421 2279 ac
434 2222 558 2299 primum
573 2222 610 2282 de
622 2223 672 2283 illo
685 2224 764 2304 quod
780 2225 816 2283 ab
829 2223 910 2282 initio
924 2235 1038 2303 gestum
1050 2235 1104 2295 est,
1120 2245 1187 2282 cum
1199 2232 1256 2305 'ego
1270 2235 1298 2283 et
1308 2224 1354 2283 iste
1443 2255 1444 2264 κ

272 2322 423 2393 nostropte
441 2314 554 2393 judicio
577 2325 608 2375 et
631 2318 778 2379 sententia
799 2316 898 2396 partiti
921 2317 1029 2376 luimus
1054 2337 1091 2376 ex
1108 2337 1205 2395 raquo,
1229 2315 1354 2397 quicquid

271 2403 489 2464 manifestarum
511 2408 683 2470 facultatum
707 2410 812 2469 Conon
840 2408 1013 2491 reliquisset.
1059 2408 1190 2468 Primum
1214 2410 1270 2471 hoc
1291 2427 1354 2489 capu
1442 2463 1443 2468 ,

271 2495 479 2572 testimouium,
492 2499 597 2560 deinde
611 2501 708 2562 omnia
722 2503 822 2583 legito.

666 2731 969 2792 TESTIMONIUM.

275 2877 357 2957 Cape
375 2889 406 2940 et
426 2883 673 2960 provocationem,
687 2905 746 2965 qua
769 2906 835 2945 eum
859 2885 1014 2966 provocavi
1036 2887 1074 2948 dc
1095 2889 1231 2963 nummis,
1246 2908 1312 2970 quos
1324 2887 1355 2947 ab

273 2968 389 3032 bomine
403 2971 453 3033 illo
466 2993 519 3054 per
532 2976 709 3054 quaestiones
723 2987 894 3039 extorserat.

640 3147 643 3152 ’
685 3181 964 3244 ruovocnrm.

276 3312 356 3393 Lege
369 3326 401 3375 et
412 3317 535 3377 alterum
550 3320 757 3394 testimonium,
778 3342 838 3402 quo
857 3323 1022 3383 declaratur
1045 3323 1225 3385 adversarios
1244 3334 1354 3392 nostros,

275 3425 343 3465 cum
355 3405 554 3470 lirareditatem
574 3414 776 3487 obtinuissent,
792 3416 947 3476 abstulisse
965 3419 1062 3477 omnia
1081 3438 1148 3496 quoe
1161 3439 1216 3479 nos
1228 3420 1353 3479 babuera-

276 3515 351 3572 mus,
375 3510 480 3579 practer
503 3504 655 3582 pecuniam
679 3526 769 3586 quam
793 3509 1019 3589 olympiodorus
1044 3512 1082 3570 ab
1109 3510 1226 3574 homine
1246 3513 1294 3571 illo
1310 3528 1355 3590 per

276 3592 454 3669 quaestiones
468 3605 638 3657 extorserat.

662 3791 975 3854 TESTIMONIUM.

278 3923 531 3990 Quemadmodum
544 3930 642 4012 igitur,
657 3933 790 4009 ludices,
804 3934 974 4018 manifestas
988 3936 1117 3998 Cononis
1140 3939 1290 4000 facultates
1308 3954 1354 4016 ego
1435 3986 1436 3991 1

277 4024 308 4076 at
323 4014 550 4098 Olympiodorus
575 4021 768 4100 diviserimus,
782 4047 818 4088 ex
841 4029 973 4089 oratione
995 4043 1095 4091 nostra
1115 4042 1180 4093 ete
1201 4029 1355 4093 testimoniis

166 4163 170 4171 ,
267 4108 440 4184 audivistis,
454 4111 534 4206 ἰΠμᾱΙ
550 4115 620 4176 item
643 4120 833 4197 cognovistis,
848 4121 935 4182 istum
954 4125 1111 4202 pecuniam
1125 4125 1163 4185 ab
1175 4126 1287 4188 homine
1303 4126 1354 4195 illo,

276 4220 394 4262 servum
408 4201 488 4280 dico,
500 4206 658 4286 accepisse,
673 4220 703 4271 et
720 4212 902 4274 adversarios
917 4235 1103 4295 quaecunque
1117 4237 1172 4290 nos
1185 4197 1354 4279 monebamus

267 4310 448 4372 occupasse,
462 4294 556 4364 donec
569 4301 623 4372 istc
636 4319 736 4362 rursus
749 4305 819 4365 vicit
839 4307 870 4364 in
884 4306 1016 4386 judicio:
1037 4310 1108 4389 quid
1127 4331 1197 4372 vero
1208 4322 1355 4394 pratexmt,

278 4400 330 4442 cur
349 4386 418 4448 mihi
443 4387 515 4452 nibil
536 4391 659 4456 reddere
675 4415 771 4476 neque
788 4399 865 4478 arqui
882 4400 1040 4481 quicquam
1059 4415 1201 4485 praesme
1221 4406 1298 4480 velit,
1316 4404 1354 4465 his
