2967 4950
210 296 260 360 dd
424 338 427 347 .
457 286 821 354 humamanam
836 230 1085 348 LEGATIONE.

220 444 983 527 garumsupplices,utcummeorutnsus'ciperetis.
1005 442 1046 504 lis
1060 435 1279 502 Demosthenes
1290 439 1324 492 et

147 569 160 578 ·
221 541 404 607 Philocrates
424 541 596 620 patrocinati
611 549 690 611 suut,
703 559 764 598 non
784 538 946 598 AEschines.
974 537 1018 596 Et
1035 535 1166 613 legatum
1191 529 1231 589 ad
1250 525 1321 585 Phi-

220 633 333 712 lippum
350 634 470 692 mittunt
489 632 705 692 Aristodemum
719 629 899 702 histrionem,
919 627 1109 689 ob'notitiam
1122 635 1153 685 et
1165 622 1323 697 sungra-

221 727 300 788 tiam.
323 725 365 784 Ut
374 735 474 785 autem
486 745 504 784 a
517 725 663 804 legatione
676 742 811 784 reversus
833 722 1047 799 Aristodemus,
1060 727 1179 798 propter
1192 731 1323 791 occupa·

220 820 315 880 tiones
327 818 473 898 quasdam
486 817 724 878 nonaceedebat
736 826 884 887 senatum,
898 813 1059 875 Stratocles
1073 831 1140 873 eum
1157 805 1325 874 antevertit,

178 970 180 981 ,
220 912 370 990 proiectus
380 930 417 970 ex
432 911 621 983 Macedonia,
632 909 684 968 ubi
696 909 830 989 captivus
843 909 949 977 iuerat,
964 918 994 966 et
1006 905 1068 968 aine
1079 903 1172 984 pretio
1184 899 1324 962 diutissus

221 1021 240 1062 a
260 1001 407 1081 Philippo,
421 1002 558 1068 ibimulti
571 996 814 1081 indignabantur,
828 1001 909 1078 quod
927 994 1130 1058 Aristodemus
1143 992 1326 1072 legationem

221 1112 284 1160 non
295 1094 509 1167 renunciasset,
529 1113 597 1154 cum
611 1094 716 1154 eadem
729 1092 767 1152 de
782 1091 950 1170 Philippos
965 1081 1327 1184 Stratoclereierriaudb

221 1195 308 1252 rent,
317 1185 471 1247 Postremo
481 1195 612 1246 senatum
626 1186 777 1264 ingressus
794 1185 984 1244 Democrates
1000 1182 1328 1261 Aphidnaeus,senatu1

221 1287 325 1354 auctor
343 1290 390 1341 est
403 1278 585 1340 Aristodemi
599 1277 766 1338 revoc-andi.
789 1277 860 1334 Fuit
877 1283 1196 1338 autem-tumsenator
1211 1268 1326 1332 Demo-

222 1370 353 1443 sthenes,
364 1381 520 1432 accusator
529 1390 623 1430 meus.
634 1368 823 1448 Progressus
835 1369 1047 1441 Aristodemus,
1061 1373 1238 1446 magnopere
1248 1385 1329 1444 prte-

222 1463 332 1528 dicarit
345 1463 472 1541 Philippi
485 1462 733 1533 benevolentiam,
748 1482 837 1540 quarn
851 1481 921 1541 erga
934 1472 1063 1545 nostram
1075 1459 1325 1530 urbemhhberet,

222 1555 391 1635 etradjecit,
403 1553 571 1634 Philippum
590 1555 679 1614 etiam
698 1547 869 1614 sdcietatem
891 1573 957 1614 cum
975 1553 1125 1634 republica
1141 1552 1326 1612 coireuelle.

224 1648 329 1726 Neque
342 1648 374 1706 in
387 1646 470 1706 curia
483 1647 626 1707 duntaxat
638 1647 714 1716 baec,
728 1647 824 1706 sed-et
838 1665 890 1724 pro
905 1646 1148 1707 concionedixit.
1165 1647 1275 1724 Atque¹
1284 1647 1328 1705 ibi

223 1739 414 1804 nibilcontra
434 1737 509 1796 disit
522 1738 758 1810 Demosthenes,
780 1737 834 1798 sed
854 1747 885 1797 et
899 1757 1044 1800 ‚coronam
1064 1737 1251 1798 Aristodemo
1273 1738 1330 1801 de-

223 1833 326 1904 crevit.
373 1903 377 1911 .
1168 1846 1170 1852 ’
1303 1865 1305 1868 -

262 1922 371 1990 artis
391 1923 472 2002 apud
492 1923 631 2004 populum
646 1924 745 1994 dictis,
768 1923 898 1986 decrevit
918 1924 1112 1996 Philocrates,
1133 1945 1154 1984 x
1176 1926 1328 2004 legatosa

157 2065 159 2068 <
212 2017 307 2086 vobis
320 2035 385 2075 esse
398 2016 553 2088 creandos,
565 2017 614 2094 qui
627 2035 694 2076 cum
710 2017 846 2097 PbiIIppo
861 2016 899 2078 de
912 2037 986 2097 pace
1000 2029 1132 2097 agerent,
1146 2029 1177 2078 et
1190 2019 1224 2077 iis
1238 2021 1328 2080 rebus

224 2129 292 2189 quoe
304 2129 342 2177 ex
355 2127 447 2186 aequo
457 2109 679 2169 'Atheniensium
693 2120 724 2170 et
737 2110 866 2191 Philippi
879 2111 1065 2172 interessent.
1087 2111 1221 2172 Decretis
1237 2131 1260 2170 x
1283 2114 1329 2172 le·

224 2203 316 2281 gatis,
334 2221 392 2279 ego
405 2200 579 2281 designatus
593 2222 658 2260 aum
672 2223 691 2261 a
705 2202 858 2274 Nausicle‘,
880 2203 1096 2264 Demosthenes
1116 2224 1134 2264 a
1147 2205 1328 2276 Philocrate,

225 2313 313 2374 quem
324 2312 404 2362 ,nunc
415 2303 545 2359 accusat.
570 2293 714 2371 Eaporro
729 2295 879 2355 alacritate
893 2315 953 2354 rem
968 2295 1127 2374 gerendam
1141 2297 1330 2376 suscepit,·ut

224 2387 255 2458 in
269 2396 381 2457 senatu,
389 2384 530 2445 scriberet
541 2405 600 2465 qno
613 2383 687 2446 citra
697 2407 783 2446 suum
799 2389 1003 2447 detrimentum
1018 2387 1172 2447 nobiscum
1182 2389 1246 2448 Iret
1260 2391 1329 2450 Ari·

225 2479 388 2552 stodemus,
396 2480 509 2558 legatos
521 2481 666 2540 creandos
679 2500 746 2545 esse
759 2482 790 2540 in
803 2501 853 2541 eas
865 2484 962 2553 urbes,
977 2482 1125 2559 inquibus
1138 2484 1329 2545 Aristodemo

226 2572 400 2634 certandum
421 2583 511 2643 esset,
524 2574 574 2652 qui
595 2573 720 2634 mulctas
734 2591 788 2653 pro
809 2594 844 2633 eo
857 2575 1095 2661 deprecarentur.
1123 2575 1197 2643 Quae
1211 2587 1244 2637 ut
1257 2599 1329 2639 vera

140 2722 143 2728 ,
226 2686 298 2733 esse,
306 2674 440 2737 constet,
447 2684 531 2723 sume
541 2666 674 2737 decreta,
684 2666 868 2744 etscriptum
882 2668 1061 2727 Aristodemi
1070 2668 1269 2729 testimonium
1281 2692 1327 2731 re·

225 2758 294 2829 rita,
308 2767 339 2825 et
351 2776 405 2824 eos
416 2771 501 2827 voca,
514 2757 713 2835 quihoceum
726 2758 1111 2831 testificantemaudiernnt,
1126 2772 1164 2821 ut*
1173 2763 1269 2823 sciant
1278 2764 1327 2843 ju·

226 2849 399 2928 dicea„quis
412 2849 501 2909 fuerit
514 2849 689 2925 Philocratis
704 2851 828 2923 amicus,
843 2852 908 2931 quis
922 2853 991 2916 item
1011 2851 1280 2933 qui2polliceretur,
1297 2878 1329 2917 se

225 2962 348 3033 munera
360 2942 548 3014 Aristodemo
561 2944 782 3023 impetraturum
790 2964 862 3009 ,esse
874 2965 893 3007 a
904 2948 1024 3027 populo.

230 3102 671 3212 'macharumsnrerts
690 3142 791 3202 FIDE
813 3142 1028 3205 RECITATA
1042 3141 1311 3206 TESTIMONIA.

227 3279 328 3341 Prima
340 3282 430 3361 igitur
444 3283 540 3366 ‚totius
554 3283 595 3350 rei
610 3284 767 3361 institutio,
780 3305 841 3345 non
861 3305 879 3346 a
899 3306 957 3360 me,
972 3288 1025 3351 sed
1039 3276 1283 3355 aDemostbene
1296 3302 1333 3355 ,et

229 3372 394 3433 Philocrate
408 3385 455 3433 cat
467 3374 610 3455 prosecta.

230 3475 233 3481 ·
272 3467 321 3523 lt).
333 3464 377 3522 'ln
390 3466 537 3543 legatione
551 3488 638 3546 porro
652 3488 756 3529 mensa
765 3470 870 3532 eadem
884 3470 1036 3533 nobiscum
1050 3472 1231 3547 utistuduit,
1241 3476 1332 3555 idque

228 3575 289 3619 non
304 3576 322 3615 a
337 3576 384 3616 me
403 3558 539 3631 obtinuit,
554 3560 608 3619 sed
625 3581 644 3620 a
656 3562 728 3629 meis
742 3564 968 3637 convictoribus,
983 3565 1019 3624 ab
1041 3566 1332 3645 Aglaocreoutell'e·

228 3648 326 3721 nedio,
339 3666 425 3728 quem
447 3670 466 3709 a
480 3643 566 3711 sociis
585 3652 773 3732 delegeratis,
788 3664 819 3714 et
832 3658 868 3715 ab
883 3656 1020 3718 Iatrocle.
1047 3657 1114 3730 Jam
1130 3658 1159 3717 in
1173 3659 1278 3721 itinere
1293 3662 1334 3725 ait

227 3760 277 3801 me
291 3741 346 3801 sibi
359 3752 508 3802 auctorem
523 3744 614 3804 fuisse
627 3745 733 3805 belluae
744 3748 937 3809 communiter
951 3748 1102 3821 cavendae,
1114 3750 1251 3813 nimirum
1261 3752 1332 3813 Phi-

227 3833 364 3894 locratis:
386 3846 582 3898 commentum
597 3838 736 3899 referens.
760 3841 828 3915 Quo
838 3851 926 3921 pacto
940 3842 1017 3901 enirn
1031 3862 1088 3921 ego
1099 3843 1333 3905 Demosthenem

172 4009 174 4014 Ι
228 3940 332 3988 contra
345 3927 541 3990 Philocratem
551 3932 759 4012 concitantem,
774 3952 862 4011 quern
875 3933 979 3993 scirem
993 3945 1023 3993 et
1036 3935 1253 4014 patrocinatum
1267 3959 1333 4005 esse

229 4020 389 4083 Philocrati
400 4025 429 4082 in
442 4024 613 4086 violatamm
628 4025 730 4105 legum
741 4027 869 4101 actione,
878 4038 908 4088 et
920 4029 1084 4109 legatuma
1097 4030 1272 4094 Philocrate.
1281 4033 1334 4094 de-

228 4115 396 4195 signatum?
417 4116 566 4177 Preterea
578 4138 638 4177 non
651 4119 683 4177 in
704 4120 870 4195 hujusmodi
889 4120 1034 4182 duntaxat
1053 4124 1148 4183 verbis
1162 4144 1217 4184 nos
1231 4126 1332 4207 legati,

229 4209 282 4268 sed
296 4211 326 4268 in
340 4220 404 4269 toto
424 4211 527 4269 itinere
542 4209 666 4271 tolerare
684 4213 779 4272 coacti
789 4234 899 4283 ,sumus
919 4214 1164 4293 Demosthenem,
1181 4214 1332 4286 hominem

228 4298 441 4361 intoleiabilem
455 4312 486 4362 et
495 4303 663 4364 molestum.
686 4305 764 4365 Nam
774 4302 846 4367 'cum
856 4326 911 4367 nos
925 4307 1017 4389 legati
1031 4310 1250 4393 meditaremur,
1260 4312 1334 4393 quid

230 4392 314 4451 nobis
328 4394 485 4457 dicendum
498 4406 587 4480 esset,
601 4408 633 4457 et
646 4398 731 4464 Cimo
743 4400 876 4477 dixisset,
886 4402 1034 4479 vererise,
1049 4404 1333 4493 nePhilippusjure
