2967 4950
247 305 307 365 ore
464 301 511 364 ιιι
533 300 738 363 umanum
760 301 813 364 ιι
834 285 1124 395 miserantum.

246 456 395 539 telligatis,
405 477 493 539 quarn
508 459 609 521 multis
622 468 654 519 et
665 476 721 539 ego
734 454 789 518 rim
802 454 926 520 affectus
937 456 1058 538 injuriis,
1073 464 1105 517 et
1115 463 1149 515 ιιι
1156 453 1275 536 judices
1287 453 1338 515 de·

246 551 325 633 cepti
336 550 456 626 fuerint,
469 563 499 613 et
512 563 546 614 ut
559 552 608 613 isti
620 551 696 613 falsa
709 549 854 614 testificati
869 551 937 612 sint.

285 644 316 705 2.
338 642 402 707 Etsi
423 656 523 707 autern
536 644 661 707 maxime
680 644 784 705 vellem
797 662 857 704 uon
873 643 981 705 lacessi
993 640 1063 704 nrihi
1077 641 1243 723 negotium:
1265 651 1336 703 atta-
1453 611 1454 650 ³

246 754 313 797 men
327 737 352 797 si
364 737 412 797 cui
426 737 525 819 quieto
538 756 604 800 esse
618 757 677 799 non
690 737 769 809 licet,
778 736 849 798 illud
859 736 1024 817 jucundum
1035 746 1092 809 est,
1101 755 1168 798 curn
1180 735 1216 796 iis
1226 735 1336 817 litigare

249 828 298 907 qui
311 828 392 890 vobis
407 829 499 911 ignoti
511 848 572 890 non
585 840 665 891 suut.
706 830 796 891 Nunc
809 830 923 911 longior
936 850 954 891 ι
968 851 1014 891 me
1028 840 1157 891 sumetur
1170 829 1263 890 oratio
1276 849 1336 890 mo·

247 921 328 981 ribus
351 940 450 982 eorum
475 922 679 1002 ostendendis,
700 942 789 1004 quarn
816 922 977 983 testimonii
998 922 1127 991 falsitate
1151 922 1336 991 revincenda.

249 1012 326 1073 Nam
338 1012 370 1072 id
382 1014 500 1094 quidem
517 1035 584 1076 esse
603 1015 721 1089 salsum,
739 1016 796 1095 ipsi
817 1013 889 1076 milri
908 1015 1064 1076 ostendere
1084 1014 1228 1087 videntur,
1243 1034 1338 1094 neque

246 1124 304 1185 ego
318 1102 439 1166 necesse
453 1106 550 1167 habeo
564 1115 654 1167 testes
668 1107 752 1183 alios,
767 1128 854 1189 quarn
867 1107 932 1169 illos
944 1107 1035 1188 ipsos,
1048 1108 1220 1189 producere.
1263 1107 1338 1167 Nam

248 1197 359 1277 quaeis
373 1196 483 1259 ratione
500 1196 602 1259 liceret
612 1197 728 1260 liberari
742 1199 866 1280 negotiis
880 1220 935 1261 nee
952 1200 983 1259 iu
996 1212 1094 1261 vestro
1101 1198 1215 1281 judicio
1225 1199 1339 1280 pericli·

247 1289 311 1365 uri,
330 1298 361 1351 et
382 1289 479 1371 reipsa
503 1290 662 1353 testimonii
683 1291 836 1354 veritetem
857 1293 1038 1367 confirmare,
1057 1292 1204 1353 mulierem
1224 1291 1337 1353 tradere

247 1381 412 1456 noluerunt,
426 1401 515 1462 quarn
533 1383 563 1443 iu
586 1384 781 1463 questionem
793 1386 863 1447 dare
876 1386 1004 1449 voluisse
1017 1385 1239 1467 Theopbenrurn
1260 1384 1338 1466 apud

246 1474 386 1535 arbitrum
399 1473 601 1556 Pythodorum
621 1477 788 1540 Cedensem
805 1479 954 1541 tesdlicati
974 1490 1054 1553 suut,
1066 1489 1098 1541 et
1110 1498 1200 1559 quom
1213 1498 1272 1559 ego
1292 1496 1338 1537 rue

244 1577 429 1648 recepturum
443 1587 509 1628 aum
522 1569 681 1650 professus,
691 1582 725 1633 ut
735 1582 827 1633 testes
839 1573 963 1652 quitum
973 1571 1084 1633 affuere
1095 1571 1178 1632 vobis
1188 1570 1337 1650 injudicio

247 1660 396 1723 testificati
408 1671 485 1736 suut,
505 1674 537 1723 et
557 1666 742 1727 nuncetiam
762 1667 1015 1728 testificabuntur:
1036 1686 1110 1747 quos
1131 1664 1337 1747 Tbeophemus

246 1755 318 1835 ipse,
328 1764 362 1815 nt
374 1774 443 1816 vere
452 1755 637 1834 testificatos,
650 1779 747 1839 neque
758 1760 918 1835 accusavit,
928 1758 1098 1839 nequefalsi
1107 1758 1264 1824 testimonii
1276 1777 1337 1820 reos

247 1850 318 1928 egit

246 1968 250 1981 ¹
285 1944 319 2003 ’3.
342 1944 441 2023 Atque
455 1942 530 2005 adeo
548 1942 604 2023 ipsi
624 1943 685 2008 lere
707 1944 738 2004 in
757 1945 924 2006 testimonio
935 1944 1132 2018 ,confitentun
1147 1944 1275 2005 voluisse
1289 1963 1336 2005 me

244 2034 396 2097 admit'tere
409 2036 569 2109 mulierem,
582 2034 801 2116 Theopheurum
817 2047 914 2099 autem
927 2037 1180 2121 differre‘jussisse
1193 2037 1282 2117 idque
1292 2056 1337 2097 rue

217 2157 219 2163 ¹
246 2127 437 2191 detrectasse.
478 2128 575 2197 Quam
588 2148 657 2189 vero
677 2140 707 2189 et
727 2148 785 2209 ego
808 2129 962 2189 admittere
981 2130 1072 2204 volui,
1089 2138 1120 2189 et
1133 2128 1336 2209 Tbeophemus
1454 2173 1455 2206 ,

246 2220 425 2282 obtulit-ut
448 2219 495 2279 isti
516 2219 648 2293 aiunt—,
665 2220 752 2301 cujus
777 2230 874 2280 tamen
894 2240 1000 2301 corpus
1021 2240 1106 2281 nemo
1132 2220 1236 2281 adesse
1257 2220 1338 2295 vidit,

246 2331 343 2394 neque
363 2321 434 2372 tune
456 2310 536 2391 apud
550 2310 700 2383 arbitrum,
714 2331 807 2391 neque
828 2313 857 2373 iu
872 2313 984 2390 judicio
1004 2322 1081 2393 post,
1093 2332 1188 2393 neque
1207 2312 1275 2372 alibi
1289 2332 1338 2372 us-
1454 2323 1455 2354 ι

245 2422 335 2485 quam
348 2402 497 2475 traditum,
513 2420 578 2463 eam
592 2402 739 2465 testificati
753 2404 801 2465 isti
815 2416 895 2480 suut,
909 2406 1024 2467 tradere
1044 2405 1172 2467 voluisse
1186 2404 1339 2485 Theophe·

245 2517 327 2559 mum
339 2505 370 2557 et
380 2496 539 2557 obtulisse:
560 2496 682 2558 iudices
697 2507 794 2559 autem
807 2501 918 2579 opinati
933 2509 1011 2582 sunt,
1021 2519 1122 2560 verum
1134 2519 1197 2560 esse
1211 2498 1242 2558 id
1256 2499 1338 2559 testi·

248 2589 401 2658 moniumr
420 2606 467 2648 me
480 2607 549 2649 vero
572 2582 708 2650 reeusere
728 2610 787 2669 quo
801 2591 896 2652 minus
909 2612 926 2651 e
940 2592 1058 2652 muliere
1075 2593 1287 2672 perquireretur
1300 2591 1338 2651 de

247 2679 461 2760 verberatione,
474 2689 541 2741 uter
558 2694 691 2743 nostrum
709 2684 788 2763 prior
801 2684 999 2766 perinjurium
1011 2685 1095 2746 elteri
1108 2705 1212 2746 manus
1225 2685 1338 2745 attulis-

248 2780 304 2833 ιιι.
338 2771 405 2833 Hoc
413 2769 490 2832 enirn
503 2772 558 2832 sibi
566 2773 630 2834 vult
639 2775 847 2836 verberationis
857 2778 988 2837 verbum
1016 2777 1159 2857 Nunquid
1172 2797 1243 2856 ergo
1256 2775 1339 2836 aliter

247 2862 310 2924 fieri
323 2871 421 2945 potest
433 2860 502 2942 quin
515 2862 619 2924 salsa
610 2865 660 2926 rsti
680 2867 827 2928 testificati
844 2866 902 2927 sint
903 2869 976 2949 ,qui
996 2889 1034 2930 ne
1054 2889 1134 2930 nunc
1154 2870 1272 2948 quidem
1284 2887 1337 2928 au·

247 2953 318 3016 deut
341 2974 447 3036 eorpus
473 2955 601 3017 mulieris
628 2956 817 3020 trudere-id
841 2961 921 3051 quod
946 2961 1089 3021 obtulisse
1116 2959 1338 3064 Theopbenruru

247 3047 393 3123 dixerunt,
413 3048 496 3128 eique
509 3048 657 3110 testificati
677 3061 797 3126 sunt-,
810 3061 841 3112 et
853 3053 1007 3114 testimonii
1020 3053 1170 3114 veritatem
1184 3052 1248 3134 ipso
1261 3044 1339 3112 facto

247 3141 429 3216 confirmare,
442 3151 474 3202 et
488 3151 580 3202 testes
599 3142 733 3205 molestia
746 3144 933 3225 periculoque
953 3146 1087 3220 liberere,
1103 3145 1211 3206 tradito
1224 3142 1338 3207 ancille

247 3251 379 3314 corpore,
392 3243 426 3294 ut
446 3234 614 3313 exquiratur
632 3253 651 3296 a
671 3235 790 3296 muliere
806 3237 844 3297 de
858 3239 1068 3313 verberatione,
1080 3257 1140 3318 quo
1152 3257 1211 3319 ego
1226 3238 1339 3320 judicio

247 3323 471 3406 Theopbenrunr
484 3335 653 3406 persequor,
666 3328 804 3408 quoniam
818 3349 882 3390 eam
900 3340 962 3390 tum
981 3351 1041 3391 nou
1054 3330 1195 3406 exhibuit,
1208 3342 1240 3392 et
1251 3351 1339 3412 ergu-

249 3427 381 3477 mentum
395 3437 432 3478 ex
445 3418 478 3478 iis
481 3419 608 3498 ‚quibus
623 3429 685 3481 tum
706 3420 916 3503 Theophemus
929 3423 1063 3486 dicendis
1077 3422 1195 3505 decepit
1207 3423 1338 3497 dodim,

164 3583 166 3590 Ι
250 3507 404 3570 sumatur?

288 3603 319 3661 4
336 3601 446 3661 Aiebat
464 3602 541 3662 enim
560 3603 590 3681 iu
612 3607 936 3681 causaverberationis,
958 3618 1049 3671 testes
1072 3610 1123 3689 qui
1144 3608 1289 3672 effuetm
1310 3617 1339 3670 et

246 3683 431 3753 testabantur
441 3713 478 3753 ea
490 3715 556 3776 quoe
570 3677 647 3757 tacta
659 3697 796 3759 fuerant
787 3720 817 3759 ιι
832 3702 935 3762 tabula
947 3722 985 3763 ex
997 3703 1074 3783 lege,
1088 3702 1186 3765 falsos
1193 3723 1264 3765 esse
1278 3714 1338 3763 ιιι

247 3805 294 3846 rue
315 3788 505 3849 subornatos:
526 3789 676 3850 mulierem
697 3811 767 3852 vero
788 3815 866 3874 quae
867 3795 1000 3856 affuisset
1018 3814 1088 3856 vera
1111 3796 1265 3871 dicturam,
1279 3814 1338 3857 non

246 3879 564 3966 tabellutestilicando,
576 3885 804 3950 sedfirmissimo
818 3890 993 3963 testimonio,
1004 3891 1164 3964 tormentis,
1178 3901 1255 3952 uter
1264 3892 1339 3971 prior

245 3991 299 4052 per
312 3971 445 4052 injuriant
464 3993 568 4036 manus
582 3977 665 4038 alteri
678 3979 835 4042 intulisset.
877 3983 1071 4052 Quibusvero
1084 3994 1147 4045 tum
1160 3984 1254 4045 verbis
1266 3985 1337 4046 nbu÷

246 4063 337 4124 tendo
358 4073 390 4124 et
411 4073 502 4126 testes
525 4069 725 4149 producendo,
738 4071 870 4136 Judices
877 4075 1005 4156 decepit,
1018 4095 1054 4137 ea
1075 4095 1155 4137 nunc
1177 4078 1255 4138 falsa
1273 4095 1337 4138 esse
1455 4108 1456 4157 ι

245 4154 511 4236 deprehenduntur.
552 4161 668 4241 Corpus
694 4163 773 4225 enim
795 4166 923 4228 mulieris
947 4168 1060 4231 tradere
1081 4190 1141 4231 nou
1164 4170 1263 4244 audet,
1285 4169 1345 4232 sed'
1455 4208 1456 4245 3

245 4250 358 4310 mavult
370 4250 489 4312 fratrem
502 4262 533 4311 et
545 4253 662 4314 affinem
672 4255 739 4316 salsi
756 4259 912 4322 testimonii
921 4260 1035 4342 judicio
1048 4263 1219 4337 conflictari,
1229 4262 1337 4324 mavult

245 4339 374 4432 eosdem,
387 4343 469 4405 vobis
482 4346 689 4408 commentitiis
703 4349 798 4411 verbis
812 4361 843 4412 et
853 4353 1144 4435 deprecationibus
1121 4376 1147 4416 ar
1157 4357 1275 4436 possint
1286 4355 1336 4415 de·

245 4425 348 4512 ceptis,
360 4429 483 4515 absolvi,
496 4457 599 4519 quam
605 4439 725 4504 muliere
739 4443 883 4520 tradita,
874 4455 917 4508 ιιι
927 4458 962 4508 ut
974 4467 1091 4530 equum
1105 4449 1250 4524 oenomai
1262 4449 1336 4530 peri·
