2967 4950
257 326 317 385 680
366 364 369 369 -
531 326 746 387 ADVERSUS
767 326 1036 390 TlMO'l'HEUM.

255 479 386 541 oratione
400 480 543 561 deceptis,
558 503 590 542 se
605 466 675 541 nihil
690 481 806 551 debere,
822 499 875 542 nos
885 482 1016 560 pecumm
1026 480 1348 546 fraudandos-neces·

251 574 364 655 sarium
378 573 447 632 mihi
461 574 575 633 videtur
588 594 653 634 esse
666 583 699 633 ut
713 574 751 633 ab
765 573 846 634 initio
859 573 941 634 vobis
956 572 1053 633 omnia
1066 592 1301 648 commemorem,
1320 587 1349 637 et

255 680 322 745 quta
337 665 490 737 debentur,
501 675 531 727 et
544 682 632 746 quarn
643 666 683 725 ad
697 683 759 726 rem
772 666 897 745 pecunia
909 664 1077 745 singulatIm
1091 666 1130 725 sit
1144 672 1225 739 usus,
1235 677 1346 729 etten-

255 778 324 839 pota
338 760 444 838 quibus
458 769 624 819 contractus
642 760 736 819 factus
757 769 812 818 est.
854 758 958 837 Neque
973 778 1043 817 vero
1056 778 1110 818 nos
1128 779 1164 819 ea
1177 769 1258 820 certo
1273 761 1346 821 scire

254 850 407 933 quisquam
420 860 547 910 vestrum
567 850 697 910 miretur:
718 848 853 909 mensarii
874 850 950 909 enim
964 850 1189 911 commentarIos
1204 852 1346 927 conficere

255 936 351 1025 solent
364 952 425 1001 tum
439 962 537 1003 earum
549 942 736 1021 pecuniarum
751 962 824 1020 quas
837 939 892 1020 ipsi
906 940 988 1014 dent,
997 952 1026 1002 et
1037 948 1123 1021 querit
1137 942 1166 1002 iu
1178 963 1273 1016 usum,
1285 955 1344 1006 tum

246 1037 356 1097 'sarain
368 1054 434 1113 quse
445 1035 522 1114 apud
535 1034 615 1115 ipsos
629 1035 825 1114 deponuntur,
840 1046 876 1093 nt
888 1033 944 1093 sibi
958 1046 1028 1095 nota
1041 1035 1102 1095 sint
1112 1055 1241 1115 expensa
1254 1047 1287 1095 et
1298 1056 1346 1098 ac·

254 1136 341 1209 cepta
350 1128 381 1188 in
394 1128 552 1189 redonibus
566 1128 734 1187 referendis.
1077 1147 1079 1152 ·

294 1222 323 1279 2.
346 1220 494 1281 Socratide
503 1230 639 1301 praetore,
653 1236 753 1279 mense
766 1217 884 1289 Martio,
897 1217 989 1276 altera
1002 1217 1186 1297 navigatione
1197 1220 1344 1298 profectu-

254 1331 304 1374 rus
316 1310 496 1387 Timotheus,
510 1322 540 1373 et
556 1312 618 1393 jam
635 1312 781 1371 soluturus
801 1330 818 1368 e
837 1309 959 1382 Piraeeo,
978 1329 1045 1369 cum
1064 1307 1202 1390 ampliore
1220 1313 1343 1391 pecnnia

197 1419 200 1425 ’
253 1400 404 1486 indigeret,
427 1406 552 1466 accessit
572 1404 610 1465 ad
629 1414 740 1483 patrem
764 1424 861 1463 meum
883 1403 913 1463 in
936 1415 1023 1483 portu
1049 1415 1080 1465 et
1101 1415 1234 1466 mutuare
1255 1407 1343 1485 jussit

253 1497 407 1559 drachmas
420 1498 499 1558 mille
514 1506 658 1557 trecentas
673 1495 886 1577 quinquaginta
897 1515 996 1569 unam,
1010 1497 1084 1557 duos
1102 1498 1204 1557 obolos
1219 1503 1342 1572 (tantum

252 1591 331 1651 enim
353 1590 408 1650 sibi
429 1609 504 1670 opus
519 1609 583 1650 esse
602 1591 720 1667 aiebat),
739 1599 770 1649 et
788 1588 857 1647 dare
872 1588 1047 1650 Antimacho
1061 1591 1198 1669 quaestori
1215 1611 1280 1663 suo,
1294 1591 1342 1670 qui

251 1693 315 1745 tum
329 1684 412 1745 istius
432 1684 530 1745 omnia
542 1686 670 1745 curabat.
711 1684 810 1761 Atque
821 1682 847 1741 is
856 1681 974 1760 quidem
990 1682 1042 1761 qui
1054 1682 1208 1762 pecuniam
1226 1703 1244 1743 a
1262 1695 1342 1763 patre

252 1795 318 1837 meo
340 1785 518 1837 mutuaretur
530 1774 701 1836 Timotheus
724 1783 799 1847 erat,
816 1772 924 1853 quique
940 1772 1057 1851 juberet
1070 1776 1247 1835 Antimacho
1265 1795 1343 1854 quoe-

252 1868 322 1929 stori
340 1888 394 1931 suo
420 1868 497 1929 dari:
518 1868 566 1947 qui
587 1887 654 1928 vero
679 1867 757 1927 illam
780 1866 818 1926 de
841 1882 942 1924 mensa
961 1865 1166 1926 aPhormione
1188 1869 1341 1947 acciperet,

252 1960 444 2043 Autonomus,
457 1960 506 2039 qni
520 1959 598 2020 omni
612 1966 745 2039 tempore
758 1955 933 2017 Antimacho
944 1956 1136 2036 scriptitabat.
1169 1958 1250 2019 Data
1258 1961 1342 2039 igitur

250 2070 286 2111 ea
301 2050 433 2131 pecunia,
448 2050 608 2111 debitorem
625 2050 769 2130 inscripsit
789 2068 857 2109 eum
873 2047 922 2126 qui
943 2057 1075 2110 mutuare
1091 2051 1229 2130 jusserat,
1244 2050 1338 2110 Timo·

250 2143 369 2204 theam:
390 2144 420 2203 in
431 2142 670 2205 commentarium
683 2143 770 2203 etiam
783 2139 889 2214 retulit,
903 2140 951 2201 cal
964 2140 1033 2200 dare
1043 2142 1100 2211 iste
1109 2143 1249 2222 jusserat,
1259 2142 1338 2203 Anti·

250 2236 395 2309 machum,
409 2246 440 2295 et
452 2254 538 2314 quem
552 2234 745 2295 Antimachus
760 2234 877 2293 miserat
887 2231 925 2292 ad
938 2252 1071 2294 mensam
1084 2245 1118 2295 ut
1131 2235 1254 2296 eandem
1267 2236 1338 2295 acci·

250 2341 341 2410 peret,
354 2332 562 2403 Autonomurn,
584 2328 662 2389 mille
682 2337 829 2389 trecentas
851 2325 1006 2386 drachmas
1023 2328 1236 2411 qninquaginta
1254 2347 1336 2389 unam

248 2430 281 2484 'et
291 2422 366 2484 duos
380 2421 492 2483 obolos.
963 2413 966 2418 ’

292 2519 320 2574 3.
342 2515 470 2576 Primum
492 2514 580 2595 igitur
600 2515 744 2588 debitam,
761 2517 842 2595 quod
855 2517 923 2581 hinc
937 2517 1053 2580 solvens
1071 2515 1235 2578 sectandum
1250 2517 1338 2596 impe-

249 2619 327 2671 rator
341 2609 466 2690 accepit,
481 2617 593 2669 tanturn
606 2609 673 2670 fuit.
704 2610 779 2672 Cum
793 2631 861 2673 vero
874 2622 973 2672 vestro
981 2609 1120 2690 suffragio
1133 2609 1339 2690 improbaretur

248 2705 328 2784 quod
341 2705 575 2788 Peloponnesum
588 2706 683 2767 classe
695 2724 755 2766 non
769 2707 906 2767 abiisset:
927 2716 958 2768 et
971 2707 1009 2767 ad
1022 2715 1141 2767 causam
1154 2706 1234 2785 apud
1248 2725 1338 2786 popu·

249 2797 309 2858 lum
324 2799 480 2858 dicendum
493 2807 656 2872 vocaretur,
667 2798 793 2858 maximo
802 2801 923 2861 crimine
933 2811 1017 2860 reus:
1034 2808 1065 2858 et
1074 2818 1142 2859 eum
1154 2798 1337 2858 Callistratus

248 2901 336 2972 atque
348 2891 521 2971 Iphicrates,
535 2891 586 2950 viri
600 2901 632 2952 et
645 2892 730 2951 rebus
744 2893 837 2970 gestis
849 2905 880 2954 et
898 2893 1066 2972 eloquentia
1081 2901 1268 2969 praestantes,
1287 2911 1338 2970 op·

247 2996 432 3066 pugnarenm
452 2985 493 3046 ita
511 2983 553 3045 illi
566 3005 616 3045 vos
635 2995 666 3045 et
686 2985 739 3066 ipsi
764 2996 912 3046 eteorum
926 2986 1060 3046 advocati
1073 2984 1242 3047 accusando
1261 3004 1338 3046 com·

248 3087 412 3153 moverunt,
426 3089 460 3140 ut
481 3079 702 3151 Antimachum,
723 3090 895 3158 quoestorem
910 3081 972 3161 ejus
991 3090 1022 3140 et
1038 3079 1183 3149 intimum,
1196 3079 1275 3140 facto
1288 3101 1338 3160 pro

248 3173 390 3233 concione
412 3171 525 3255 judicio
548 3171 730 3245 occideretis,
744 3173 828 3233 honis
849 3175 937 3234 etiam
954 3179 1020 3249 ejus
1040 3173 1215 3252 publicatis;
1246 3174 1338 3252 ipsum

247 3283 316 3324 sero
337 3263 425 3340 istum
450 3264 675 3359 deprecantibus
697 3266 886 3329 familiaribus
907 3277 938 3326 et
956 3267 1090 3346 cognatis
1111 3267 1175 3347 ejus
1198 3268 1339 3338 omnibus,

249 3375 393 3436 superque
406 3356 512 3416 Alceta
527 3367 557 3416 et
577 3359 692 3431 latone,
705 3358 793 3418 sociis
807 3358 983 3432 restriavix
1004 3359 1203 3431 absolveretis,
1225 3359 1278 3419 sed
1295 3368 1338 3419 ta·

248 3469 318 3510 men
337 3449 486 3530 imperium
497 3449 527 3509 ei
540 3451 728 3530 abrogaretis.
768 3452 845 3511 Cum
858 3453 948 3532 igitur
961 3453 1068 3513 tahbus
1081 3451 1249 3512 criminibus
1262 3462 1341 3512 tanta

248 3541 346 3623 inopia
359 3551 618 3621 urgeretur-marn
640 3554 671 3604 et
689 3543 845 3605 facultates
864 3545 929 3625 ejus
942 3565 1050 3605 omnes.
1062 3547 1200 3606 obseratae
1212 3554 1296 3604 erant
1310 3552 1341 3602 et

248 3633 354 3694 libellis
368 3633 507 3714 appositis
527 3636 564 3696 ab
578 3635 642 3695 aliis
657 3639 841 3710 tenebantur,
859 3657 929 3717 ager
946 3639 1024 3698 enim
1044 3638 1075 3696 iu
1089 3637 1209 3717 planitie
1229 3633 1340 3717 pignori

249 3725 398 3806 oppositus
417 3736 480 3786 erat
498 3727 661 3794 Eumelidaa
675 3728 745 3801 filio,
759 3739 790 3790 et
802 3730 957 3811 sexaginta
977 3729 1142 3791 trierarchis
1161 3731 1292 3808 quicum
1303 3747 1338 3788 eo

248 3817 420 3896 navigarant
439 3819 568 3898 septenis
589 3821 675 3881 minis
697 3822 727 3882 in
751 3822 893 3902 singulos,
910 3844 984 3903 quas
1012 3842 1062 3883 eos
1087 3822 1143 3884 iste
1165 3823 1204 3882 ad
1223 3821 1341 3882 alendos

248 3921 353 3973 nautas
376 3912 504 3992 dilargiri
526 3927 674 3996 coegerat,
695 3919 894 3999 oppignerata
916 3929 1001 3980 erant
1022 3920 1143 4000 reliquae
1166 3919 1231 4000 ejus
1254 3937 1340 3999 opes:

248 4007 397 4088 quievero
419 4008 519 4086 populi
541 4009 686 4090 suffragiis
705 4012 841 4092 rejectus,
855 4023 991 4092 septenas
1011 4012 1075 4072 illas
1097 4012 1192 4072 minas
1208 4013 1240 4072 in
1257 4009 1342 4071 ratio·

248 4097 333 4159 nibus
353 4098 514 4160 referendis
536 4121 677 4182 expensas
696 4104 803 4165 tulerat
825 4106 922 4166 nautis
940 4106 979 4165 de
996 4106 1115 4166 militari
1134 4105 1268 4185 pecnnia,
1281 4115 1340 4162 tum

247 4193 367 4264 veritus,
379 4211 417 4252 ne
430 4191 461 4250 ia
473 4213 505 4252 se
518 4194 649 4273 praefecti
662 4195 822 4257 triremium
831 4197 1029 4259 testimonium
1043 4198 1173 4258 dicerent
1183 4209 1271 4278 atque
1279 4196 1341 4274 ipse

249 4285 392 4358 mendacii
406 4285 634 4361 cmrvinoeretur,
643 4300 745 4352 mutuo
758 4291 848 4351 sumit
861 4291 1012 4371 asingulis
1026 4300 1163 4372 septenas
1177 4291 1242 4351 illas
1253 4288 1342 4349 minas

249 4377 439 4456 oppignerata
458 4377 505 4440 eis
525 4399 556 4440 re
578 4400 631 4442 sua
652 4381 796 4455 familiari,
809 4384 915 4463 quibus
934 4404 1013 4444 nnnc
1033 4397 1085 4445 'eos
1101 4382 1224 4445 revolsis
1240 4380 1343 4442 libellis

231 4509 234 4516 .
249 4466 385 4534 fraudat:
406 4472 539 4556 undique
551 4472 639 4556 igitar
657 4476 882 4554 circumventus,
896 4488 927 4541 ct
945 4480 975 4541 in
997 4479 1128 4560 periculo
1140 4478 1207 4543 vita
1220 4475 1343 4540 maximo
