2967 4950
257 257 300 318 ts
455 306 459 310 .
493 253 552 318 ns
567 251 687 356 fusis
708 249 840 322 essin
856 249 1119 325 tnnntm‘ortn:

260 423 359 474 antem
383 433 433 474 me
450 434 520 475 vera
537 416 635 476 dicere
659 426 785 490 constet,
803 437 875 496 cape
895 417 1031 500 decreta:
1053 427 1088 476 ut
1108 417 1233 478 rideatis
1256 419 1353 480 incon·

261 508 410 566 stantiam·
420 505 496 585 ejus,
515 507 786 586 ‘etmalignitatem
800 509 1001 570 ct'ec‘tion'nm
1020 517 1094 568 omn
1116 509 1283 574 Philocrate
1300 523 1355 572 :sn-

260 598 407 668 cictatem,
419 608 451 657 et
464 617 561 657 mores
575 599 732 659 insidiosos
745 620 781 660 ac
795 601 935 679 perfidos.
968 601 1051 660 Voca
1065 621 1136 680 ergo
1149 602 1220 664 mihi
1234 603 1355 683 legatos,

259 708 419 774 eorumque
439 691 605 788 testimonia
617 692 719 778 recita,
733 702 765 752 et
777 692 896 760 decreta
907 692 1126 764 Demosthenis.
1193 775 1196 779 .
1267 771 1272 780 Ι
1288 729 1302 782 3

701 859 913 964 nncnsrn.
1000 910 1006 919 .

254 997 365 1077 'Neque
379 1015 447 1058 vero
460 997 525 1058 heec
539 997 683 1059 duntaxat
697 991 823 1080 scripsit,
842 997 896 1058 sed
910 969 978 1076 post
993 971 1081 1057 etiam
1096 997 1127 1056 in
1145 1009 1253 1057 senatu
1268 991 1353 1058 dixit:

252 1091 414 1168 spectandi
427 1085 531 1150 locum
538 1090 775 1151 Bacchanalibus
789 1085 1004 1170 assignandum
1019 1109 1085 1150 esse
1087 1089 1227 1170 Philippi
1240 1083 1355 1171 legatis,

254 1179 312 1242 ‘ubi
326 1183 467 1244 venerint.
480 1183 595 1243 Recita
605 1183 762 1243 etramhoc
777 1183 936 1276 decretum.
1002 1197 1003 1204 ¹
1033 1246 1037 1251 .

426 1382 431 1388 ⁴
500 1363 738 1423 DECRETUM
761 1357 1108 1425 DEMOSTHENIS.

260 1476 366 1554 Recita
378 1494 467 1575 etiam
479 1469 642 1570 legatorum
658 1490 857 1557 testimonium
872 1500 905 1550 ut
923 1489 1059 1560 videatis,
1074 1475 1283 1560 Athenienses,
1298 1489 1354 1549 De

251 1586 444 1670 ,mostheneml
456 1603 515 1644 non
528 1602 616 1661 posse
630 1585 719 1642 verba
731 1582 828 1642 facere
842 1602 907 1662 pro
915 1582 1077 1660 republica,
1094 1579 1148 1640 sed
1167 1581 1354 1642 declamitare

253 1686 363 1742 ‚contra
374 1675 566 1748 convictores,
581 1684 669 1754 atque
683 1673 848 1734 arctissima
861 1673 1080 1792 necessitudine
1094 1649 1259 1732 devinctos.

670 1847 983 1938 rnsnrnouutn.

238 2001 257 2039 ¹:
297 1986 349 2051 22.
360 1985 585 2044 ·''l'ractationem
598 1983 689 2063 igitur
698 1981 923 2061 pacificationis,
938 2000 998 2042 non
1012 1990 1152 2040 meamet
1169 1980 1354 2051 Philocratis,

226 2076 312 2136 ‘ised
330 2076 546 2135 Demosthenis
567 2086 597 2135 et
614 2075 792 2134 Philocratis
813 2074 917 2146 luisse,
936 2072 1105 2152 reperietis:
1130 2081 1160 2132 et
1182 2083 1356 2151 argumente

250 2187 360 2228 eorum
374 2189 440 2246 qua
454 2169 513 2227 dixi
534 2188 580 2227 me
593 2167 653 2226 lide
666 2168 757 2246 digna
770 2186 835 2226 reor
849 2165 995 2226 attulisse.
1027 2164 1103 2223 Nam
1118 2183 1217 2230 eorum
1232 2173 1301 2242 quse
1313 2184 1356 2225 re·

251 2261 407 2333 ‚nuncient
427 2281 482 2320 ros
495 2261 564 2319 mihi
581 2270 675 2320 testes
695 2261 784 2319 estis:
806 2271 907 2318 eorum
927 2277 998 2336 quae
1021 2258 1052 2316 in
1075 2258 1256 2318 Macedonia
1279 2259 1357 2318 diets

186 2371 213 2412 ¹.
250 2366 339 2425 sont,
352 2365 441 2432 atque
450 2354 482 2412 in
495 2354 596 2414 itinere
606 2353 690 2415 nobis
704 2353 884 2424 acciderunt,
899 2351 1080 2430 collegarum
1094 2351 1262 2412 testimonio
1276 2354 1355 2412 vobis
1455 2383 1456 2394 ι

255 2446 475 2508 demonstravi:
498 2446 715 2507 accusationem
740 2454 838 2509 autem
860 2443 953 2521 modo
972 2463 991 2503 a
1014 2443 1214 2503 Demosthene
1234 2444 1355 2505 edictam

203 2606 207 2613 ,
248 2538 392 2609 audistis,
403 2536 435 2598 et
452 2532 634 2610 meministis,
652 2536 735 2616 cnjus
749 2537 861 2597 initium
871 2537 1003 2615 ‚sumpsit
1015 2534 1196 2606 aconcione,
1210 2558 1300 2615 quam
1319 2539 1354 2598 de

248 2651 331 2710 ,pace
345 2632 446 2690 habui.
475 2631 666 2690 Gnm'antem
679 2632 710 2690 in
721 2650 761 2689 ea
773 2638 856 2709 parte
875 2628 1081 2689 accusationis¹
1092 2630 1251 2691 ementitus
1269 2632 1355 2691 tuerit

251 2723 375 2784 omniat
396 2725 426 2781 in
439 2742 476 2783 eo
486 2724 613 2783 articulo
625 2724 812 2786 vehementer
824 2730 871 2782 ett
887 2723 1077 2799 conquestus.
1109 2721 1153 2780 Ea
1171 2723 1249 2780 enirn
1267 2726 1355 2783 verba

249 2836 358 2877 curam
373 2814 477 2894 legatis
492 2816 535 2875 ait
546 2834 611 2875 esse
624 2814 713 2888 iacta,
727 2834 801 2893 quos
816 2815 914 2874 Groeci
927 2814 966 2873 ad
977 2832 1032 2873 nos
1046 2812 1207 2885 misissent,
1218 2816 1354 2896 apopulo

249 2908 402 2979 =accersiti,
416 2918 449 2966 ut
466 2909 660 2967 communiter
679 2917 711 2966 et
725 2907 836 2966 bellum
850 2915 987 2984 gererent
1004 2916 1106 2977 contra
1127 2905 1308 2986 Philippum,
1329 2911 1355 2969 si

248 3012 339 3063 esset
349 2997 438 3081 opus,
452 3022 522 3061 cum
536 3000 786 3063 Atheniensibus:
805 3011 839 3060 et
855 3000 948 3079 pacis,
961 2998 986 3059 s'i
1000 2998 1032 3059 id
1043 3000 1184 3078 expedire
1196 3002 1355 3073 videretur,

190 3118 194 3124 ·
249 3104 360 3155 {essent
378 3094 541 3173 participes.
574 3093 766 3153 Considerate
788 3092 885 3170 igitur,
903 3102 1046 3170 quantam
1066 3092 1129 3149 rem
1156 3093 1246 3153 homo
1260 3096 1354 3154 surri-

248 3187 362 3265 puerit,
373 3197 541 3264 quantaqne
552 3186 591 3244 sit
601 3182 794 3264 impudentia,
803 3202 872 3242 narn
880 3202 919 3251 ⁴eo
932 3195 1064 3263 tempore
1077 3184 1167 3263 legati
1181 3187 1274 3245 creati
1283 3198 1355 3247 sm

247 3297 333 3357 quos
346 3278 376 3336 in
385 3278 534 3338 Graeciam
547 3271 719 3356 ablegestis,
732 3296 792 3355 qno
806 3274 916 3335 bellum
926 3276 1012 3335 nobis
1024 3275 1207 3347 adhuc-cum
1219 3277 1353 3359 Philippo

248 3370 472 3428 intercedebat:
494 3388 529 3427 ac
540 3379 686 3446 tempora,
700 3362 807 3448 quibus
823 3364 1063 3446 designabantur,
1076 3376 1108 3427 ct
1119 3368 1289 3445 legatorum
1295 3380 1353 3433 mo·

246 3461 336 3518 anina
353 3460 473 3537 quidem
501 3458 531 3516 in
547 3459 677 3537 publica
699 3460 793 3519 relata
808 3459 1105 3531 *sant-monimenta
1116 3472 1231 3517 eorum
1255 3465 1353 3523 auten

249 3550 379 3630 corpora
391 3570 450 3609 non
464 3551 576 3609 suntin
595 3548 784 3623 Macedonia,
796 3551 852 3611 sed
865 3550 1003 3623 Athenis:
1021 3560 1055 3609 et
1069 3560 1190 3609 senatus
1203 3551 1244 3610 dc
1258 3554 1353 3613 addu-

244 3642 356 3703 cendis
369 3644 408 3703 ad
423 3643 562 3723 populum
574 3644 734 3721 peregrinis
745 3643 940 3721 legationibus
953 3643 1096 3703 decernit.
1121 3642 1183 3701 Iste
1191 3654 1293 3705 summ
1301 3647 1355 3720 nit,

246 3736 366 3794 missas-
378 3732 468 3795 fuisse
482 3734 676 3795 'Graecanicae
689 3735 871 3813 legationes.
905 3734 1001 3814 Igitur
1017 3754 1189 3800 conscenso
1201 3736 1260 3796 hoc
1284 3760 1355 3820 sug.

236 3834 351 3905 gesto,
365 3824 593 3900 Demosthenes,
604 3827 676 3885 dum
685 3824 764 3891 'meoe
783 3840 852 3886 sunt
865 3826 983 3886 dicendi
992 3828 1106 3905 Jpanes,
1116 3827 1256 3906 cujusvis
1271 3830 1355 3907 Grec·

248 3919 366 3981 ,canicies
380 3914 460 3977 urbis
479 3936 587 3978 nomen
603 3917 714 3998 profer,
735 3938 779 3978 ex.
794 3938 853 3996 qua
866 3930 937 3977 -tum
955 3919 1071 3997 legatos
1092 3919 1247 3979 advenisse
1269 3924 1355 3996 dicis,

244 4030 420 4089 canemque·
435 4008 692 4076 senatusconsulta
704 4030 720 4069 e
734 4011 820 4070 curia
841 4010 1062 4089 datolegeud's,
1078 4020 1110 4071 et
1128 4011 1355 4077 Atheniensium

243 4104 368 4182 legatos
381 4102 474 4169 citata
489 4101 597 4172 testes,
611 4122 693 4181 ‘quos
712 4102 862 4181 ablegavit
879 4103 917 4161 ad
929 4103 1084 4164 ciuitates:
1104 4103 1155 4179 qui
1174 4124 1207 4162 se
1221 4106 1355 4183 affuisse,

245 4214 309 4257 nec
328 4216 453 4275 peregre
464 4193 610 4273 profectos
623 4196 716 4254 fuisse
727 4195 878 4255 testificati
891 4195 1018 4255 fuerint:
1040 4196 1065 4254 si
1077 4214 1232 4255 accessum
1250 4218 1356 4265 eorum

246 4286 293 4345 »ad
305 4298 439 4347 senatum
452 4287 620 4348 et-decreta
640 4288 820 4364 exhibueris,
841 4288 971 4348 eodacta
991 4298 1132 4367 tempore,
1153 4308 1213 4367 quo
1233 4299 1276 4349 tu.
1288 4295 1356 4355 ais:

247 4375 414 4452 descendo,
423 4391 453 4439 et
461 4379 693 4460 capitisipscmc
702 4381 878 4443 condemno.
902 4382 982 4461 Lege
992 4381 1180 4446 etsociorum
1189 4382 1357 4462 decretum,
