2967 4950
224 369 285 428 ssa
570 336 675 427 'rao
697 314 966 427 enormioris.

224 518 322 601 nequa
336 520 415 582 enim
432 538 466 580 ss
479 521 720 583 calumniatorem
740 522 838 602 egisse
850 522 1055 603 protestarunt
1067 540 1104 582 ea
1114 522 1283 602 postulasse
1297 522 1329 583 ln

199 679 202 689 ,
221 614 347 695 judicio,
358 632 426 693 quaa
440 632 500 675 non
514 615 701 687 deberentur,
719 616 855 675 fateatur.

264 710 294 766 t.
309 709 490 786 Quanquam
509 717 611 767 autern
625 725 736 787 magna
750 716 780 768 et
799 688 892 769 rodlta
901 706 1017 787 judicia
1031 716 1102 766 sunt
1115 724 1133 767 a
1147 708 1253 785 quibus
1276 724 1330 789 ap·

224 811 327 879 pareat
347 798 553 862 Phormionem
574 800 655 861 omni
675 818 781 861 nauare
798 801 897 881 eulpa,
910 800 985 863 illud
1003 810 1102 860 tamen
1121 800 1252 859 omnium
1264 818 1330 859 esse

224 891 396 965 maximum,
410 893 544 982 arbitror,
563 892 867 971 Athenienses„quod
889 891 1022 953 Pasicles
1046 885 1228 972 Apollodori
1240 892 1331 953 frater

225 1005 295 1047 auru
309 1005 406 1069 neque
427 989 458 1047 in
473 988 524 1067 jus
544 988 668 1059 vocavit,
685 1006 781 1065 neque
803 986 962 1066 quiequam
980 985 1060 1045 aliud
1073 1004 1109 1043 ex
1127 986 1175 1063 iis,
1190 1004 1256 1065 quae
1274 986 1331 1046 iste

225 1078 338 1157 objioit,
351 1080 490 1157 queritur.
530 1078 605 1146 Quis
614 1089 714 1138 autem
728 1075 842 1151 credat,
859 1094 926 1135 eum
937 1094 998 1136 non
1013 1074 1118 1135 lesisse
1131 1076 1264 1155 injuriam
1277 1076 1332 1152 illi,

155 1226 164 1233 ,
184 1181 188 1190 “
225 1172 278 1249 qui
298 1189 370 1250 puer
391 1192 409 1229 a
428 1182 511 1249 patre
526 1182 607 1235 esset
623 1171 752 1241 relictus,
772 1178 803 1228 et
824 1168 910 1248 eujus
929 1168 1086 1229 facultates
1116 1167 1147 1229 in
1170 1186 1225 1229 sua
1240 1186 1330 1229 manu

226 1261 349 1321 haberet
369 1270 449 1341 tutor
477 1261 649 1321 institutus:
670 1259 723 1319 tibi
743 1270 842 1320 autem
864 1260 916 1338 qui
937 1260 980 1320 vir
1002 1260 1120 1321 relictus
1139 1280 1183 1332 os,
1204 1270 1331 1339 quatuor

227 1365 259 1413 et
272 1352 374 1431 viginti
387 1361 472 1413 natus
486 1370 590 1425 annos,
603 1360 643 1423 et,
662 1351 688 1410 si
707 1370 767 1429 qua
779 1351 832 1411 tibi
845 1351 926 1411 faeta
938 1350 1044 1412 fuisset
1056 1352 1170 1431 injuria,
1184 1352 1271 1413 facile
1285 1352 1331 1411 ul-

228 1454 295 1505 turo
307 1445 416 1519 statim,
429 1441 556 1505 fecisse?
582 1442 652 1503 Non
662 1462 732 1506 vera
745 1452 815 1503 sunt
828 1443 903 1503 haee.
946 1444 988 1503 Ut
1000 1443 1087 1522 igitur
1099 1443 1165 1505 haec
1177 1465 1246 1506 vere
1261 1444 1330 1517 dici,

229 1556 266 1597 ae
277 1536 349 1597 nihil
366 1537 448 1617 queri
460 1535 606 1596 Pasiclem
620 1543 751 1608 constet,
765 1553 837 1614 cape
851 1533 930 1594 illius
944 1534 1154 1596 testimonium.
1192 1593 1195 1601 ,,

621 1788 929 1851 TESTIMONIUM.

271 1932 299 1993 8.
322 1931 398 2001 Quae
415 1930 504 2012 igitur
516 1931 546 1990 in
561 1931 701 2011 neganda
715 1932 831 1992 actione
846 1930 928 1992 vobis
943 1926 1157 1991 consideranda
1171 1935 1250 2002 sunt,
1263 1926 1331 1991 haee

231 2024 269 2085 de
282 2025 317 2084 iis
329 2044 398 2105 qum
410 2023 535 2085 diximus
547 2023 577 2083 in
594 2025 764 2085 memoriam
778 2035 924 2085 revocate.
955 2022 1032 2095 Nos,
1048 2020 1255 2095 Athenienses,
1274 2041 1330 2103 pu·
1367 2022 1369 2028 ’
1476 2058 1477 2105 1

230 2117 299 2178 tatis
312 2116 474 2178 rationibus
487 2125 693 2195 transactaque
705 2116 853 2177 locatione
872 2135 983 2178 mausae
997 2125 1026 2175 et
1039 2114 1174 2187 officinae,
1183 2114 1330 2193 atque-in·

229 2210 369 2293 terpooito
383 2209 501 2269 arbitrio
516 2218 547 2268 et
560 2228 591 2267 re
604 2208 703 2269 denuo
716 2218 875 2282 transacta,
884 2228 941 2269 nec
955 2206 1191 2286 permittentibus
1202 2206 1330 2285 legibus,

228 2321 330 2361 aarum
342 2319 438 2360 rerum
450 2320 524 2380 quas
534 2300 625 2359 semel
638 2299 826 2379 transegeris,
832 2300 976 2377 judicium
987 2298 1119 2378 adipisci,
1134 2298 1332 2360 calumniante

227 2396 287 2455 isto
307 2401 339 2455 et
357 2402 460 2453 uonna
477 2391 560 2470 leges
581 2390 664 2451 litem
687 2391 869 2464 intendente,
889 2391 1120 2471 praescripsimus
1141 2410 1219 2451 non
1239 2391 1330 2451 dan-

155 2493 157 2500 '
231 2486 312 2546 dam
339 2485 376 2546 ei
399 2505 489 2547 esse
516 2485 725 2573 actionem.
768 2485 808 2544 Ut
822 2486 909 2566 igitur
923 2484 1033 2557 sciatis,
1049 2484 1154 2566 quade
1167 2503 1199 2546 re
1212 2495 1332 2545 senten·

227 2579 299 2639 tiam
311 2577 399 2638 laturi
413 2577 487 2652 sitis,
501 2587 531 2638 et
543 2577 591 2637 len
604 2577 670 2639 lutae
684 2577 766 2638 vobis
781 2578 907 2659 legetur,
920 2587 951 2637 et
964 2575 1065 2638 eo'rum
1079 2577 1185 2639 deinde
1199 2577 1331 2638 testimo·

231 2671 281 2730 nia
298 2669 348 2751 qui
363 2667 519 2742 affuerunt,
533 2688 600 2728 cnm
622 2668 776 2729 locationis
791 2678 821 2729 et
843 2679 1016 2730 caeterorum
1036 2669 1188 2731 criminum
1201 2671 1333 2730 omnium

230 2761 437 2824 Phormionem
462 2761 662 2843 Apollodorus
685 2762 862 2824 absolveret.
906 2762 987 2841 Cape
1012 2762 1180 2830 testimonia
1203 2761 1279 2837 haec,
1301 2774 1333 2824 et

229 2855 339 2934 legem.
1198 2848 1201 2862 '

493 3139 498 3144 ἡ
579 3043 849 3108 TESTIMONIA.
890 3047 979 3108 LEX.

230 3192 349 3252 Auditis
360 3191 477 3253 edicere
491 3191 599 3272 legem,
610 3178 815 3266 Athenionem,
828 3201 892 3251 tum
906 3200 1022 3264 caetera,
1036 3211 1161 3270 quorum
1175 3191 1253 3254 aetio
1271 3213 1332 3254 nou

228 3285 403 3358 detur,tum
424 3303 528 3344 eorum
550 3303 617 3363 quse
643 3284 710 3362 quis
734 3281 881 3344 remiserit
897 3293 950 3344 aut
971 3284 1167 3363 transegerit?
1204 3285 1333 3345 Merito:

142 3424 152 3442 ,
230 3395 300 3436 nam
314 3376 340 3436 si
348 3375 461 3455 justum
475 3386 531 3446 est,
543 3377 650 3454 quibus
672 3376 712 3436 de
729 3377 818 3436 nebus
836 3376 927 3437 semel
941 3376 1087 3456 judicium
1108 3377 1219 3438 factum
1234 3379 1336 3454 fuerit,

229 3487 283 3529 eas
303 3487 364 3529 non
376 3468 465 3530 licere
476 3469 576 3528 denuo
590 3476 735 3530 revocare
745 3471 774 3531 iu
791 3471 852 3550 jus,
869 3469 962 3531 multo
971 3471 1082 3545 justius
1096 3480 1141 3531 est
1154 3471 1192 3532 de
1206 3473 1251 3532 his
1265 3492 1333 3552 qum

230 3563 333 3622 ‹leoisa
354 3571 424 3622 sunt
435 3579 496 3621 non
510 3561 581 3622 dare
593 3561 751 3624 actionem.
793 3561 882 3631 Quod
895 3564 946 3643 qui
959 3563 1040 3642 apud
1053 3583 1105 3626 vos
1119 3565 1276 3627 succubuit
1288 3565 1333 3625 di·

230 3675 298 3717 eere
320 3658 446 3718 fortasse
463 3664 565 3735 queat,
578 3674 632 3716 vos
652 3656 746 3718 fuisse
768 3656 928 3736 deceptos:
948 3657 999 3736 qui
1019 3675 1088 3717 vero
1102 3677 1135 3718 sa
1156 3658 1219 3738 ipse
1232 3657 1332 3736 palam

231 3750 452 3824 condemnavit,
467 3749 518 3830 qui
537 3749 658 3812 mistum
680 3749 762 3822 iecit,
775 3751 827 3829 qui
841 3749 997 3830 transegit,
1011 3748 1150 3829 quidnam
1173 3750 1211 3809 de
1228 3761 1334 3810 semet-

231 3847 298 3925 ipso
311 3847 394 3925 queri
412 3854 464 3905 aut
482 3862 574 3924 quam
592 3849 714 3905 eausam
732 3841 836 3904 afferre
855 3843 961 3922 possit,
973 3861 1028 3904 cur
1048 3843 1115 3922 jure
1132 3840 1232 3902 denuo
1244 3863 1333 3922 expe·

231 3938 347 3997 uiatori
380 3937 500 3997 Nullam
521 3927 667 3996 nimirum.
709 3935 909 4004 Quamobrem
932 3935 1007 4016 legis
1029 3933 1118 4016 hujus
1141 3943 1254 4009 auctor,
1274 3953 1333 4014 qua

232 4029 369 4092 definitur
392 4049 515 4110 quarum
533 4049 629 4089 rerum
657 4028 781 4108 experiri
800 4049 859 4088 non
882 4029 980 4102 lioeat,
1000 4027 1095 4108 prima
1116 4027 1184 4088 haea
1208 4027 1333 4108 scripsit,

233 4144 315 4204 quae
339 4124 428 4202 quis
455 4123 611 4185 remisit
634 4132 702 4182 aut
725 4121 941 4202 transegit.
983 4113 1198 4200 Quas'utraque
1215 4123 1253 4182 ab
1274 4121 1332 4184 isto

232 4217 314 4276 lacta
332 4225 412 4288 sunt,
427 4232 495 4275 nam
513 4226 544 4275 et
562 4214 673 4275 remisit
689 4224 720 4272 et
739 4214 896 4292 transegit.
939 4214 991 4273 Me
1014 4223 1111 4274 autem
1135 4233 1204 4282 uera
1226 4212 1335 4289 dicere,

178 4370 183 4378 ,
232 4307 407 4368 testimoniis
421 4309 574 4387 probatum
589 4317 643 4379 est,
657 4305 862 4366 Athenienses.

274 4402 304 4460 9.
326 4400 407 4481 Cape
423 4409 453 4462 et
466 4400 561 4480 legem
576 4399 614 4460 de
628 4398 774 4477 praefinito
788 4407 928 4478 tempore.
