2967 4950
489 297 664 380 eburna
682 315 952 380 ιιιιιιιοιιιιιι.

1217 317 1254 377 21

1101 370 1110 398 Ι

158 484 275 556 patrem
297 473 365 554 ejus
381 473 471 536 otta.
487 475 584 554 Atqui
600 475 756 540 ressesita
768 482 835 539 ,non
847 476 957 539 habet.
969 471 1060 541 ,Nihil
1079 485 1258 548 rostatnon

158 566 279 639 domus,
290 584 351 628 uon
361 565 440 638 villa,
453 583 511 626 non
525 567 647 640 fundus,
660 581 720 631 non
731 569 816 637 servi,
830 587 891 628 non
903 587 947 628 sss
958 566 1166 641 alienum,non
1178 568 1258 630 aliud

160 659 333 763 quicquam,
344 657 426 718 unde
436 657 571 718 homines
593 675 655 720 non
667 658 795 720 malefici
808 659 921 720 ιιιιιιιι.
949 660 1012 721 Sed
1023 660 1073 720 isti
1084 659 1152 720 loco
1169 661 1258 767 porpi-

160 751 253 810 monii
267 759 403 828 superest
414 749 596 829 improbitas,
611 740 769 823 calumnia,
787 752 975 824 confidentia,
987 751 1140 823 deliciae,'
1131 754 1260 831 ignavia,

158 841 352 948 impudentia,
375 842 563 902 erubescendi
576 844 625 902 ob
632 842 866 928 turpitudinem
858 843 990 904 rnscitia:
1008 845 1115 924 quibus
1131 864 1153 906 e
1171 847 1259 956 rebus

159 934 233 994 civis
247 935 393 1016 pessimus
403 945 436 994 et
444 935 638 1015 nequissimus
651 936 774 996 conflari
785 946 912 1014 queat.

202 1029 252 1085 22
276 1027 380 1104 Neque
400 1047 471 1087 vero
488 1028 695 1108 patrimonium
717 1029 864 1089 duntaxat
880 1030 1055 1109 absumpsit,
1071 1029 1126 1090 sed
1141 987 1262 1109 publica
1282 1068 1308 1083 ‹-
1416 1105 1420 1116 Ι

159 1131 270 1190 vestra,
293 1120 400 1200 quibus
420 1139 550 1198 uuquam
567 1123 677 1200 potitus
694 1121 760 1180 tuit.
795 1120 899 1179 Nam
891 1141 917 1180 rs
939 1141 1041 1200 quum
1051 1141 1089 1180 ea
1106 1122 1146 1182 sit
1161 1132 1259 1194 atate,

160 1229 252 1288 quam
264 1229 317 1270 vos
338 1210 455 1285 videtis,
468 1212 566 1272 nullus
581 1214 768 1291 magistra-tus
788 1223 835 1272 est
847 1213 987 1282 omniurn,
1004 1232 1095 1291 quem
1111 1233 1172 1272 non
1194 1235 1261 1292 gear

160 1301 242 1372 serit,
255 1321 313 1362 non
327 1302 409 1362 illurn
423 1303 540 1380 quidem
554 1313 631 1362 sorte
645 1303 785 1373 oblatum,
797 1312 850 1362 aut
862 1302 1000 1381 suffragio
1012 1301 1194 1376 mandatum,
1207 1306 1262 1366 sed

160 1412 266 1452 omnes
277 1393 369 1472 pretio
379 1401 482 1453 coritra
490 1394 570 1472 leges
584 1395 759 1473 redemptos.
783 1395 916 1460 Quorum
928 1413 984 1471 ego
994 1395 1127 1473 plurimis
1136 1395 1276 1470 omissis,

161 1484 288 1544 duorum
301 1484 445 1554 duntaxat
457 1495 509 1544 aut
521 1485 606 1544 trium
620 1485 726 1544 faciam
740 1485 927 1544 mentionem.
949 1485 1063 1545 Censor
1074 1485 1184 1556 factus,
1196 1487 1263 1564 plu·

161 1577 265 1635 rimurn
275 1575 442 1654 reipublice
456 1576 564 1648 nocuit,
580 1596 647 1637 cum
658 1576 827 1656 muneribus
837 1577 875 1636 ab
888 1577 924 1635 iis
934 1576 1124 1655 accipiendis,
1136 1578 1189 1654 qui
1201 1597 1262 1643 rem

161 1669 239 1728 male
256 1677 419 1746 gesserant,
434 1677 497 1728 turn
515 1668 551 1728 iis
572 1667 695 1728 maxime
709 1667 936 1737 calumniandis,
951 1668 1002 1745 qni
1015 1669 1144 1728 rationes
1156 1670 1263 1729 resere-

160 1764 247 1831 bant‚
267 1772 300 1821 et
319 1761 391 1821 nihil
414 1771 585 1841 peccarant.
615 1762 772 1839 Imperavit
790 1761 878 1820 etiam
901 1749 1004 1833 Andri,
1026 1761 1148 1842 imperio
1174 1781 1263 1824 xxx.
1343 1804 1349 1812 ι

162 1854 251 1914 minis
263 1853 425 1931 redempto,
433 1873 468 1912 ac
481 1852 603 1912 novenis
615 1852 708 1912 obolis
719 1851 750 1912 in
758 1853 867 1912 minam
879 1853 1006 1931 pecunia
1015 1863 1117 1912 mutuo
1129 1866 1263 1932 sumpta:

163 1955 198 2003 ut
210 1953 371 2006 vestrorum
385 1945 529 2004 sociorum
543 1945 647 2023 opibus
670 1964 756 2006 suam
776 1944 989 2023 improbitatem
1010 1943 1150 2032 expleret.
1184 1946 1263 2006 Tarr-

162 2048 285 2117 tumque
311 2036 533 2115 petulantiam
526 2056 556 2094 111
573 2035 755 2094 hominum
746 2055 940 2114 ingenuorum
968 2054 1075 2095 uxores
1094 2038 1263 2112 ostentavit,

162 2138 305 2208 quantam
323 2147 411 2192 nemo
425 2127 499 2187 alius
514 2147 663 2206 unquam
685 2147 808 2206 quorum
822 2147 879 2206 ego
892 2128 1037 2187 neminem
1051 2127 1110 2188 huo
1123 2148 1210 2200 voco,
1223 2131 1263 2190 ad

162 2239 248 2282 suam
263 2221 476 2292 calamitatem,
475 2241 565 2298 quam
578 2221 693 2280 silentio
706 2230 807 2299 tegere
821 2221 934 2290 statuit,
948 2221 1066 2299 publice
1077 2223 1263 2282 testandam:

164 2313 220 2373 se'd
238 2313 270 2372 id
283 2313 365 2372 vobis
380 2312 512 2391 relinquo
530 2313 730 2391 cogitandum.
742 2312 834 2380 >Quid
847 2333 916 2372 vero
937 2311 1137 2391 exspectatis?
1158 2313 1217 2382 Qui
1229 2332 1263 2374 se

164 2405 291 2471 Athenis
304 2405 466 2466 insolenter
480 2405 565 2484 gerit,
584 2423 643 2464 non
656 2405 688 2464 in
702 2406 776 2467 alios
791 2406 944 2479 duntaxat,
959 2400 1016 2464 sed
1027 2416 1058 2465 et
1074 2405 1204 2464 insnum
1218 2407 1263 2489 ip,-

164 2496 226 2557 sius
240 2515 357 2575 corpus,
373 2516 439 2557 cum
461 2497 544 2575 leges
558 2497 627 2569 sint,
641 2516 708 2556 oum
730 2516 784 2557 vos
796 2497 929 2569 uideatis,
943 2501 1010 2555 cum
1031 2497 1143 2557 inimici
1162 2500 1188 2557 ei
1208 2499 1264 2574 irn-

164 2590 314 2649 mineantr
335 2608 402 2648 eum
421 2588 569 2649 licentiam
588 2597 718 2659 nactum,
732 2590 976 2649 etauctoritatem
996 2600 1085 2667 atque
1101 2590 1264 2667 imperium,

165 2680 232 2759 quis
247 2690 346 2759 speret
356 2680 449 2739 ullum
459 2682 676 2758 praetermisisse
687 2681 907 2784 spurcissimum
917 2680 1048 2739 lacinus?
1059 2675 1109 2740 ¹Ac
1117 2682 1188 2741 mihi
1197 2703 1264 2762 pro.-

69 2802 77 2809 -
164 2772 244 2831 fecto
256 2791 335 2852 saepe
349 2772 438 2830 subiit
450 2771 618 2831 felicitatem
630 2780 740 2831 nusum
756 2772 835 2831 urbis
849 2771 957 2844 mirari,
967 2791 1034 2831 cum
1045 2775 1083 2832 ob
1093 2773 1152 2831 alia
1161 2776 1265 2849 multa,

165 2875 230 2926 tum
244 2866 282 2923 ob
297 2864 380 2929 illud
399 2864 536 2936 maxime,
558 2862 640 2942 quod
660 2883 696 2923 eo
716 2873 847 2944 tempore
867 2864 967 2924 nullus
987 2865 1067 2925 urbis
1084 2863 1264 2937 Andriorum

166 2968 283 3036 emptor
296 2957 417 3017 exstitit.

164 3053 258 3111 ..23
279 3050 340 3109 Sed
355 3048 485 3109 fortassis
498 3070 550 3128 per
565 3068 597 3109 se
613 3048 802 3127 magistratus
813 3047 871 3107 init
883 3048 1040 3127 improbus,
1059 3068 1128 3108 cunr
1140 3050 1263 3129 collegis

167 3151 267 3201 autern
294 3141 470 3201 moderatus.
501 3140 614 3201 Unde?
635 3141 707 3214 Iste,
726 3140 941 3213 Athenienses,
957 3151 1074 3199 senator
1099 3140 1196 3211 factus
1212 3153 1265 3207 ,est

159 3234 293 3315 ‘praetore
314 3232 507 3321 Nicophemo.
543 3233 651 3305 Omnia
664 3251 750 3311 porro
772 3232 836 3311 ejus
856 3231 1061 3290 facinoraiillo
1077 3250 1155 3303 anno
1174 3232 1264 3317 edita,

167 3328 277 3405 exigna
286 3324 408 3384 diecula
421 3334 506 3403 parte
520 3323 595 3383 velle
609 3342 772 3398 recensere,
787 3323 945 3382 absurdum
960 3323 1064 3382 suerit:
1084 3343 1152 3401 quae
1164 3334 1264 3399 autem

167 3419 282 3479 crimini
302 3416 390 3496 hujus
415 3416 518 3499 judicii
542 3416 667 3476 maxime
691 3424 761 3475 sunt
781 3415 886 3485 affinia,
910 3434 946 3475 ea
965 3409 1110 3493 exponam
1130 3418 1265 3479 breviter.

168 3510 282 3569 Eodem
303 3510 391 3587 igitur
404 3518 539 3587 praetore,
559 3528 627 3567 cum
649 3508 702 3567 iste
722 3516 840 3568 senator
860 3518 949 3580 esset,
972 3506 1113 3568 Minervoe
1135 3521 1266 3587 quaestor
1315 3543 1333 3567 a

166 3600 224 3659 luit
237 3600 441 3679 Hagesander,
453 3599 572 3682 Crobyli
586 3600 684 3658 frater.
706 3600 893 3659 Furabantur
903 3610 1001 3657 autern
1014 3599 1145 3672 clamet
1157 3622 1267 3681 magna

167 3695 236 3751 cuin
249 3693 308 3752 fide
321 3692 459 3752 amicitiae
483 3709 522 3751 ιι.
545 3690 698 3751 drachmas
712 3691 837 3750 civitati.
857 3688 1030 3757 Quereris
1049 3690 1157 3764 bonus,
1177 3693 1265 3753 Pam·
1305 3752 1309 3756 ,

166 3784 265 3863 philus
276 3784 487 3853 Acherdusins,
498 3782 546 3843 cui
557 3802 625 3841 curn
634 3783 692 3867 isto
700 3782 856 3841 simultatis
864 3781 976 3860 aliquid
983 3780 1195 3857 intercedebat,
1205 3785 1267 3847 ani·

168 3874 333 3947 madrersa,
354 3884 517 3935 commotus
530 3875 561 3932 in
579 3873 720 3933 concione
741 3874 875 3946 surrexit,
894 3892 929 3931 ac
947 3872 1039 3932 dixit:
1061 3874 1267 3949 Athenienses,

168 3966 306 4043 furantur
316 3967 398 4025 vobis
412 3967 603 4025 communiter
617 3964 741 4024 maritus
756 3973 787 4023 et
800 3982 876 4021 uxor
891 3963 970 4022 mille
983 3962 1147 4025 drachmas.
1174 3968 1266 4027 Vobis

168 4068 268 4118 autern
282 4058 514 4137 admiratis,·quo
532 4067 620 4137 pacto
636 4056 759 4115 maritus
772 4064 804 4113 et
815 4059 900 4127 uxor,
917 4057 1032 4134 etquid
1051 4076 1088 4117 aa
1104 4058 1159 4115 sibi
1179 4057 1267 4118 vellet

169 4150 273 4219 oratio,
288 4150 473 4228 paulopost:
495 4148 718 4228 ignoratioquid
728 4146 848 4206 dicaml
868 4146 993 4206 Maritus
1004 4168 1086 4207 nunc
1094 4157 1150 4219 est,
1161 4146 1267 4227 inquit,

163 4241 367 4319 Hagesander
377 4242 438 4313 ille,
450 4242 500 4321 qui
514 4262 588 4301 uxor
601 4240 669 4301 olim
684 4249 714 4299 et
725 4239 791 4319 ipse
801 4239 867 4312 fuit,
881 4240 1106 4300 leudomanda:
1120 4258 1204 4314 uxor,
1215 4242 1266 4308 Ti-

170 4334 317 4394 marchus.
353 4333 423 4402 Quo
435 4341 534 4393 autem
548 4342 635 4412 pacto
654 4331 780 4411 pecunia
796 4330 977 4410 surripiatur,
991 4332 1057 4409 e'go
1074 4330 1184 4391 dicam.
1216 4335 1267 4396 Ao

154 4420 277 4487 deinde
290 4444 352 4487 reru
362 4425 677 4507 exponentemque
690 4422 778 4487 valde
790 4423 977 4502 probabssiter
990 4421 1191 4504 dilucideque.
1210 4427 1267 4485 llis
1345 4451 1349 4455 ·
