2967 4950
418 296 638 405 inversus
659 342 966 404 rnnrmnsrurr.
1183 348 1243 407 sss

142 497 265 559 Desine.
309 456 427 557 iiursus
440 496 497 557 ista
508 460 572 557 fieri
583 516 604 557 a
616 516 667 558 ma
682 498 734 577 qui
747 498 909 585 potuerunt
919 518 980 559 nou
994 498 1149 578 meseum,
1162 510 1194 561 ct
1206 501 1244 562 da

79 586 89 595 '
141 592 250 671 qmbus
262 590 413 669 Evergum
427 590 653 652 condemnasti?
674 590 781 653 Recita
793 592 889 671 ipsam
902 592 1118 653 accusationem
1129 593 1243 655 ordine.

568 806 823 911 recussum.

143 939 175 985 Et
186 936 283 991 venditu
292 937 384 985 officina
395 951 447 985 mea
454 944 479 984 et
490 937 563 985 sarvia
573 943 654 985 contra
664 943 734 999 pacta
744 954 834 987 mecum
846 940 914 987 tute.

111 1062 267 1121 -Desina
311 1061 379 1121 Hoc
402 1070 511 1121 caetera
531 1058 631 1121 omnia
653 1062 743 1142 louge
771 1074 895 1143 superat.
946 1064 1076 1127 Primum
1102 1078 1246 1130 contra
1298 1126 1303 1133 ,

143 1162 273 1231 pacta,
294 1151 398 1231 iuquit,
419 1170 568 1211 mecum
597 1154 730 1213 tacta:
765 1174 801 1214 sa
824 1172 893 1213 vero
911 1174 978 1234 quae
1001 1158 1089 1218 nunti
1127 1160 1247 1223 Locavi·

145 1264 209 1303 mus
236 1243 333 1303 usuris
355 1242 449 1302 solitis
470 1243 518 1302 isti
538 1252 640 1303 'nostra
657 1262 722 1314 nos,
738 1255 770 1304 et
793 1244 874 1304 aliud
898 1246 987 1306 nihil:
1010 1238 1145 1309 venditor
1168 1244 1246 1312 enini

144 1339 230 1398 nobis
246 1335 409 1397 Mnesicles
427 1336 523 1396 factus
536 1346 609 1409 erat,
623 1336 680 1397 isto
694 1346 838 1414 praesente
852 1346 882 1396 et
892 1338 1026 1418 jubente.
1062 1340 1178 1401 Deinde
1191 1362 1246 1402 uos

143 1431 208 1491 aliis
221 1428 408 1490 vendidimus
421 1427 457 1487 iis
470 1428 697 1499 conditionibus,
710 1430 818 1509 quibus
832 1448 886 1491 uos
900 1420 1073 1504 emeramus,
1083 1427 1143 1493 non
1157 1436 1246 1497 modo

139 1527 268 1605 jubente
283 1524 379 1607 adhuc
395 1522 462 1595 isto,
476 1522 528 1581 sed
552 1521 640 1581 etiam
660 1523 861 1602 supplicanter
883 1544 968 1585 nemo
983 1526 1060 1585 enim
1073 1526 1163 1587 istum
1175 1549 1246 1589 ven·

144 1618 270 1687 ditorem
295 1614 449 1675 admittere
474 1611 576 1672 voluit.
618 1614 765 1697 Quorsum
789 1616 877 1695 igitur
896 1616 945 1676 hic
964 1616 1118 1678 locationis
1138 1620 1247 1700 pacta?
1318 1622 1323 1629 “

146 1710 228 1778 Quid
242 1710 314 1780 hoc,
327 1707 418 1767 homo
430 1705 603 1775 iutiiissime,
619 1705 814 1785 inscripsisti?
845 1710 944 1787 Atque
956 1718 992 1767 ut
1005 1720 1122 1770 constet
1138 1731 1203 1785 uos,
1217 1723 1247 1773 et

145 1814 174 1863 te
184 1803 323 1882 jubente,
337 1798 501 1878 et,‘·quibus
522 1796 740 1858 conditionibus
756 1818 918 1860 emeramus
938 1801 1005 1880 ipsi,
1018 1801 1123 1863 iisdem
1144 1824 1246 1865 reven-

146 1893 268 1964 didisse,
284 1890 377 1952 recita
391 1889 597 1951 testimonium.

538 2067 845 2155 rssrrmonrusr.

146 2241 245 2318 Atque
255 2210 331 2299 adeo
346 2245 379 2299 tu
393 2257 510 2318 quoquc
520 2213 608 2297 ¹testis
621 2253 671 2296 es:
701 2252 771 2295 nanu
784 2252 852 2311 ques
864 2241 1053 2293 noscentem
1067 2243 1097 2295 et
1116 2233 1245 2321 quinque

147 2332 233 2394 minis
253 2332 387 2402 emimus,
400 2350 437 2391 ea
458 2340 489 2389 tu
511 2340 617 2409 postea
638 2327 731 2388 tribus
751 2326 868 2388 talentis
885 2336 916 2385 et
936 2326 981 2386 bis
1005 2325 1084 2386 mille
1102 2328 1246 2388 sescentis

147 2423 295 2484 drachmis
313 2422 480 2485 vendidisti.
524 2423 566 2483 At
589 2418 815 2500 quisomnium,
828 2417 884 2478 uisi
903 2418 1069 2481 venditores
1085 2418 1245 2496 habuisset,
1469 2454 1471 2465 ·

147 2535 236 2577 unam
245 2515 299 2576 tibi
311 2512 633 2578 dmchmsm'deuisset.
661 2515 738 2579 Quae
751 2521 784 2572 ut
795 2531 862 2574 vere
875 2531 894 2572 a
907 2529 954 2572 me
964 2511 1024 2584 dici
1036 2523 1162 2586 constet,
1171 2533 1246 2578 voca

148 2606 220 2666 mihi
232 2617 333 2668 testes.

499 2744 504 2752 ’
615 2744 777 2807 rasura.
913 2816 915 2820 .

149 2891 283 2969 Recepto
295 2889 394 2968 igitur,
408 2890 510 2968 quanti
523 2888 691 2960 estimaret,
706 2905 825 2946 suarum
838 2905 934 2946 rerum
948 2885 1054 2965 pretio,
1065 2896 1249 2965 nicquetum

148 2984 209 3063 ipse
221 2987 402 3063 precatus'ut
415 2982 548 3042 venditor
560 2983 660 3039 fierem
671 2998 740 3040 cum
751 2987 906 3057 argentum
919 2978 1119 3051 contulissem,
1132 2999 1213 3040 nuuc
1227 2999 1247 3055 a

150 3079 198 3135 me
221 3075 281 3135 duo
298 3073 412 3133 talenta
425 3073 514 3134 ctiam
528 3072 669 3152 postulat.
710 3071 772 3130 Sed
786 3079 894 3140 caeteta
916 3071 1040 3132 crimina
1063 3081 1130 3132 sunt
1152 3071 1247 3142 multo

150 3166 294 3248 graviora.
336 3165 596 3246 Recita‘reliquam
609 3161 806 3224 accusationis
819 3170 943 3241 partem.
1274 3169 1279 3181 ·

514 3397 517 3403 ‚
573 3352 818 3444 recussum.

47 3537 52 3550 '
149 3525 209 3601 Hic
221 3525 373 3606 complura
386 3534 418 3584 et
431 3523 541 3585 atrocia
553 3523 640 3583 simul
657 3525 728 3584 mihi
742 3524 859 3604 objicit:
880 3535 916 3585 ut
935 3525 1066 3596 verbera,
1089 3533 1124 3582 ut
1142 3534 1265 3586 contu.

149 3618 278 3691 mediam,
289 3630 324 3676 ut
336 3615 512 3688 violentiam,
525 3627 559 3674 ut
571 3612 691 3695 injurias
704 3616 733 3674 in
747 3618 843 3676 orbas.
885 3615 1017 3684 Quorum
1029 3615 1144 3694 singula
1157 3629 1247 3698 p‘eouf

148 3709 249 3770 liarem
270 3709 414 3771 actionem
437 3707 563 3780 habent,
574 3699 697 3788 eamque
721 3728 777 3768 uec
795 3707 873 3786 apud
889 3708 1091 3788 magistratum
1111 3707 1248 3782 eundem,
1294 3719 1299 3726 ‘

77 3837 86 3845 ,
149 3821 206 3862 nec
228 3802 333 3862 iisdem
353 3799 495 3860 sancitam
521 3799 627 3879 poenis.
670 3799 749 3860 Nam
770 3799 933 3866 verberatio
952 3809 983 3860 et
1005 3799 1153 3870 violentia,
1167 3800 1247 3879 apud

151 3892 452 3972 Quadragintaviros3
473 3891 662 3963 contumelia,
680 3890 760 3970 apud
775 3891 932 3960 Serviros3
954 3912 1021 3972 quae
1036 3893 1148 3954 veroin
1162 3895 1249 3954 orbas

150 3978 384 4060 committuntur,
399 3983 477 4064 apud
492 3984 652 4045 Praetorem
665 3984 858 4062 disceptanda
879 3993 957 4045 suut.
999 3973 1127 4065 Legibus
1151 3996 1249 4049 autem

150 4081 220 4141 iicet
239 4099 276 4140 ea
294 4076 566 4159 quoquetcrimiua,
581 4096 704 4157 quorum
725 4076 776 4155 qui
797 4076 943 4138 actionem
962 4077 1013 4166 det
1026 4095 1113 4140 nemo
1127 4087 1182 4150 est,
1196 4095 1248 4146 ex·v

150 4171 285 4252 ceptione
299 4189 493 4232 summovere.
535 4169 641 4231 Recita
652 4169 695 4230 eis
707 4169 786 4230 hauc
797 4170 903 4250 legem.

617 4361 624 4374 ·
653 4351 747 4412 LEX.

155 4483 237 4543 istud
259 4483 360 4562 igitur,
374 4501 440 4544 cum
464 4492 567 4562 praeter
590 4482 731 4562 reliquam
752 4481 998 4562 prescriptionem
1015 4443 1248 4558 oppositaerce·
