2967 4950
543 299 763 360 ADVERSUS
785 297 1041 361 EUBULIDEM.

704 506 868 611 rusras'.

282 696 309 754 9.
325 695 471 756 Praeterea
484 696 591 755 cumei
604 694 686 754 liberi
700 695 834 774 quaterni
847 703 947 752 esseut
960 694 1030 766 nati,
1042 692 1143 753 uterini
1157 693 1213 752 mei
1224 693 1333 764 fratres,

241 798 271 848 et
284 789 401 860 mortui,
411 787 524 866 sepeliit
538 807 587 846 eos
601 786 632 846 in
645 787 745 865 patriis
756 785 952 857 monimentis,
962 806 1028 864 quor
1043 795 1215 865 quotquote
1229 785 1332 844 familia

242 890 321 952 sunt,
334 881 525 960 participant:
547 899 642 959 neque
657 879 779 938 istorum
790 877 944 957 quisquam
953 878 1194 958 unquamvetuit,
1209 887 1260 938 aut
1269 897 1331 956 pro-

241 974 346 1046 bibuit,
362 993 457 1053 neque
473 991 539 1032 eum
554 973 643 1052 injus
656 972 780 1031 vocavit.
810 972 884 1039 Quis
894 991 963 1032 vero
978 982 1035 1044 est,
1049 972 1097 1050 qui
1113 991 1132 1030 a
1144 970 1254 1048 familia
1267 969 1334 1028 alie·

237 1085 296 1138 ,nos
311 1067 340 1126 in
355 1066 454 1144 patriis
468 1063 583 1146 sepeliri
596 1062 784 1124 monimentis
802 1063 945 1143 patiatur?
977 1064 1019 1123 Ut
1031 1074 1131 1124 autem
1142 1074 1172 1122 et
1185 1063 1252 1122 haec
1270 1081 1333 1121 vere

242 1178 260 1218 a
274 1177 321 1218 me
335 1157 393 1218 dici
407 1167 532 1230 constet,
546 1175 619 1234 cape
634 1155 843 1216 testimonium.

642 1387 947 1448 TESTIMON'IUM.

282 1547 332 1608 110.
354 1544 403 1604 De
423 1552 505 1623 patre
527 1542 625 1622 igitur,
639 1543 731 1602 tuisse
753 1561 819 1600 eum
838 1539 1057 1614 Atheniensem,
1070 1541 1136 1600 hoec
1155 1539 1251 1601 habeo
1271 1559 1336 1621 quse

238 1635 346 1709 dicam,
357 1629 625 1716 et'testeoproduxi
639 1621 783 1714 eos,qu0s
797 1633 846 1692 isti
859 1632 914 1712 ipsi
927 1632 1006 1692 cives
1019 1652 1085 1693 esse
1097 1635 1335 1713 pronunciarent,

240 1728 290 1806 qui
312 1728 513 1800 testificantur,
537 1746 603 1786 eum
625 1726 819 1787 subministro
837 1725 1056 1786 consobrinum.
1095 1725 1221 1786 Constat
1239 1737 1335 1786 antem

239 1836 311 1879 eum
323 1829 370 1880 tot
381 1830 412 1880 et
431 1831 476 1879 tot
498 1839 590 1879 annos
606 1820 654 1881 bic
668 1819 786 1891 vixisse,
801 1829 830 1878 et
844 1837 992 1897 nusquam
1005 1838 1133 1897 usquam
1145 1828 1179 1879 ut
1191 1818 1336 1898 hospitem

242 1931 309 1973 esse
322 1912 547 1992 deprehensum,
563 1912 616 1974 sed
629 1913 666 1972 ad
680 1912 734 1972 hos
748 1921 890 1991 cognatos
909 1929 980 1970 suos
998 1911 1178 1990 confugisse,
1197 1911 1250 1988 qui
1269 1931 1335 1970 cum

242 2015 273 2066 et
294 2015 476 2086 receperunt,
490 2018 520 2067 et
540 2005 696 2065 facultates
721 2005 748 2064 ei
769 2004 979 2085 impertierunt,
1001 2013 1035 2063 ut
1053 2024 1172 2063 suorum
1194 2005 1256 2062 uni.
1297 2005 1335 2063 lis

240 2117 328 2176 porro
341 2099 520 2178 temporibus
542 2107 630 2157 natus
652 2098 718 2170 suit,
731 2107 766 2155 ut
787 2096 903 2156 etiamsi
924 2115 961 2156 ex
984 2095 1076 2155 altera
1092 2095 1239 2154 duntaxat
1257 2107 1335 2174 parte

242 2190 313 2252 civis
327 2191 442 2264 fuisset,
456 2191 548 2251 civem
568 2209 635 2249 eum
654 2190 757 2250 baberi
774 2176 952 2260 conveniret,
962 2207 1040 2248 ‚curn
1052 2198 1140 2247 natus
1152 2197 1222 2249 ante
1237 2188 1336 2248 Eucli-

243 2282 311 2343 dem
324 2284 421 2344 suerit.
455 2283 502 2342 De
516 2292 609 2342 matre
622 2292 719 2343 autem
733 2301 908 2342 mea—nam
921 2292 952 2341 et
961 2281 1039 2342 hanc
1052 2282 1336 2363 exagitarunt-jam

242 2375 351 2448 dicam,
365 2384 395 2436 et
408 2374 547 2435 orationis
560 2393 634 2434 meae
648 2375 748 2435 citabo
761 2384 864 2434 testes.
904 2375 1044 2441 Quamvis
1058 2393 1119 2432 non
1131 2373 1222 2434 modo
1236 2384 1337 2435 contra

243 2467 362 2530 decreta
383 2468 531 2528 forensem
555 2477 699 2546 quaestum
721 2467 806 2527 uobis
828 2467 965 2548 objecerit
986 2465 1159 2538 Eubulidas,
1180 2467 1336 2533 sedetiam

242 2570 347 2621 contra
359 2560 450 2640 leges,
464 2580 531 2638 que
549 2560 672 2621 convicii
687 2560 807 2619 crimine
819 2561 910 2620 teneri
919 2560 1026 2639 jubent
1038 2579 1116 2632 eum,
1129 2560 1181 2639 qui
1192 2571 1335 2639 quaestum

242 2651 273 2711 in
294 2652 357 2712 foro
376 2653 428 2711 ulli
450 2652 566 2725 civium,
589 2670 641 2711 seu
661 2653 733 2725 viro,
755 2672 808 2713 seu
831 2653 943 2713 mulieri
962 2652 1152 2733 exprobrarit
1194 2654 1260 2713 Nos
1270 2672 1336 2713 vero

243 2744 369 2805 fatemur
382 2755 413 2803 et
424 2743 532 2803 fascias
546 2743 673 2804 vendere
686 2764 751 2817 nos,
762 2752 793 2804 et
802 2744 935 2805 victitare
949 2765 1009 2806 uon
1022 2745 1065 2803 uti
1078 2744 1224 2805 voiumus.
1252 2744 1334 2813 Quod

244 2837 270 2895 si
285 2836 337 2895 tibi
350 2847 521 2916 argumento
546 2846 602 2908 est,
615 2856 669 2897 nos
691 2855 752 2897 non
775 2855 841 2897 esse
862 2838 949 2910 cives,
970 2837 1098 2917 egotibi
1120 2836 1208 2916 hujus
1220 2836 1333 2895 omnino

245 2928 421 2989 contrarium
439 2929 579 3010 probabo,
595 2947 655 2989 non
669 2928 758 2989 licere
779 2930 932 3008 peregrino
945 2929 977 2989 in
995 2931 1059 2991 soro
1072 2939 1219 3008 questum
1233 2930 1332 2992 facee.

246 3019 327 3101 Cape
336 3020 473 3103 primum,
490 3040 525 3083 ac
535 3021 600 3101 lege
613 3020 684 3081 mihi
694 3019 812 3081 Solonis
826 3021 931 3100 legem.

725 3222 728 3231 '
745 3235 838 3295 unx.

244 3376 328 3454 Cape
339 3366 430 3438 etiam
442 3378 657 3459 Aristopboutis
671 3380 779 3461 legem.
810 3378 841 3437 Is
854 3378 930 3437 euim
943 3397 1008 3438 eam
1021 3378 1095 3440 adeo
1108 3391 1189 3441 recte
1203 3390 1235 3441 et
1246 3400 1329 3462 popu·

243 3466 343 3526 lariter
366 3488 432 3529 esse
453 3470 544 3529 latam
567 3471 690 3544 censuit,
713 3483 748 3532 ut
769 3471 1030 3531 senatusconsulto
1054 3472 1254 3534 renovandam
1274 3492 1330 3533 esse

246 3556 416 3618 decreverit.

741 3717 835 3778 LEX.

250 3854 381 3915 Tuendae
393 3866 463 3916 sunt
471 3858 559 3936 igitur
572 3860 653 3920 vobis
665 3859 758 3939 leges,
771 3882 866 3939 neque
878 3862 902 3944 ii,
910 3863 961 3941 qui
972 3874 1119 3942 quaestum
1133 3865 1250 3927 facium
1260 3886 1334 3947 pere·

247 3946 332 4027 grini,
345 3946 399 4005 sed
412 3948 696 4025 qui-calumniantur,
709 3954 834 4032 improbi
848 3963 918 4014 suut
929 3955 1068 4016 habendi.
1110 3956 1169 4017 Est
1182 3959 1272 4033 enim,
1281 3960 1335 4017 Eu·

246 4038 358 4112 bulide,
372 4037 429 4099 alia
441 4058 555 4119 quoque
568 4041 617 4101 lex
630 4044 666 4103 de
690 4046 816 4124 ignavia,
831 4047 879 4105 cui
901 4067 970 4107 cum
984 4047 1048 4125 ipse
1060 4050 1207 4111 obnoxius
1223 4052 1274 4124 sis,
1286 4070 1334 4111 nos

248 4133 298 4211 qui
320 4149 394 4211 opus
417 4129 549 4205 facimus,
575 4136 717 4212 exagitas.
758 4138 869 4197 Verum
890 4159 969 4198 nunc
992 4140 1185 4219 usqueadeo
1209 4142 1337 4203 infelices

248 4240 359 4295 sumus,
379 4233 412 4281 ut
433 4223 481 4283 isti
499 4223 584 4303 liceat
602 4238 685 4285 extra
703 4248 825 4301 causam,
835 4230 1000 4302 conviciari,
1015 4242 1103 4310 atque
1122 4233 1223 4294 omnia
1236 4237 1337 4303 facere,

250 4332 405 4393 rie-meum
427 4316 498 4401 mihi
511 4318 562 4397 jus
586 4317 748 4381 tribuatur:
767 4336 934 4385 meantem
953 4325 1078 4385 formsse
1099 4326 1338 4406 objurgabitimi

250 4402 349 4469 dixero
362 4410 607 4489 quemadmodum
627 4411 683 4473 iste
701 4414 731 4473 in
750 4417 823 4478 urbe
844 4417 1017 4481 circumiens
1031 4438 1093 4482 rem
1108 4419 1211 4485 facim.
1250 4422 1339 4504 quue
