2967 4950
399 274 645 380 ¹rov'nusus
665 308 934 369 mmorrrnurr.
1118 325 1128 364 ,-
1176 310 1237 373 ⁶⁸5
1291 267 1314 400 ἰ
1403 323 1406 327 .

76 550 80 559 Δ
132 460 387 613 seqerunt,'etiam
397 462 603 541 jusjurandum
616 462 764 543 pollicitus
777 484 842 523 sum
853 462 1109 545 Timotheo,quod
1122 464 1236 543 legetur

132 572 168 613 vo
189 573 226 613 rs.

534 650 852 737 russonruouu.

82 791 86 801 ’
135 798 243 878 Neque
257 816 338 869 vero,
360 796 521 869 Judices,
514 818 543 857 ιιι
558 798 674 879 scriptis
689 802 785 861 solum
793 814 886 881 pater
908 802 977 862 mihi
996 802 1097 864 debita
1110 802 1235 882 reliquit,

134 888 189 949 sed
200 889 384 950 decumbens
398 888 485 949 etiam
500 890 583 962 dixit,
591 891 668 975 quid
684 893 738 953 sibi
749 886 904 953 deberetur
914 894 1094 975 singulatim,
1100 905 1131 955 et
1140 914 1159 954 a
1168 916 1237 974 quo,

134 992 165 1041 et
180 1000 272 1060 quem
287 982 316 1040 in
338 1000 424 1041 usum
440 971 553 1060 accepti
571 994 669 1043 essent
692 984 813 1056 nummi,
824 985 914 1045 fratre
930 998 1086 1065 praesente.
1125 988 1237 1048 Hace

136 1091 269 1133 merere
283 1072 340 1132 dici
354 1084 389 1133 ut
401 1084 550 1152 appareat,
566 1072 633 1152 lege
645 1074 717 1134 mihi
729 1075 826 1137 fratris
840 1076 1048 1137 testimonium.

541 1252 845 1316 TESTIMONIUM.

138 1360 182 1427 Ac
197 1367 385 1427 Timotheum
400 1386 465 1427 eam
479 1368 642 1446 pecuniam,
662 1390 750 1449 quam
765 1372 802 1434 ab
816 1390 853 1431 co
866 1371 995 1451 postulo,
1012 1371 1088 1450 patri
1107 1391 1172 1433 meo
1186 1373 1239 1433 de·

138 1460 251 1529 baisse,
278 1479 401 1539 eamque
415 1480 489 1519 meae
510 1462 651 1539 portionis
665 1463 765 1537 luisse,
788 1474 819 1523 et
836 1464 926 1525 frater
945 1464 1120 1525 testificatus
1140 1476 1197 1536 est,
1211 1476 1243 1526 et

139 1552 281 1613 Phormio
291 1554 342 1631 qui
360 1553 438 1613 illam
453 1555 627 1625 numeravit,
644 1565 674 1615 et
687 1576 744 1635 ego
754 1557 961 1636 jusjurandum
976 1551 1087 1619 cidare
1101 1559 1191 1618 volui.

179 1648 208 1705 9.
233 1647 331 1721 Quum
346 1640 415 1706 vero
428 1647 485 1707 irte'
503 1647 583 1727 apud
602 1648 739 1708 arbitrum
754 1659 953 1727 provocasset,
967 1661 998 1708 et
1017 1649 1112 1725 afferri
1126 1651 1242 1711 tabulas

141 1758 159 1797 a
182 1757 289 1797 mensa
307 1738 435 1817 juberet,
459 1749 489 1799 et
512 1739 677 1818 exemplum
699 1741 873 1819 postularet,
891 1742 979 1801 misso
1002 1742 1185 1802 Phrasicride
1204 1744 1242 1803 ad

116 1901 119 1905 Ι
140 1847 271 1889 mensam
285 1848 293 1887 ι
315 1829 350 1889 iis
364 1829 494 1907 prolatis,
505 1828 699 1891 Phrasicridce
714 1841 746 1891 et
758 1832 917 1909 quaerenda
928 1843 959 1892 et
972 1834 1163 1895 exscribenda
1173 1833 1243 1895 dedi

138 1940 175 1980 ea
193 1940 262 1999 quae
281 1921 336 1979 iste
353 1921 482 1983 deberet.
524 1922 702 1983 Confessum
724 1935 822 1983 autern
840 1924 933 1985 fuisse
954 1944 987 1985 sa
1008 1926 1173 2006 exemplum
1193 1948 1244 1988 ac-

142 2013 257 2091 cepisse
273 2021 307 2071 ut
319 2022 445 2084 constet,
461 2013 527 2093 lege
540 2014 609 2075 mihi
623 2015 832 2077 testimonium.
899 2019 918 2034 '¹

548 2196 854 2257 TESTIMONIUM

144 2312 273 2376 Allatis
266 2312 355 2391 igitur
375 2331 394 2371 a
413 2332 459 2372 me
479 2313 568 2372 literis
588 2313 626 2372 ad
646 2283 794 2386 arbitrum,
809 2313 947 2375 Phormio
961 2325 992 2375 et
1007 2301 1180 2397 Euphrseus,
1195 2316 1246 2394 qui

145 2400 300 2488 pecuniam
321 2405 427 2483 quibus
451 2405 507 2465 iste
523 2405 651 2486 jusserat
672 2415 817 2478 curarant,
841 2417 1014 2487 praesentes,
1035 2408 1248 2494 conveniebant

144 2521 223 2570 eum,
239 2509 269 2558 ct
290 2497 397 2576 quibus
425 2499 542 2578 singula
565 2499 742 2577 temporibus
763 2509 915 2560 mutuatus
938 2513 1026 2573 esset,
1046 2511 1076 2561 et
1098 2522 1185 2582 quem
1208 2501 1247 2562 ad

144 2611 232 2654 usum
248 2591 420 2670 accepisset,
430 2601 479 2652 et
479 2611 553 2670 quas
574 2591 622 2650 ad
627 2611 673 2650 res
687 2593 797 2652 abusus
811 2603 898 2652 esset
942 2593 1001 2653 lste
1014 2612 1083 2652 vero
1097 2593 1175 2652 mille
1190 2603 1248 2653 tre·

112 2703 113 2706 ’
145 2695 249 2746 centos
264 2683 475 2762 quinquaginta
496 2703 584 2744 unam
608 2695 639 2742 et
657 2684 731 2744 duos
746 2684 859 2756 obolos,
873 2705 940 2763 quae
957 2685 1082 2767 primum
1095 2696 1247 2746 mutuatus
1303 2680 1306 2699 '

144 2762 200 2837 suit
214 2794 316 2834 mense
331 2771 451 2846 Martio,
460 2797 541 2836 oram
556 2770 705 2836 soluturus
720 2777 871 2836 Socratide
892 2787 1026 2857 praetore,
1039 2798 1166 2857 querque
1185 2779 1245 2838 An

136 2868 273 2931 ἰιιιιεοιιο
287 2867 425 2946 questori
448 2861 501 2927 suo
519 2868 581 2927 dari
598 2858 737 2945 jusserat,
752 2869 886 2948 privatim
900 2879 1050 2930 mutuasse
1064 2870 1184 2931 dicebat
1197 2891 1248 2949 pa-
1310 2890 1312 2894 ⁸

146 2973 220 3022 trem
245 2953 343 3020 meum
367 2959 553 3031 Antimacho,
578 2979 638 3018 non
661 2980 692 3019 se
716 2961 873 3040 accepisse.
917 2962 961 3021 Ac
983 2981 1052 3020 vera
1072 2946 1194 3040 quidem
1216 2982 1247 3022 se

145 3053 243 3113 dicere
257 3052 428 3112 nullo'teste
442 3051 589 3111 ostendit:
611 3051 665 3110 sed
678 3052 770 3111 verbis
782 3053 921 3136 abutitur,
933 3060 967 3111 ιιι
976 3071 1013 3110 ne
1026 3053 1089 3130 ipse
1101 3053 1248 3134 fraudare,

146 3146 202 3206 sed
214 3144 409 3205 Antimachus
431 3153 581 3204 mutuatus
601 3165 666 3204 esse
681 3145 823 3204 videatur.
864 3145 932 3222 Ego
947 3163 1026 3216 vero,
1039 3143 1172 3215 ludices,
1186 3165 1250 3204 ma-

135 3249 279 3318 ‘gnum
266 3237 350 3297 vobis
369 3246 574 3314 argumentum
601 3237 709 3309 dicam,
732 3238 812 3297 unde
837 3247 987 3316 appareat,
1000 3255 1061 3294 non
1075 3237 1250 3298 Antimacho

146 3339 312 3393 mutuatum
327 3349 392 3390 esse
406 3341 518 3434 patrem
531 3329 611 3390 illam
627 3330 795 3410 pecuniam,
813 3329 865 3388 sed
886 3328 1069 3413 Timotheo
1059 3329 1180 3409 jamjam
1200 3349 1248 3391 so·

146 3419 259 3486 lutum.
288 3423 405 3484 Utrum
420 3415 496 3482 er'rim
510 3421 623 3482 facilius
643 3419 776 3482 futurum
790 3421 899 3527 putatis
913 3408 999 3500 patri,
1015 3409 1172 3510 publicatis
1185 3422 1248 3482 An·

146 3516 267 3578 timachi
285 3515 379 3588 bonis,
393 3511 523 3574 asserere
538 3515 592 3574 sibi
607 3516 644 3575 ab
658 3535 693 3576 eo
708 3514 853 3588 deberi,
831 3535 856 3574 ει
876 3513 1055 3600 Antimacho
1075 3525 1249 3589 mutuasset,

147 3618 185 3670 an
200 3617 369 3688 exspectare
377 3608 455 3667 dum
468 3607 591 3667 eandem
611 3609 647 3667 ab
666 3608 723 3668 is'to
745 3607 924 3687 locupletato
944 3592 1097 3688 reciperet,
1112 3608 1164 3684 qui
1186 3609 1249 3687 ipse
1283 3680 1289 3689 ἱ

147 3701 197 3761 illo
210 3711 341 3780 tempore
356 3719 437 3778 spem
454 3699 492 3758 de
514 3698 609 3759 salute
626 3718 680 3759 sua
699 3701 890 3779 perexiguam
907 3697 1058 3757 habebat?
1092 3698 1250 3758 Enimvero

138 3793 172 3853 'si
186 3792 378 3872 postulasset,
392 3811 451 3850 ιιοιι
465 3788 609 3862 defuisset
621 3791 700 3850 unde
719 3811 758 3876 ex
772 3808 881 3871 sponso
895 3802 1006 3867 ageret,
1020 3808 1116 3866 neque
1134 3811 1160 3850 er
1152 3776 1249 3851 lides

146 3885 254 3944 suisset
267 3903 285 3943 a
298 3883 381 3944 vobis
396 3881 546 3988 abrogata.
584 3883 676 3943 Scitis
689 3881 881 3943 enimomnes
894 3892 1008 3960 patrem
1021 3884 1117 3940 meum
1132 3882 1250 3964 publica

135 3997 217 4037 Ιιιοιι
214 3977 328 4056 injuste
341 3976 525 4053 concupisse,
539 3975 591 4035 sed
605 3976 642 4034 de
656 3995 709 4034 suo
725 3974 820 4044 vobis,
831 3973 946 4052 quoties
952 3973 1105 4052 juberetis,
1116 3974 1250 4034 alacriter

146 4087 315 4149 erogasse.
312 4067 432 4127 deinde
441 4067 634 4128 familiaris
609 4087 636 4126 er
650 4067 705 4126 ruit
717 4066 914 4137 Callistratus,
927 4085 977 4144 qur
969 4049 1161 4125 Antimachi
1171 4067 1250 4123 bona

147 4160 316 4242 publicavit,
340 4179 435 4238 neque
457 4159 485 4217 ei
505 4161 675 4240 adversatur
690 4167 778 4218 esset.
821 4156 902 4223 Quid
925 4156 979 4216 sibi
1002 4156 1144 4243 voluisset
1162 4153 1250 4232 igitur

146 4263 241 4334 pater,
255 4262 289 4336 ut
309 4251 495 4311 Timotheum
513 4252 611 4330 potius
629 4251 788 4310 debitorem
812 4249 896 4308 nobis
916 4236 1087 4336 inscriptum
1101 4231 1249 4324 relinque-

146 4354 202 4417 ret,
217 4343 273 4402 uisi
292 4338 318 4403 i's
337 4341 497 4413 debuisset,
509 4361 598 4422 quatu
612 4351 675 4402 ute
691 4333 846 4439 publicatis
860 4327 1027 4400 Antimachi
1042 4337 1127 4398 honis
1146 4349 1249 4418 postu·

129 4421 132 4429 ’
145 4437 223 4496 lartt
236 4444 323 4513 atque
337 4433 503 4514 reciperet?
