<?xml version="1.0" encoding="UTF-8"?>
<!DOCTYPE html PUBLIC "-//W3C//DTD XHTML 1.0 Transitional//EN"
    "http://www.w3.org/TR/xhtml1/DTD/xhtml1-transitional.dtd">
<html xmlns="http://www.w3.org/1999/xhtml" xml:lang="en" lang="en">
 <head>
  <title>
</title>
<meta http-equiv="Content-Type" content="text/html;charset=utf-8" />
  <meta name='ocr-system' content='tesseract 3.04.00' />
  <meta name='ocr-capabilities' content='ocr_page ocr_carea ocr_par ocr_line ocrx_word'/>
</head>
<body>
  <div class='ocr_page' id='page_1' title='image "./demosthenisetsc06ulpigoog_0475.png"; bbox 0 0 2967 4950; ppageno 0'>
   <div class='ocr_carea' id='block_1_1' title="bbox 489 291 1265 362">
    <p class='ocr_par' dir='ltr' id='par_1_1' title="bbox 489 291 1265 362">
     <span class='ocr_line' id='line_1_1' title="bbox 489 291 1265 362; baseline -0.004 -11"><span class='ocrx_word' id='word_1_1' title='bbox 489 293 556 352; x_wconf 82' lang='grc' dir='ltr'><strong>,ΙΝ</strong></span> <span class='ocrx_word' id='word_1_2' title='bbox 575 291 920 356; x_wconf 82' lang='lat' dir='ltr'><strong>CTESIPHONTEM.</strong></span> <span class='ocrx_word' id='word_1_3' title='bbox 975 292 978 300; x_wconf 87' lang='lat'>&#39;</span> <span class='ocrx_word' id='word_1_4' title='bbox 1128 343 1152 362; x_wconf 63' lang='lat'><em>„</em></span> <span class='ocrx_word' id='word_1_5' title='bbox 1199 293 1265 350; x_wconf 84' lang='lat'><strong>¹1&#39;15</strong></span> 
     </span>
    </p>
   </div>
   <div class='ocr_carea' id='block_1_2' title="bbox 114 437 1348 2098">
    <p class='ocr_par' dir='ltr' id='par_1_2' title="bbox 114 437 1348 2004">
     <span class='ocr_line' id='line_1_2' title="bbox 157 437 1267 527; baseline 0.001 -25"><span class='ocrx_word' id='word_1_6' title='bbox 157 444 261 523; x_wconf 69' lang='lat' dir='ltr'><strong>(magis</strong></span> <span class='ocrx_word' id='word_1_7' title='bbox 282 445 407 506; x_wconf 85' lang='lat' dir='ltr'><strong>adversa</strong></span> <span class='ocrx_word' id='word_1_8' title='bbox 426 445 492 506; x_wconf 87' lang='lat' dir='ltr'><strong>fuit.</strong></span> <span class='ocrx_word' id='word_1_9' title='bbox 519 448 567 509; x_wconf 79' lang='lat' dir='ltr'><strong>An</strong></span> <span class='ocrx_word' id='word_1_10' title='bbox 581 449 664 527; x_wconf 86' lang='lat' dir='ltr'><strong>quod</strong></span> <span class='ocrx_word' id='word_1_11' title='bbox 680 449 708 508; x_wconf 91' lang='lat' dir='ltr'><strong>is</strong></span> <span class='ocrx_word' id='word_1_12' title='bbox 724 437 775 526; x_wconf 73' lang='lat' dir='ltr'><strong>&#39;dui</strong></span> <span class='ocrx_word' id='word_1_13' title='bbox 797 449 900 508; x_wconf 83' lang='lat' dir='ltr'><strong>scitum</strong></span> <span class='ocrx_word' id='word_1_14' title='bbox 921 437 994 506; x_wconf 80' lang='lat' dir='ltr'><strong>fecit</strong></span> <span class='ocrx_word' id='word_1_15' title='bbox 1016 465 1074 506; x_wconf 88' lang='lat' dir='ltr'><strong>non</strong></span> <span class='ocrx_word' id='word_1_16' title='bbox 1095 444 1267 525; x_wconf 81' lang='lat' dir='ltr'><strong>dignus—eat</strong></span> 
     </span>
     <span class='ocr_line' id='line_1_3' title="bbox 150 537 1267 621; baseline 0.001 -28"><span class='ocrx_word' id='word_1_17' title='bbox 150 537 333 615; x_wconf 54' lang='lat' dir='ltr'><strong>tsuppliciot</strong></span> <span class='ocrx_word' id='word_1_18' title='bbox 354 539 433 617; x_wconf 85' lang='lat' dir='ltr'><strong>Ergo</strong></span> <span class='ocrx_word' id='word_1_19' title='bbox 447 539 537 598; x_wconf 79' lang='lat' dir='ltr'><strong>nullae</strong></span> <span class='ocrx_word' id='word_1_20' title='bbox 551 550 621 604; x_wconf 85' lang='lat' dir='ltr'><strong>sunt</strong></span> <span class='ocrx_word' id='word_1_21' title='bbox 634 541 712 621; x_wconf 88' lang='lat' dir='ltr'><strong>apud</strong></span> <span class='ocrx_word' id='word_1_22' title='bbox 728 561 780 600; x_wconf 88' lang='lat' dir='ltr'><strong>ros</strong></span> <span class='ocrx_word' id='word_1_23' title='bbox 801 541 949 604; x_wconf 80' lang='lat' dir='ltr'><strong>rationum</strong></span> <span class='ocrx_word' id='word_1_24' title='bbox 964 540 1031 599; x_wconf 76' lang='lat' dir='ltr'><strong>vitm</strong></span> <span class='ocrx_word' id='word_1_25' title='bbox 1050 537 1267 598; x_wconf 82' lang='lat' dir='ltr'><strong>referendarum</strong></span> 
     </span>
     <span class='ocr_line' id='line_1_4' title="bbox 167 625 1348 716; baseline 0.002 -30"><span class='ocrx_word' id='word_1_26' title='bbox 167 627 272 706; x_wconf 80' lang='lat' dir='ltr'><strong>leges,</strong></span> <span class='ocrx_word' id='word_1_27' title='bbox 285 629 311 688; x_wconf 87' lang='lat' dir='ltr'><strong>si</strong></span> <span class='ocrx_word' id='word_1_28' title='bbox 329 630 410 691; x_wconf 91' lang='lat' dir='ltr'><strong>hunc</strong></span> <span class='ocrx_word' id='word_1_29' title='bbox 423 632 623 693; x_wconf 74' lang='lat' dir='ltr'><strong>absolveritis.</strong></span> <span class='ocrx_word' id='word_1_30' title='bbox 645 633 823 694; x_wconf 48' lang='lat' dir='ltr'><strong>1Illud&#39;vero</strong></span> <span class='ocrx_word' id='word_1_31' title='bbox 846 653 943 693; x_wconf 89' lang='lat' dir='ltr'><strong>nonne</strong></span> <span class='ocrx_word' id='word_1_32' title='bbox 960 625 1268 716; x_wconf 67' lang='lat' dir='ltr'><strong>ingemiscendumsi</strong></span> <span class='ocrx_word' id='word_1_33' title='bbox 1339 674 1348 681; x_wconf 57' lang='grc'><strong>»</strong></span> 
     </span>
     <span class='ocr_line' id='line_1_5' title="bbox 157 721 1266 804; baseline 0.004 -30"><span class='ocrx_word' id='word_1_34' title='bbox 157 721 287 797; x_wconf 71' lang='lat' dir='ltr'><strong>quidem</strong></span> <span class='ocrx_word' id='word_1_35' title='bbox 299 724 369 782; x_wconf 91' lang='lat' dir='ltr'><strong>olim</strong></span> <span class='ocrx_word' id='word_1_36' title='bbox 385 723 748 803; x_wconf 64' lang='lat' dir='ltr'><strong>aureiscoroniaquibus</strong></span> <span class='ocrx_word' id='word_1_37' title='bbox 771 725 897 804; x_wconf 91' lang='lat' dir='ltr'><strong>populus</strong></span> <span class='ocrx_word' id='word_1_38' title='bbox 920 723 1070 784; x_wconf 82' lang='lat' dir='ltr'><strong>aGreecis</strong></span> <span class='ocrx_word' id='word_1_39' title='bbox 1092 721 1266 789; x_wconf 74' lang='lat' dir='ltr'><strong>donabatur,</strong></span> 
     </span>
     <span class='ocr_line' id='line_1_6' title="bbox 124 814 1267 896; baseline -0.001 -24"><span class='ocrx_word' id='word_1_40' title='bbox 124 846 130 850; x_wconf 87' lang='lat'><em>-</em></span> <span class='ocrx_word' id='word_1_41' title='bbox 166 814 351 874; x_wconf 81' lang='lat' dir='ltr'><strong>refertaerat</strong></span> <span class='ocrx_word' id='word_1_42' title='bbox 372 816 532 888; x_wconf 82' lang='lat' dir='ltr'><strong>orchestra,</strong></span> <span class='ocrx_word' id='word_1_43' title='bbox 547 817 686 896; x_wconf 84' lang='lat' dir='ltr'><strong>eoquod</strong></span> <span class='ocrx_word' id='word_1_44' title='bbox 704 817 767 876; x_wconf 90' lang='lat' dir='ltr'><strong>dies</strong></span> <span class='ocrx_word' id='word_1_45' title='bbox 788 817 836 876; x_wconf 91' lang='lat' dir='ltr'><strong>hic</strong></span> <span class='ocrx_word' id='word_1_46' title='bbox 850 815 1045 895; x_wconf 84' lang='lat' dir='ltr'>hospitalibus</span> <span class='ocrx_word' id='word_1_47' title='bbox 1063 814 1179 874; x_wconf 87' lang='lat' dir='ltr'><strong>coronis</strong></span> <span class='ocrx_word' id='word_1_48' title='bbox 1196 831 1267 872; x_wconf 89' lang='lat' dir='ltr'><strong>con-</strong></span> 
     </span>
     <span class='ocr_line' id='line_1_7' title="bbox 166 905 1267 987; baseline 0 -24"><span class='ocrx_word' id='word_1_49' title='bbox 166 907 286 965; x_wconf 86' lang='lat' dir='ltr'><strong>stitutus</strong></span> <span class='ocrx_word' id='word_1_50' title='bbox 305 917 369 969; x_wconf 86' lang='lat' dir='ltr'><strong>erat</strong></span> <span class='ocrx_word' id='word_1_51' title='bbox 380 929 399 967; x_wconf 78' lang='lat' dir='ltr'><strong>t·</strong></span> <span class='ocrx_word' id='word_1_52' title='bbox 409 929 488 968; x_wconf 89' lang='lat' dir='ltr'><strong>nunc</strong></span> <span class='ocrx_word' id='word_1_53' title='bbox 503 929 542 970; x_wconf 86' lang='lat' dir='ltr'><strong>ex</strong></span> <span class='ocrx_word' id='word_1_54' title='bbox 557 909 768 971; x_wconf 86' lang='lat' dir='ltr'><strong>Demosthenis</strong></span> <span class='ocrx_word' id='word_1_55' title='bbox 781 909 811 966; x_wconf 89' lang='lat' dir='ltr'><strong>in</strong></span> <span class='ocrx_word' id='word_1_56' title='bbox 820 929 886 987; x_wconf 89' lang='lat' dir='ltr'><strong>rep.</strong></span> <span class='ocrx_word' id='word_1_57' title='bbox 898 907 1134 970; x_wconf 86' lang='lat' dir='ltr'><strong>administranda</strong></span> <span class='ocrx_word' id='word_1_58' title='bbox 1151 905 1267 964; x_wconf 89' lang='lat' dir='ltr'><strong>institu-</strong></span> 
     </span>
     <span class='ocr_line' id='line_1_8' title="bbox 155 999 1266 1081; baseline -0.002 -24"><span class='ocrx_word' id='word_1_59' title='bbox 155 999 204 1066; x_wconf 60' lang='lat' dir='ltr'><strong>,tis</strong></span> <span class='ocrx_word' id='word_1_60' title='bbox 218 1020 270 1060; x_wconf 90' lang='lat' dir='ltr'><strong>vos</strong></span> <span class='ocrx_word' id='word_1_61' title='bbox 285 999 382 1079; x_wconf 87' lang='lat' dir='ltr'><strong>neque</strong></span> <span class='ocrx_word' id='word_1_62' title='bbox 395 1003 511 1062; x_wconf 86' lang='lat' dir='ltr'><strong>coronis</strong></span> <span class='ocrx_word' id='word_1_63' title='bbox 524 1022 621 1079; x_wconf 79' lang='lat' dir='ltr'><strong>neque</strong></span> <span class='ocrx_word' id='word_1_64' title='bbox 636 1001 790 1081; x_wconf 76' lang='lat' dir='ltr'>praeconiis</span> <span class='ocrx_word' id='word_1_65' title='bbox 803 1001 905 1076; x_wconf 86' lang='lat' dir='ltr'><strong>donati</strong></span> <span class='ocrx_word' id='word_1_66' title='bbox 920 1001 994 1071; x_wconf 88' lang='lat' dir='ltr'><strong>sitis,</strong></span> <span class='ocrx_word' id='word_1_67' title='bbox 1009 999 1065 1058; x_wconf 89' lang='lat' dir='ltr'><strong>iste</strong></span> <span class='ocrx_word' id='word_1_68' title='bbox 1079 1009 1266 1076; x_wconf 74' lang='lat' dir='ltr'><strong>autemzpree-</strong></span> 
     </span>
     <span class='ocr_line' id='line_1_9' title="bbox 158 1089 1344 1172; baseline 0.003 -24"><span class='ocrx_word' id='word_1_69' title='bbox 158 1089 369 1155; x_wconf 74' lang='lat' dir='ltr'><strong>dicationesit</strong></span> <span class='ocrx_word' id='word_1_70' title='bbox 391 1095 564 1154; x_wconf 73' lang='lat' dir='ltr'><strong>ornandus?</strong></span> <span class='ocrx_word' id='word_1_71' title='bbox 585 1096 677 1172; x_wconf 85' lang='lat' dir='ltr'><strong>Atqui</strong></span> <span class='ocrx_word' id='word_1_72' title='bbox 692 1096 782 1172; x_wconf 87' lang='lat' dir='ltr'><strong>siquis</strong></span> <span class='ocrx_word' id='word_1_73' title='bbox 801 1115 840 1152; x_wconf 85' lang='lat' dir='ltr'><strong>ex</strong></span> <span class='ocrx_word' id='word_1_74' title='bbox 859 1095 953 1172; x_wconf 89' lang='lat' dir='ltr'><strong>poetis</strong></span> <span class='ocrx_word' id='word_1_75' title='bbox 967 1092 1096 1170; x_wconf 84' lang='lat' dir='ltr'><strong>tragicis,</strong></span> <span class='ocrx_word' id='word_1_76' title='bbox 1110 1093 1160 1171; x_wconf 93' lang='lat' dir='ltr'><strong>qui</strong></span> <span class='ocrx_word' id='word_1_77' title='bbox 1178 1091 1267 1169; x_wconf 78' lang='lat' dir='ltr'><strong>paulo</strong></span> <span class='ocrx_word' id='word_1_78' title='bbox 1339 1105 1344 1140; x_wconf 59' lang='grc' dir='ltr'><em>ἒ</em></span> 
     </span>
     <span class='ocr_line' id='line_1_10' title="bbox 166 1183 1269 1266; baseline 0 -23"><span class='ocrx_word' id='word_1_79' title='bbox 166 1194 234 1262; x_wconf 85' lang='lat' dir='ltr'><strong>post</strong></span> <span class='ocrx_word' id='word_1_80' title='bbox 246 1187 391 1244; x_wconf 69' lang='lat' dir='ltr'><em>histriones</em></span> <span class='ocrx_word' id='word_1_81' title='bbox 403 1189 433 1244; x_wconf 82' lang='lat' dir='ltr'><strong>in</strong></span> <span class='ocrx_word' id='word_1_82' title='bbox 446 1207 553 1245; x_wconf 77' lang='lat' dir='ltr'><em>scenam</em></span> <span class='ocrx_word' id='word_1_83' title='bbox 566 1188 738 1266; x_wconf 86' lang='lat' dir='ltr'><strong>producturi</strong></span> <span class='ocrx_word' id='word_1_84' title='bbox 754 1195 832 1256; x_wconf 76' lang='lat' dir='ltr'><strong>sumt,</strong></span> <span class='ocrx_word' id='word_1_85' title='bbox 847 1187 958 1244; x_wconf 86' lang='lat' dir='ltr'><strong>faceret</strong></span> <span class='ocrx_word' id='word_1_86' title='bbox 971 1183 1000 1242; x_wconf 90' lang='lat' dir='ltr'><strong>in</strong></span> <span class='ocrx_word' id='word_1_87' title='bbox 1016 1184 1160 1262; x_wconf 82' lang='lat' dir='ltr'><strong>tragoedia</strong></span> <span class='ocrx_word' id='word_1_88' title='bbox 1175 1183 1269 1244; x_wconf 89' lang='lat' dir='ltr'><strong>Ther·</strong></span> 
     </span>
     <span class='ocr_line' id='line_1_11' title="bbox 166 1275 1296 1354; baseline 0 -20"><span class='ocrx_word' id='word_1_89' title='bbox 166 1275 252 1334; x_wconf 85' lang='lat' dir='ltr'><strong>sitem</strong></span> <span class='ocrx_word' id='word_1_90' title='bbox 267 1297 285 1336; x_wconf 92' lang='lat' dir='ltr'><strong>a</strong></span> <span class='ocrx_word' id='word_1_91' title='bbox 299 1278 414 1337; x_wconf 76' lang='lat' dir='ltr'><strong>Graecis</strong></span> <span class='ocrx_word' id='word_1_92' title='bbox 428 1279 573 1349; x_wconf 86' lang='lat' dir='ltr'><strong>coronari,</strong></span> <span class='ocrx_word' id='word_1_93' title='bbox 591 1298 678 1337; x_wconf 89' lang='lat' dir='ltr'><strong>nemo</strong></span> <span class='ocrx_word' id='word_1_94' title='bbox 697 1287 826 1337; x_wconf 85' lang='lat' dir='ltr'><strong>restrum</strong></span> <span class='ocrx_word' id='word_1_95' title='bbox 842 1278 939 1348; x_wconf 85' lang='lat' dir='ltr'><strong>ferret,</strong></span> <span class='ocrx_word' id='word_1_96' title='bbox 955 1277 1095 1354; x_wconf 90' lang='lat' dir='ltr'><strong>quoniam</strong></span> <span class='ocrx_word' id='word_1_97' title='bbox 1109 1275 1187 1335; x_wconf 90' lang='lat' dir='ltr'><strong>dicit</strong></span> <span class='ocrx_word' id='word_1_98' title='bbox 1201 1296 1268 1334; x_wconf 84' lang='lat' dir='ltr'><strong>eum</strong></span> <span class='ocrx_word' id='word_1_99' title='bbox 1292 1318 1296 1326; x_wconf 83' lang='lat'>-</span> 
     </span>
     <span class='ocr_line' id='line_1_12' title="bbox 155 1365 1267 1449; baseline -0.003 -20"><span class='ocrx_word' id='word_1_100' title='bbox 155 1367 316 1429; x_wconf 77' lang='lat' dir='ltr'><strong>‚Homerus</strong></span> <span class='ocrx_word' id='word_1_101' title='bbox 334 1371 475 1446; x_wconf 85' lang='lat' dir='ltr'><strong>ignavum</strong></span> <span class='ocrx_word' id='word_1_102' title='bbox 489 1378 529 1429; x_wconf 75' lang='lat' dir='ltr'><strong>et.</strong></span> <span class='ocrx_word' id='word_1_103' title='bbox 541 1369 757 1447; x_wconf 69' lang='lat' dir='ltr'><strong>sycophantam</strong></span> <span class='ocrx_word' id='word_1_104' title='bbox 778 1369 887 1449; x_wconf 78' lang='lat' dir='ltr'><strong>fuisse:</strong></span> <span class='ocrx_word' id='word_1_105' title='bbox 909 1388 961 1427; x_wconf 88' lang='lat' dir='ltr'><strong>vos</strong></span> <span class='ocrx_word' id='word_1_106' title='bbox 976 1377 1075 1438; x_wconf 86' lang='lat' dir='ltr'><strong>autem</strong></span> <span class='ocrx_word' id='word_1_107' title='bbox 1088 1387 1160 1427; x_wconf 86' lang='lat' dir='ltr'><strong>cum</strong></span> <span class='ocrx_word' id='word_1_108' title='bbox 1171 1365 1267 1426; x_wconf 85' lang='lat' dir='ltr'><strong>istius·</strong></span> 
     </span>
     <span class='ocr_line' id='line_1_13' title="bbox 155 1460 1269 1539; baseline -0.002 -20"><span class='ocrx_word' id='word_1_109' title='bbox 155 1461 247 1520; x_wconf 73' lang='lat' dir='ltr'><strong>,modi</strong></span> <span class='ocrx_word' id='word_1_110' title='bbox 267 1460 376 1518; x_wconf 89' lang='lat' dir='ltr'><strong>homini</strong></span> <span class='ocrx_word' id='word_1_111' title='bbox 398 1479 536 1520; x_wconf 82' lang='lat' dir='ltr'><strong>ooronam</strong></span> <span class='ocrx_word' id='word_1_112' title='bbox 550 1461 714 1538; x_wconf 86' lang='lat' dir='ltr'><strong>imponetis,</strong></span> <span class='ocrx_word' id='word_1_113' title='bbox 729 1480 789 1520; x_wconf 91' lang='lat' dir='ltr'><strong>non</strong></span> <span class='ocrx_word' id='word_1_114' title='bbox 803 1461 913 1539; x_wconf 86' lang='lat' dir='ltr'><strong>putatis</strong></span> <span class='ocrx_word' id='word_1_115' title='bbox 936 1481 989 1520; x_wconf 90' lang='lat' dir='ltr'><strong>vos</strong></span> <span class='ocrx_word' id='word_1_116' title='bbox 1011 1461 1183 1520; x_wconf 85' lang='lat' dir='ltr'><strong>Graecorum</strong></span> <span class='ocrx_word' id='word_1_117' title='bbox 1200 1479 1269 1526; x_wconf 82' lang='lat' dir='ltr'><strong>om-</strong></span> 
     </span>
     <span class='ocr_line' id='line_1_14' title="bbox 137 1541 1268 1633; baseline 0.002 -23"><span class='ocrx_word' id='word_1_118' title='bbox 137 1553 247 1611; x_wconf 85' lang='lat' dir='ltr'><strong>·nium</strong></span> <span class='ocrx_word' id='word_1_119' title='bbox 256 1552 377 1631; x_wconf 83' lang='lat' dir='ltr'><strong>judiciis</strong></span> <span class='ocrx_word' id='word_1_120' title='bbox 401 1552 585 1625; x_wconf 82' lang='lat' dir='ltr'><strong>exsibilatnm</strong></span> <span class='ocrx_word' id='word_1_121' title='bbox 606 1552 660 1622; x_wconf 74' lang='lat' dir='ltr'><strong>iri?</strong></span> <span class='ocrx_word' id='word_1_122' title='bbox 681 1541 813 1633; x_wconf 77' lang='lat' dir='ltr'><strong>Majores</strong></span> <span class='ocrx_word' id='word_1_123' title='bbox 836 1553 912 1611; x_wconf 88' lang='lat' dir='ltr'><strong>enim</strong></span> <span class='ocrx_word' id='word_1_124' title='bbox 934 1555 1031 1624; x_wconf 89' lang='lat' dir='ltr'><strong>vestri,</strong></span> <span class='ocrx_word' id='word_1_125' title='bbox 1056 1552 1081 1611; x_wconf 88' lang='lat' dir='ltr'><strong>si</strong></span> <span class='ocrx_word' id='word_1_126' title='bbox 1096 1551 1166 1631; x_wconf 90' lang='lat' dir='ltr'><strong>quid</strong></span> <span class='ocrx_word' id='word_1_127' title='bbox 1181 1552 1268 1612; x_wconf 89' lang='lat' dir='ltr'><strong>rebus</strong></span> 
     </span>
     <span class='ocr_line' id='line_1_15' title="bbox 156 1634 1270 1726; baseline -0.001 -23"><span class='ocrx_word' id='word_1_128' title='bbox 156 1640 230 1718; x_wconf 71' lang='lat' dir='ltr'><strong>‘suis</strong></span> <span class='ocrx_word' id='word_1_129' title='bbox 244 1645 432 1724; x_wconf 79' lang='lat' dir='ltr'><strong>splendidum</strong></span> <span class='ocrx_word' id='word_1_130' title='bbox 447 1665 482 1716; x_wconf 85' lang='lat' dir='ltr'><strong>ac</strong></span> <span class='ocrx_word' id='word_1_131' title='bbox 502 1634 677 1726; x_wconf 68' lang='lat' dir='ltr'><strong>praeclarum</strong></span> <span class='ocrx_word' id='word_1_132' title='bbox 690 1646 812 1716; x_wconf 87' lang='lat' dir='ltr'><strong>inesset,</strong></span> <span class='ocrx_word' id='word_1_133' title='bbox 828 1644 858 1703; x_wconf 93' lang='lat' dir='ltr'><strong>id</strong></span> <span class='ocrx_word' id='word_1_134' title='bbox 874 1645 985 1724; x_wconf 91' lang='lat' dir='ltr'><strong>populo</strong></span> <span class='ocrx_word' id='word_1_135' title='bbox 998 1645 1222 1712; x_wconf 70' lang='lat' dir='ltr'><strong>adscribebants</strong></span> <span class='ocrx_word' id='word_1_136' title='bbox 1245 1644 1270 1703; x_wconf 90' lang='lat' dir='ltr'><strong>si</strong></span> 
     </span>
     <span class='ocr_line' id='line_1_16' title="bbox 166 1736 1270 1818; baseline -0.002 -22"><span class='ocrx_word' id='word_1_137' title='bbox 166 1736 238 1816; x_wconf 90' lang='lat' dir='ltr'><strong>quid</strong></span> <span class='ocrx_word' id='word_1_138' title='bbox 260 1739 408 1814; x_wconf 84' lang='lat' dir='ltr'><strong>abjectum</strong></span> <span class='ocrx_word' id='word_1_139' title='bbox 429 1748 518 1818; x_wconf 85' lang='lat' dir='ltr'><strong>atque</strong></span> <span class='ocrx_word' id='word_1_140' title='bbox 538 1738 702 1809; x_wconf 84' lang='lat' dir='ltr'><strong>infimum,</strong></span> <span class='ocrx_word' id='word_1_141' title='bbox 695 1758 724 1795; x_wconf 88' lang='lat' dir='ltr'><strong>m</strong></span> <span class='ocrx_word' id='word_1_142' title='bbox 744 1736 837 1796; x_wconf 90' lang='lat' dir='ltr'><strong>malos</strong></span> <span class='ocrx_word' id='word_1_143' title='bbox 860 1746 989 1797; x_wconf 87' lang='lat' dir='ltr'><strong>oratores</strong></span> <span class='ocrx_word' id='word_1_144' title='bbox 1010 1738 1216 1800; x_wconf 85' lang='lat' dir='ltr'><strong>conserebant:</strong></span> <span class='ocrx_word' id='word_1_145' title='bbox 1239 1745 1270 1796; x_wconf 89' lang='lat' dir='ltr'><strong>at</strong></span> 
     </span>
     <span class='ocr_line' id='line_1_17' title="bbox 114 1829 1268 1910; baseline 0.002 -22"><span class='ocrx_word' id='word_1_146' title='bbox 114 1842 119 1850; x_wconf 89' lang='lat'>&#39;</span> <span class='ocrx_word' id='word_1_147' title='bbox 168 1829 328 1908; x_wconf 82' lang='lat' dir='ltr'><strong>Ctesiphon</strong></span> <span class='ocrx_word' id='word_1_148' title='bbox 353 1832 521 1902; x_wconf 82' lang='lat' dir='ltr'><strong>arbitratur,</strong></span> <span class='ocrx_word' id='word_1_149' title='bbox 546 1850 635 1910; x_wconf 87' lang='lat' dir='ltr'><strong>quam</strong></span> <span class='ocrx_word' id='word_1_150' title='bbox 654 1830 853 1890; x_wconf 83' lang='lat' dir='ltr'><strong>Demostheni</strong></span> <span class='ocrx_word' id='word_1_151' title='bbox 868 1829 1076 1889; x_wconf 84' lang='lat' dir='ltr'><strong>detraxeritis&#39;</strong></span> <span class='ocrx_word' id='word_1_152' title='bbox 1060 1831 1268 1908; x_wconf 69' lang='lat' dir='ltr'><strong>ignominiam,</strong></span> 
     </span>
     <span class='ocr_line' id='line_1_18' title="bbox 166 1922 879 2004; baseline 0.004 -24"><span class='ocrx_word' id='word_1_153' title='bbox 166 1922 276 2001; x_wconf 90' lang='lat' dir='ltr'><strong>populo</strong></span> <span class='ocrx_word' id='word_1_154' title='bbox 289 1943 343 1983; x_wconf 85' lang='lat' dir='ltr'><strong>ros</strong></span> <span class='ocrx_word' id='word_1_155' title='bbox 357 1923 555 2004; x_wconf 87' lang='lat' dir='ltr'><strong>circumjicere</strong></span> <span class='ocrx_word' id='word_1_156' title='bbox 569 1932 714 2004; x_wconf 82' lang='lat' dir='ltr'><strong>oportere.</strong></span> <span class='ocrx_word' id='word_1_157' title='bbox 789 1967 791 1972; x_wconf 68' lang='lat'><strong>,</strong></span> <span class='ocrx_word' id='word_1_158' title='bbox 828 1965 830 1968; x_wconf 92' lang='lat'>-</span> <span class='ocrx_word' id='word_1_159' title='bbox 877 1967 879 1970; x_wconf 89' lang='lat'>-</span> 
     </span>
    </p>

    <p class='ocr_par' dir='ltr' id='par_1_3' title="bbox 178 1991 1270 2098">
     <span class='ocr_line' id='line_1_19' title="bbox 178 1991 1270 2098; baseline 0.004 -26.109"><span class='ocrx_word' id='word_1_160' title='bbox 178 2017 257 2074; x_wconf 87' lang='lat'><strong>85.</strong></span> <span class='ocrx_word' id='word_1_161' title='bbox 269 2015 435 2085; x_wconf 80' lang='lat' dir='ltr'><strong>Enimaero</strong></span> <span class='ocrx_word' id='word_1_162' title='bbox 451 2016 547 2084; x_wconf 82' lang='lat' dir='ltr'><strong>dicitis</strong></span> <span class='ocrx_word' id='word_1_163' title='bbox 560 2037 612 2077; x_wconf 85' lang='lat' dir='ltr'><strong>ros</strong></span> <span class='ocrx_word' id='word_1_164' title='bbox 626 2017 792 2079; x_wconf 82' lang='lat' dir='ltr'><strong>fortunatos</strong></span> <span class='ocrx_word' id='word_1_165' title='bbox 807 2037 882 2090; x_wconf 88' lang='lat' dir='ltr'><strong>esse,</strong></span> <span class='ocrx_word' id='word_1_166' title='bbox 895 2014 1151 2098; x_wconf 87' lang='lat' dir='ltr'><strong>quemadmodum</strong></span> <span class='ocrx_word' id='word_1_167' title='bbox 1158 1991 1229 2076; x_wconf 84' lang='lat' dir='ltr'><strong>estis</strong></span> <span class='ocrx_word' id='word_1_168' title='bbox 1240 2025 1270 2076; x_wconf 89' lang='lat' dir='ltr'><strong>et</strong></span> 
     </span>
    </p>
   </div>
   <div class='ocr_carea' id='block_1_3' title="bbox 58 2107 1270 2186">
    <p class='ocr_par' dir='ltr' id='par_1_4' title="bbox 58 2107 1270 2186">
     <span class='ocr_line' id='line_1_20' title="bbox 58 2107 1270 2186; baseline 0.002 -19"><span class='ocrx_word' id='word_1_169' title='bbox 58 2109 65 2113; x_wconf 72' lang='grc'><strong><em>’</em></strong></span> <span class='ocrx_word' id='word_1_170' title='bbox 91 2168 96 2174; x_wconf 78' lang='grc'><strong><em>,</em></strong></span> <span class='ocrx_word' id='word_1_171' title='bbox 160 2107 279 2182; x_wconf 24' lang='lat' dir='ltr'><strong>,merito</strong></span> <span class='ocrx_word' id='word_1_172' title='bbox 283 2108 413 2186; x_wconf 83' lang='lat' dir='ltr'><strong>quidem,</strong></span> <span class='ocrx_word' id='word_1_173' title='bbox 422 2109 542 2170; x_wconf 89' lang='lat' dir='ltr'><strong>decreto</strong></span> <span class='ocrx_word' id='word_1_174' title='bbox 551 2119 650 2170; x_wconf 84' lang='lat' dir='ltr'><strong>autem</strong></span> <span class='ocrx_word' id='word_1_175' title='bbox 665 2111 874 2170; x_wconf 87' lang='lat' dir='ltr'><strong>confirmabitis</strong></span> <span class='ocrx_word' id='word_1_176' title='bbox 885 2131 937 2172; x_wconf 89' lang='lat' dir='ltr'><strong>vos</strong></span> <span class='ocrx_word' id='word_1_177' title='bbox 949 2131 967 2170; x_wconf 89' lang='lat' dir='ltr'><strong>a</strong></span> <span class='ocrx_word' id='word_1_178' title='bbox 977 2112 1095 2170; x_wconf 85' lang='lat' dir='ltr'><strong>fortuna</strong></span> <span class='ocrx_word' id='word_1_179' title='bbox 1104 2109 1270 2182; x_wconf 65' lang='lat' dir='ltr'><strong>derelictos</strong></span> 
     </span>
    </p>
   </div>
   <div class='ocr_carea' id='block_1_4' title="bbox 157 2201 1271 2559">
    <p class='ocr_par' dir='ltr' id='par_1_5' title="bbox 157 2201 1271 2559">
     <span class='ocr_line' id='line_1_21' title="bbox 157 2201 1269 2283; baseline 0.002 -25"><span class='ocrx_word' id='word_1_180' title='bbox 157 2219 185 2271; x_wconf 71' lang='lat' dir='ltr'><strong>,a</strong></span> <span class='ocrx_word' id='word_1_181' title='bbox 203 2201 422 2260; x_wconf 77' lang='lat' dir='ltr'><strong>Demosthene</strong></span> <span class='ocrx_word' id='word_1_182' title='bbox 428 2203 578 2261; x_wconf 86' lang='lat' dir='ltr'><strong>benefieiis</strong></span> <span class='ocrx_word' id='word_1_183' title='bbox 592 2223 658 2262; x_wconf 89' lang='lat' dir='ltr'><strong>esse</strong></span> <span class='ocrx_word' id='word_1_184' title='bbox 673 2203 805 2275; x_wconf 83' lang='lat' dir='ltr'><strong>affectos,</strong></span> <span class='ocrx_word' id='word_1_185' title='bbox 820 2215 851 2262; x_wconf 91' lang='lat' dir='ltr'><strong>et</strong></span> <span class='ocrx_word' id='word_1_186' title='bbox 869 2204 949 2283; x_wconf 92' lang='lat' dir='ltr'><strong>quod</strong></span> <span class='ocrx_word' id='word_1_187' title='bbox 963 2212 1009 2262; x_wconf 88' lang='lat' dir='ltr'><strong>est</strong></span> <span class='ocrx_word' id='word_1_188' title='bbox 1023 2201 1151 2262; x_wconf 89' lang='lat' dir='ltr'><strong>omnium</strong></span> <span class='ocrx_word' id='word_1_189' title='bbox 1167 2204 1269 2268; x_wconf 84' lang='lat' dir='ltr'><strong>absur</strong></span> 
     </span>
     <span class='ocr_line' id='line_1_22' title="bbox 159 2292 1271 2374; baseline 0 -22"><span class='ocrx_word' id='word_1_190' title='bbox 159 2292 352 2362; x_wconf 45' lang='lat' dir='ltr'><strong>dissimum(</strong></span> <span class='ocrx_word' id='word_1_191' title='bbox 344 2315 374 2352; x_wconf 90' lang='lat' dir='ltr'><strong>m</strong></span> <span class='ocrx_word' id='word_1_192' title='bbox 394 2295 499 2353; x_wconf 91' lang='lat' dir='ltr'><strong>iisdem</strong></span> <span class='ocrx_word' id='word_1_193' title='bbox 508 2295 640 2374; x_wconf 87' lang='lat' dir='ltr'><strong>judiciis</strong></span> <span class='ocrx_word' id='word_1_194' title='bbox 650 2316 701 2356; x_wconf 86' lang='lat' dir='ltr'><strong>eos</strong></span> <span class='ocrx_word' id='word_1_195' title='bbox 723 2297 774 2374; x_wconf 92' lang='lat' dir='ltr'><strong>qui</strong></span> <span class='ocrx_word' id='word_1_196' title='bbox 798 2296 1027 2374; x_wconf 88' lang='lat' dir='ltr'><strong>repetundarum</strong></span> <span class='ocrx_word' id='word_1_197' title='bbox 1049 2303 1118 2354; x_wconf 90' lang='lat' dir='ltr'><strong>sunt</strong></span> <span class='ocrx_word' id='word_1_198' title='bbox 1141 2294 1271 2354; x_wconf 86' lang='lat' dir='ltr'><strong>damnati</strong></span> 
     </span>
     <span class='ocr_line' id='line_1_23' title="bbox 166 2384 1269 2468; baseline 0.002 -25"><span class='ocrx_word' id='word_1_199' title='bbox 166 2386 286 2446; x_wconf 83' lang='lat' dir='ltr'><strong>infamia</strong></span> <span class='ocrx_word' id='word_1_200' title='bbox 299 2387 424 2460; x_wconf 85' lang='lat' dir='ltr'><strong>notatis,</strong></span> <span class='ocrx_word' id='word_1_201' title='bbox 433 2386 503 2445; x_wconf 90' lang='lat' dir='ltr'><strong>huic</strong></span> <span class='ocrx_word' id='word_1_202' title='bbox 525 2407 612 2465; x_wconf 88' lang='lat' dir='ltr'><strong>quem</strong></span> <span class='ocrx_word' id='word_1_203' title='bbox 628 2388 684 2468; x_wconf 89' lang='lat' dir='ltr'><strong>ipsi</strong></span> <span class='ocrx_word' id='word_1_204' title='bbox 698 2389 779 2448; x_wconf 89' lang='lat' dir='ltr'><strong>scitis</strong></span> <span class='ocrx_word' id='word_1_205' title='bbox 794 2388 929 2448; x_wconf 86' lang='lat' dir='ltr'><strong>mercede</strong></span> <span class='ocrx_word' id='word_1_206' title='bbox 942 2406 1034 2464; x_wconf 90' lang='lat' dir='ltr'><strong>remp.</strong></span> <span class='ocrx_word' id='word_1_207' title='bbox 1050 2384 1269 2446; x_wconf 79' lang='lat' dir='ltr'><strong>administrasse</strong></span> 
     </span>
     <span class='ocr_line' id='line_1_24' title="bbox 167 2478 1269 2559; baseline -0.001 -20"><span class='ocrx_word' id='word_1_208' title='bbox 167 2500 305 2543; x_wconf 90' lang='lat' dir='ltr'><strong>coronam</strong></span> <span class='ocrx_word' id='word_1_209' title='bbox 323 2480 500 2559; x_wconf 87' lang='lat' dir='ltr'><strong>imponetis:</strong></span> <span class='ocrx_word' id='word_1_210' title='bbox 522 2481 661 2539; x_wconf 88' lang='lat' dir='ltr'><strong>ludorum</strong></span> <span class='ocrx_word' id='word_1_211' title='bbox 674 2481 763 2541; x_wconf 87' lang='lat' dir='ltr'><strong>etiam</strong></span> <span class='ocrx_word' id='word_1_212' title='bbox 773 2480 1023 2559; x_wconf 79' lang='lat' dir='ltr'><strong>&#39;Dionysiacorum</strong></span> <span class='ocrx_word' id='word_1_213' title='bbox 1033 2478 1199 2557; x_wconf 89' lang='lat' dir='ltr'><strong>judices,</strong></span> <span class='ocrx_word' id='word_1_214' title='bbox 1177 2500 1201 2538; x_wconf 88' lang='lat' dir='ltr'><strong>sr</strong></span> <span class='ocrx_word' id='word_1_215' title='bbox 1215 2480 1269 2551; x_wconf 80' lang='lat' dir='ltr'><strong>ini-</strong></span> 
     </span>
    </p>
   </div>
   <div class='ocr_carea' id='block_1_5' title="bbox 166 2571 1428 2652">
    <p class='ocr_par' dir='ltr' id='par_1_6' title="bbox 166 2571 1428 2652">
     <span class='ocr_line' id='line_1_25' title="bbox 166 2571 1428 2652; baseline 0.006 -22"><span class='ocrx_word' id='word_1_216' title='bbox 166 2592 255 2649; x_wconf 87' lang='lat' dir='ltr'><strong>quam</strong></span> <span class='ocrx_word' id='word_1_217' title='bbox 270 2573 309 2632; x_wconf 90' lang='lat' dir='ltr'><strong>de</strong></span> <span class='ocrx_word' id='word_1_218' title='bbox 321 2572 554 2652; x_wconf 85' lang='lat' dir='ltr'><strong>choris-cyclicis</strong></span> <span class='ocrx_word' id='word_1_219' title='bbox 567 2574 744 2633; x_wconf 86' lang='lat' dir='ltr'><strong>sententiam</strong></span> <span class='ocrx_word' id='word_1_220' title='bbox 756 2572 885 2646; x_wconf 89' lang='lat' dir='ltr'><strong>tulerint,</strong></span> <span class='ocrx_word' id='word_1_221' title='bbox 897 2572 1055 2643; x_wconf 85' lang='lat' dir='ltr'><strong>mulctatis,</strong></span> <span class='ocrx_word' id='word_1_222' title='bbox 1070 2571 1159 2630; x_wconf 90' lang='lat' dir='ltr'><strong>iidem</strong></span> <span class='ocrx_word' id='word_1_223' title='bbox 1173 2582 1270 2637; x_wconf 86' lang='lat' dir='ltr'><strong>autem</strong></span> <span class='ocrx_word' id='word_1_224' title='bbox 1373 2643 1376 2648; x_wconf 25' lang='lat'><strong>¹</strong></span> <span class='ocrx_word' id='word_1_225' title='bbox 1421 2632 1428 2641; x_wconf 86' lang='lat'><strong><em>.</em></strong></span> 
     </span>
    </p>
   </div>
   <div class='ocr_carea' id='block_1_6' title="bbox 124 2662 1333 4503">
    <p class='ocr_par' dir='ltr' id='par_1_7' title="bbox 124 2662 1333 4503">
     <span class='ocr_line' id='line_1_26' title="bbox 166 2662 1271 2745; baseline 0.003 -21"><span class='ocrx_word' id='word_1_226' title='bbox 166 2684 231 2740; x_wconf 87' lang='lat' dir='ltr'><strong>vos,</strong></span> <span class='ocrx_word' id='word_1_227' title='bbox 244 2686 302 2725; x_wconf 90' lang='lat' dir='ltr'><strong>uon</strong></span> <span class='ocrx_word' id='word_1_228' title='bbox 326 2666 486 2741; x_wconf 87' lang='lat' dir='ltr'><strong>chororum</strong></span> <span class='ocrx_word' id='word_1_229' title='bbox 500 2666 679 2745; x_wconf 83' lang='lat' dir='ltr'><strong>cyclicorum</strong></span> <span class='ocrx_word' id='word_1_230' title='bbox 690 2666 808 2745; x_wconf 87' lang='lat' dir='ltr'><strong>judices</strong></span> <span class='ocrx_word' id='word_1_231' title='bbox 824 2664 975 2741; x_wconf 86' lang='lat' dir='ltr'><strong>constituti</strong></span> <span class='ocrx_word' id='word_1_232' title='bbox 993 2665 1045 2725; x_wconf 88' lang='lat' dir='ltr'><strong>sed</strong></span> <span class='ocrx_word' id='word_1_233' title='bbox 1067 2662 1168 2743; x_wconf 77' lang='lat' dir='ltr'><strong>leg-uin</strong></span> <span class='ocrx_word' id='word_1_234' title='bbox 1182 2667 1271 2740; x_wconf 84' lang='lat' dir='ltr'><strong>virtu·-</strong></span> 
     </span>
     <span class='ocr_line' id='line_1_27' title="bbox 165 2755 1270 2838; baseline 0.005 -25"><span class='ocrx_word' id='word_1_235' title='bbox 165 2755 261 2833; x_wconf 87' lang='lat' dir='ltr'><strong>tisque</strong></span> <span class='ocrx_word' id='word_1_236' title='bbox 276 2756 379 2826; x_wconf 88' lang='lat' dir='ltr'><strong>civilis,</strong></span> <span class='ocrx_word' id='word_1_237' title='bbox 395 2757 514 2836; x_wconf 83' lang='lat' dir='ltr'><strong>praenria</strong></span> <span class='ocrx_word' id='word_1_238' title='bbox 529 2777 588 2816; x_wconf 90' lang='lat' dir='ltr'><strong>non</strong></span> <span class='ocrx_word' id='word_1_239' title='bbox 603 2760 767 2818; x_wconf 89' lang='lat' dir='ltr'><strong>secundum</strong></span> <span class='ocrx_word' id='word_1_240' title='bbox 788 2760 870 2837; x_wconf 89' lang='lat' dir='ltr'><strong>leges</strong></span> <span class='ocrx_word' id='word_1_241' title='bbox 887 2778 983 2838; x_wconf 92' lang='lat' dir='ltr'><strong>neque</strong></span> <span class='ocrx_word' id='word_1_242' title='bbox 998 2759 1100 2837; x_wconf 89' lang='lat' dir='ltr'><strong>paucis</strong></span> <span class='ocrx_word' id='word_1_243' title='bbox 1115 2778 1149 2817; x_wconf 91' lang='lat' dir='ltr'><strong>ao</strong></span> <span class='ocrx_word' id='word_1_244' title='bbox 1163 2760 1270 2838; x_wconf 80' lang='lat' dir='ltr'><strong>dignis,</strong></span> 
     </span>
     <span class='ocr_line' id='line_1_28' title="bbox 167 2847 1271 2929; baseline 0.005 -24"><span class='ocrx_word' id='word_1_245' title='bbox 167 2847 323 2928; x_wconf 80' lang='lat' dir='ltr'><strong>sedaiqui</strong></span> <span class='ocrx_word' id='word_1_246' title='bbox 336 2849 574 2909; x_wconf 80' lang='lat' dir='ltr'><strong>haec-ambiendo</strong></span> <span class='ocrx_word' id='word_1_247' title='bbox 588 2861 743 2915; x_wconf 86' lang='lat' dir='ltr'><strong>assecutus</strong></span> <span class='ocrx_word' id='word_1_248' title='bbox 760 2852 808 2928; x_wconf 88' lang='lat' dir='ltr'><strong>sit,</strong></span> <span class='ocrx_word' id='word_1_249' title='bbox 822 2849 996 2928; x_wconf 87' lang='lat' dir='ltr'><strong>largiemini.</strong></span> <span class='ocrx_word' id='word_1_250' title='bbox 1014 2848 1097 2926; x_wconf 85' lang='lat' dir='ltr'><strong>Ergo</strong></span> <span class='ocrx_word' id='word_1_251' title='bbox 1111 2869 1146 2907; x_wconf 83' lang='lat' dir='ltr'><strong>ex</strong></span> <span class='ocrx_word' id='word_1_252' title='bbox 1157 2850 1271 2929; x_wconf 86' lang='lat' dir='ltr'><strong>judicio</strong></span> 
     </span>
     <span class='ocr_line' id='line_1_29' title="bbox 167 2940 1270 3021; baseline 0.002 -22"><span class='ocrx_word' id='word_1_253' title='bbox 167 2940 292 2999; x_wconf 84' lang='lat' dir='ltr'><strong>discedit</strong></span> <span class='ocrx_word' id='word_1_254' title='bbox 305 2942 372 2999; x_wconf 84' lang='lat' dir='ltr'><strong>talis</strong></span> <span class='ocrx_word' id='word_1_255' title='bbox 388 2943 492 3016; x_wconf 87' lang='lat' dir='ltr'><strong>judex,</strong></span> <span class='ocrx_word' id='word_1_256' title='bbox 518 2943 578 3001; x_wconf 89' lang='lat' dir='ltr'><strong>suis</strong></span> <span class='ocrx_word' id='word_1_257' title='bbox 596 2943 714 3020; x_wconf 87' lang='lat' dir='ltr'><strong>quidem</strong></span> <span class='ocrx_word' id='word_1_258' title='bbox 729 2942 834 3021; x_wconf 84' lang='lat' dir='ltr'><strong>opibus</strong></span> <span class='ocrx_word' id='word_1_259' title='bbox 857 2940 1019 3011; x_wconf 89' lang='lat' dir='ltr'><strong>diminutis,</strong></span> <span class='ocrx_word' id='word_1_260' title='bbox 1034 2942 1157 3000; x_wconf 90' lang='lat' dir='ltr'><strong>oratoris</strong></span> <span class='ocrx_word' id='word_1_261' title='bbox 1172 2951 1270 3015; x_wconf 82' lang='lat' dir='ltr'><strong>autern</strong></span> 
     </span>
     <span class='ocr_line' id='line_1_30' title="bbox 167 3032 1273 3114; baseline 0.003 -23"><span class='ocrx_word' id='word_1_262' title='bbox 167 3032 260 3096; x_wconf 82' lang='lat' dir='ltr'><strong>auctis</strong></span> <span class='ocrx_word' id='word_1_263' title='bbox 275 3040 307 3089; x_wconf 90' lang='lat' dir='ltr'><strong>et</strong></span> <span class='ocrx_word' id='word_1_264' title='bbox 328 3033 518 3092; x_wconf 87' lang='lat' dir='ltr'><strong>confirmatis.</strong></span> <span class='ocrx_word' id='word_1_265' title='bbox 563 3033 617 3092; x_wconf 91' lang='lat' dir='ltr'><strong>Vir</strong></span> <span class='ocrx_word' id='word_1_266' title='bbox 631 3034 710 3094; x_wconf 90' lang='lat' dir='ltr'><strong>enim</strong></span> <span class='ocrx_word' id='word_1_267' title='bbox 730 3034 861 3114; x_wconf 85' lang='lat' dir='ltr'><strong>privatus</strong></span> <span class='ocrx_word' id='word_1_268' title='bbox 875 3035 906 3092; x_wconf 92' lang='lat' dir='ltr'><strong>in</strong></span> <span class='ocrx_word' id='word_1_269' title='bbox 922 3032 1041 3093; x_wconf 86' lang='lat' dir='ltr'><strong>civitate</strong></span> <span class='ocrx_word' id='word_1_270' title='bbox 1050 3032 1228 3113; x_wconf 64' lang='lat' dir='ltr'><strong>-iiberadege</strong></span> <span class='ocrx_word' id='word_1_271' title='bbox 1238 3045 1273 3094; x_wconf 46' lang='lat' dir='ltr'><strong>*et</strong></span> 
     </span>
     <span class='ocr_line' id='line_1_31' title="bbox 169 3124 1272 3204; baseline 0.002 -21"><span class='ocrx_word' id='word_1_272' title='bbox 169 3124 284 3199; x_wconf 82' lang='lat' dir='ltr'><strong>calculo</strong></span> <span class='ocrx_word' id='word_1_273' title='bbox 298 3141 352 3182; x_wconf 88' lang='lat' dir='ltr'><strong>suo</strong></span> <span class='ocrx_word' id='word_1_274' title='bbox 373 3143 426 3183; x_wconf 83' lang='lat' dir='ltr'><strong>rex</strong></span> <span class='ocrx_word' id='word_1_275' title='bbox 448 3134 513 3182; x_wconf 85' lang='lat' dir='ltr'><strong>est:</strong></span> <span class='ocrx_word' id='word_1_276' title='bbox 542 3144 610 3181; x_wconf 88' lang='lat' dir='ltr'><strong>cnm</strong></span> <span class='ocrx_word' id='word_1_277' title='bbox 624 3145 693 3185; x_wconf 86' lang='lat' dir='ltr'><strong>vero</strong></span> <span class='ocrx_word' id='word_1_278' title='bbox 706 3126 772 3186; x_wconf 85' lang='lat' dir='ltr'><strong>haec</strong></span> <span class='ocrx_word' id='word_1_279' title='bbox 793 3126 876 3185; x_wconf 87' lang='lat' dir='ltr'><strong>alteri</strong></span> <span class='ocrx_word' id='word_1_280' title='bbox 890 3124 1080 3198; x_wconf 87' lang='lat' dir='ltr'><strong>concesserit,</strong></span> <span class='ocrx_word' id='word_1_281' title='bbox 1098 3145 1183 3185; x_wconf 91' lang='lat' dir='ltr'><strong>suum</strong></span> <span class='ocrx_word' id='word_1_282' title='bbox 1207 3126 1272 3204; x_wconf 83' lang='lat' dir='ltr'><strong>ipse</strong></span> 
     </span>
     <span class='ocr_line' id='line_1_32' title="bbox 168 3215 1286 3321; baseline 0.004 -46"><span class='ocrx_word' id='word_1_283' title='bbox 168 3216 366 3296; x_wconf 85' lang='lat' dir='ltr'><strong>principatum</strong></span> <span class='ocrx_word' id='word_1_284' title='bbox 390 3216 554 3294; x_wconf 82' lang='lat' dir='ltr'><strong>dissipavit.</strong></span> <span class='ocrx_word' id='word_1_285' title='bbox 584 3215 702 3275; x_wconf 86' lang='lat' dir='ltr'><strong>Deinde</strong></span> <span class='ocrx_word' id='word_1_286' title='bbox 723 3220 914 3321; x_wconf 80' lang='lat' dir='ltr'><strong>jurisJurandi</strong></span> <span class='ocrx_word' id='word_1_287' title='bbox 939 3218 1058 3297; x_wconf 89' lang='lat' dir='ltr'><strong>quidem</strong></span> <span class='ocrx_word' id='word_1_288' title='bbox 1079 3218 1191 3297; x_wconf 87' lang='lat' dir='ltr'><strong>religio,</strong></span> <span class='ocrx_word' id='word_1_289' title='bbox 1213 3238 1286 3299; x_wconf 17' lang='lat' dir='ltr'><strong>qua·</strong></span> 
     </span>
     <span class='ocr_line' id='line_1_33' title="bbox 170 3307 1272 3401; baseline 0.003 -33"><span class='ocrx_word' id='word_1_290' title='bbox 170 3311 328 3388; x_wconf 88' lang='lat' dir='ltr'><strong>obstrictus</strong></span> <span class='ocrx_word' id='word_1_291' title='bbox 343 3309 469 3387; x_wconf 81' lang='lat' dir='ltr'><strong>judicat,</strong></span> <span class='ocrx_word' id='word_1_292' title='bbox 483 3307 625 3367; x_wconf 90' lang='lat' dir='ltr'><strong>assidue&#39;</strong></span> <span class='ocrx_word' id='word_1_293' title='bbox 617 3328 723 3401; x_wconf 84' lang='lat' dir='ltr'><strong>rpsum</strong></span> <span class='ocrx_word' id='word_1_294' title='bbox 729 3308 876 3368; x_wconf 88' lang='lat' dir='ltr'><strong>comitans</strong></span> <span class='ocrx_word' id='word_1_295' title='bbox 891 3311 1028 3379; x_wconf 80' lang='lat' dir='ltr'><strong>afflictat;</strong></span> <span class='ocrx_word' id='word_1_296' title='bbox 1053 3331 1090 3369; x_wconf 89' lang='lat' dir='ltr'><strong>ex</strong></span> <span class='ocrx_word' id='word_1_297' title='bbox 1103 3311 1188 3370; x_wconf 88' lang='lat' dir='ltr'><strong>illius</strong></span> <span class='ocrx_word' id='word_1_298' title='bbox 1195 3312 1272 3388; x_wconf 88' lang='lat' dir='ltr'><strong>scili·</strong></span> 
     </span>
     <span class='ocr_line' id='line_1_34' title="bbox 124 3384 1333 3480; baseline 0.002 -19"><span class='ocrx_word' id='word_1_299' title='bbox 124 3418 128 3422; x_wconf 88' lang='grc'><strong>’</strong></span> <span class='ocrx_word' id='word_1_300' title='bbox 169 3382 388 3463; x_wconf 82' lang='lat' dir='ltr'><strong>cetviolatione</strong></span> <span class='ocrx_word' id='word_1_301' title='bbox 403 3402 514 3465; x_wconf 88' lang='lat' dir='ltr'><strong>crimen</strong></span> <span class='ocrx_word' id='word_1_302' title='bbox 528 3410 636 3461; x_wconf 89' lang='lat' dir='ltr'><strong>natum</strong></span> <span class='ocrx_word' id='word_1_303' title='bbox 644 3412 708 3461; x_wconf 85' lang='lat' dir='ltr'><strong>est:</strong></span> <span class='ocrx_word' id='word_1_304' title='bbox 730 3400 826 3480; x_wconf 81' lang='lat' dir='ltr'><strong>gratia</strong></span> <span class='ocrx_word' id='word_1_305' title='bbox 839 3421 908 3462; x_wconf 88' lang='lat' dir='ltr'><strong>vero</strong></span> <span class='ocrx_word' id='word_1_306' title='bbox 923 3403 959 3475; x_wconf 88' lang='lat' dir='ltr'><strong>ei,</strong></span> <span class='ocrx_word' id='word_1_307' title='bbox 975 3422 1022 3463; x_wconf 88' lang='lat' dir='ltr'><strong>cur</strong></span> <span class='ocrx_word' id='word_1_308' title='bbox 1015 3384 1273 3465; x_wconf 82' lang='lat' dir='ltr'><strong>&#39;beneficiumfa-</strong></span> <span class='ocrx_word' id='word_1_309' title='bbox 1328 3421 1333 3423; x_wconf 87' lang='grc'><strong><em>·</em></strong></span> 
     </span>
     <span class='ocr_line' id='line_1_35' title="bbox 168 3495 1298 3573; baseline 0.001 -18"><span class='ocrx_word' id='word_1_310' title='bbox 168 3516 233 3555; x_wconf 86' lang='lat' dir='ltr'><strong>cere</strong></span> <span class='ocrx_word' id='word_1_311' title='bbox 247 3496 398 3571; x_wconf 83' lang='lat' dir='ltr'><strong>studebat,</strong></span> <span class='ocrx_word' id='word_1_312' title='bbox 411 3515 470 3555; x_wconf 92' lang='lat' dir='ltr'><strong>non</strong></span> <span class='ocrx_word' id='word_1_313' title='bbox 486 3496 662 3563; x_wconf 88' lang='lat' dir='ltr'><strong>innotescit;</strong></span> <span class='ocrx_word' id='word_1_314' title='bbox 685 3514 754 3554; x_wconf 90' lang='lat' dir='ltr'><strong>nam</strong></span> <span class='ocrx_word' id='word_1_315' title='bbox 766 3495 900 3559; x_wconf 88' lang='lat' dir='ltr'><strong>calculus</strong></span> <span class='ocrx_word' id='word_1_316' title='bbox 916 3506 1030 3563; x_wconf 88' lang='lat' dir='ltr'><strong>secreto</strong></span> <span class='ocrx_word' id='word_1_317' title='bbox 1048 3497 1190 3573; x_wconf 85' lang='lat' dir='ltr'><strong>redditur.</strong></span> <span class='ocrx_word' id='word_1_318' title='bbox 1249 3540 1257 3567; x_wconf 47' lang='lat' dir='ltr'><em>s</em></span> <span class='ocrx_word' id='word_1_319' title='bbox 1294 3566 1298 3569; x_wconf 43' lang='grc'><strong>,</strong></span> 
     </span>
     <span class='ocr_line' id='line_1_36' title="bbox 209 3588 1271 3662; baseline 0.005 -17"><span class='ocrx_word' id='word_1_320' title='bbox 209 3589 258 3656; x_wconf 86' lang='grc'><strong>86.</strong></span> <span class='ocrx_word' id='word_1_321' title='bbox 279 3588 421 3648; x_wconf 77' lang='lat' dir='ltr'><strong>Videmus</strong></span> <span class='ocrx_word' id='word_1_322' title='bbox 434 3600 543 3661; x_wconf 87' lang='lat' dir='ltr'><strong>autem,</strong></span> <span class='ocrx_word' id='word_1_323' title='bbox 562 3588 768 3662; x_wconf 82' lang='lat' dir='ltr'><strong>Athenienses,</strong></span> <span class='ocrx_word' id='word_1_324' title='bbox 788 3588 875 3648; x_wconf 87' lang='lat' dir='ltr'><strong>simul</strong></span> <span class='ocrx_word' id='word_1_325' title='bbox 890 3590 1081 3649; x_wconf 59' lang='lat' dir='ltr'><strong>et&#39;sortunati</strong></span> <span class='ocrx_word' id='word_1_326' title='bbox 1095 3608 1162 3649; x_wconf 87' lang='lat' dir='ltr'><strong>esse</strong></span> <span class='ocrx_word' id='word_1_327' title='bbox 1181 3599 1211 3649; x_wconf 88' lang='lat' dir='ltr'><strong>et</strong></span> <span class='ocrx_word' id='word_1_328' title='bbox 1234 3592 1271 3650; x_wconf 88' lang='lat' dir='ltr'><strong>de</strong></span> 
     </span>
     <span class='ocr_line' id='line_1_37' title="bbox 168 3674 1272 3761; baseline 0.003 -22"><span class='ocrx_word' id='word_1_329' title='bbox 168 3679 317 3759; x_wconf 87' lang='lat' dir='ltr'><strong>republica</strong></span> <span class='ocrx_word' id='word_1_330' title='bbox 329 3680 486 3759; x_wconf 87' lang='lat' dir='ltr'><strong>periclitari</strong></span> <span class='ocrx_word' id='word_1_331' title='bbox 500 3674 566 3759; x_wconf 78' lang='lat' dir='ltr'><strong>pari</strong></span> <span class='ocrx_word' id='word_1_332' title='bbox 580 3681 786 3761; x_wconf 87' lang='lat' dir='ltr'><strong>imprudentia.</strong></span> <span class='ocrx_word' id='word_1_333' title='bbox 815 3680 900 3742; x_wconf 86' lang='lat' dir='ltr'><strong>Nam</strong></span> <span class='ocrx_word' id='word_1_334' title='bbox 923 3681 1070 3761; x_wconf 89' lang='lat' dir='ltr'><strong>quodhis</strong></span> <span class='ocrx_word' id='word_1_335' title='bbox 1094 3683 1272 3761; x_wconf 90' lang='lat' dir='ltr'><strong>temporibus</strong></span> 
     </span>
     <span class='ocr_line' id='line_1_38' title="bbox 158 3772 1272 3856; baseline 0.003 -26"><span class='ocrx_word' id='word_1_336' title='bbox 158 3773 268 3842; x_wconf 85' lang='lat' dir='ltr'><strong>¹liberae</strong></span> <span class='ocrx_word' id='word_1_337' title='bbox 282 3772 407 3831; x_wconf 83' lang='lat' dir='ltr'><strong>civitatis</strong></span> <span class='ocrx_word' id='word_1_338' title='bbox 418 3773 699 3856; x_wconf 83' lang='lat' dir='ltr'><strong>firmamentamulti</strong></span> <span class='ocrx_word' id='word_1_339' title='bbox 711 3773 978 3852; x_wconf 85' lang='lat' dir='ltr'><strong>paucisprojieitis,</strong></span> <span class='ocrx_word' id='word_1_340' title='bbox 991 3793 1052 3833; x_wconf 91' lang='lat' dir='ltr'><strong>non</strong></span> <span class='ocrx_word' id='word_1_341' title='bbox 1061 3774 1169 3834; x_wconf 87' lang='lat' dir='ltr'><strong>laudo:</strong></span> <span class='ocrx_word' id='word_1_342' title='bbox 1191 3776 1272 3854; x_wconf 89' lang='lat' dir='ltr'><strong>quod</strong></span> 
     </span>
     <span class='ocr_line' id='line_1_39' title="bbox 169 3864 1272 3945; baseline -0.001 -20"><span class='ocrx_word' id='word_1_343' title='bbox 169 3876 269 3925; x_wconf 85' lang='lat' dir='ltr'><strong>autem</strong></span> <span class='ocrx_word' id='word_1_344' title='bbox 281 3865 425 3925; x_wconf 84' lang='lat' dir='ltr'><strong>indenon</strong></span> <span class='ocrx_word' id='word_1_345' title='bbox 438 3864 582 3923; x_wconf 88' lang='lat' dir='ltr'><strong>increbuit</strong></span> <span class='ocrx_word' id='word_1_346' title='bbox 593 3865 626 3923; x_wconf 92' lang='lat' dir='ltr'><strong>in</strong></span> <span class='ocrx_word' id='word_1_347' title='bbox 639 3884 693 3925; x_wconf 90' lang='lat' dir='ltr'><strong>nos</strong></span> <span class='ocrx_word' id='word_1_348' title='bbox 708 3885 795 3943; x_wconf 86' lang='lat' dir='ltr'><strong>seges</strong></span> <span class='ocrx_word' id='word_1_349' title='bbox 806 3875 959 3932; x_wconf 25' lang='lat' dir='ltr'><strong>,oratorum</strong></span> <span class='ocrx_word' id='word_1_350' title='bbox 972 3867 1169 3945; x_wconf 90' lang='lat' dir='ltr'><strong>improborum</strong></span> <span class='ocrx_word' id='word_1_351' title='bbox 1185 3867 1272 3941; x_wconf 90' lang='lat' dir='ltr'><strong>simul</strong></span> 
     </span>
     <span class='ocr_line' id='line_1_40' title="bbox 170 3954 1273 4038; baseline 0.002 -22"><span class='ocrx_word' id='word_1_352' title='bbox 170 3969 201 4018; x_wconf 93' lang='lat' dir='ltr'><strong>et</strong></span> <span class='ocrx_word' id='word_1_353' title='bbox 213 3958 417 4038; x_wconf 87' lang='lat' dir='ltr'><strong>petulantium,</strong></span> <span class='ocrx_word' id='word_1_354' title='bbox 431 3954 578 4017; x_wconf 82' lang='lat' dir='ltr'><strong>eonomine</strong></span> <span class='ocrx_word' id='word_1_355' title='bbox 598 3959 739 4017; x_wconf 86' lang='lat' dir='ltr'><strong>fortunati</strong></span> <span class='ocrx_word' id='word_1_356' title='bbox 754 3978 865 4019; x_wconf 84' lang='lat' dir='ltr'><strong>sumus.</strong></span> <span class='ocrx_word' id='word_1_357' title='bbox 889 3959 974 4019; x_wconf 91' lang='lat' dir='ltr'><strong>Talia</strong></span> <span class='ocrx_word' id='word_1_358' title='bbox 987 3960 1065 4019; x_wconf 88' lang='lat' dir='ltr'><strong>enim</strong></span> <span class='ocrx_word' id='word_1_359' title='bbox 1078 3959 1197 4038; x_wconf 81' lang='lat' dir='ltr'><strong>ingenia</strong></span> <span class='ocrx_word' id='word_1_360' title='bbox 1206 3959 1273 4019; x_wconf 88' lang='lat' dir='ltr'><strong>tulit</strong></span> 
     </span>
     <span class='ocr_line' id='line_1_41' title="bbox 169 4050 1273 4133; baseline 0.002 -22"><span class='ocrx_word' id='word_1_361' title='bbox 169 4052 320 4131; x_wconf 86' lang='lat' dir='ltr'><strong>quondam</strong></span> <span class='ocrx_word' id='word_1_362' title='bbox 333 4050 508 4129; x_wconf 85' lang='lat' dir='ltr'><strong>respublica,</strong></span> <span class='ocrx_word' id='word_1_363' title='bbox 525 4070 592 4129; x_wconf 76' lang='lat' dir='ltr'><strong>qum</strong></span> <span class='ocrx_word' id='word_1_364' title='bbox 605 4051 747 4132; x_wconf 92' lang='lat' dir='ltr'><strong>populum</strong></span> <span class='ocrx_word' id='word_1_365' title='bbox 757 4051 837 4129; x_wconf 83' lang='lat' dir='ltr'><strong>adeo</strong></span> <span class='ocrx_word' id='word_1_366' title='bbox 849 4053 936 4113; x_wconf 84' lang='lat' dir='ltr'><strong>facile</strong></span> <span class='ocrx_word' id='word_1_367' title='bbox 958 4054 1158 4133; x_wconf 87' lang='lat' dir='ltr'><strong>perdiderunt.</strong></span> <span class='ocrx_word' id='word_1_368' title='bbox 1190 4051 1273 4113; x_wconf 87' lang='lat' dir='ltr'><strong>Gau·</strong></span> 
     </span>
     <span class='ocr_line' id='line_1_42' title="bbox 169 4143 1272 4225; baseline 0.004 -22"><span class='ocrx_word' id='word_1_369' title='bbox 169 4144 259 4215; x_wconf 89' lang='lat' dir='ltr'><strong>debat</strong></span> <span class='ocrx_word' id='word_1_370' title='bbox 271 4143 380 4222; x_wconf 91' lang='lat' dir='ltr'><strong>quippe</strong></span> <span class='ocrx_word' id='word_1_371' title='bbox 388 4144 656 4212; x_wconf 76' lang='lat' dir='ltr'><strong>assentationibus3</strong></span> <span class='ocrx_word' id='word_1_372' title='bbox 670 4144 715 4203; x_wconf 89' lang='lat' dir='ltr'><strong>ita</strong></span> <span class='ocrx_word' id='word_1_373' title='bbox 727 4144 808 4204; x_wconf 90' lang='lat' dir='ltr'><strong>illum</strong></span> <span class='ocrx_word' id='word_1_374' title='bbox 819 4164 879 4205; x_wconf 88' lang='lat' dir='ltr'><strong>non</strong></span> <span class='ocrx_word' id='word_1_375' title='bbox 892 4146 911 4204; x_wconf 91' lang='lat' dir='ltr'><strong>ii</strong></span> <span class='ocrx_word' id='word_1_376' title='bbox 925 4167 999 4225; x_wconf 91' lang='lat' dir='ltr'><strong>quos</strong></span> <span class='ocrx_word' id='word_1_377' title='bbox 1019 4148 1179 4221; x_wconf 90' lang='lat' dir='ltr'><strong>metuebat,</strong></span> <span class='ocrx_word' id='word_1_378' title='bbox 1190 4149 1242 4207; x_wconf 90' lang='lat' dir='ltr'><strong>sed</strong></span> <span class='ocrx_word' id='word_1_379' title='bbox 1252 4147 1272 4207; x_wconf 92' lang='lat' dir='ltr'><strong>ii</strong></span> 
     </span>
     <span class='ocr_line' id='line_1_43' title="bbox 162 4234 1284 4319; baseline 0.004 -25"><span class='ocrx_word' id='word_1_380' title='bbox 162 4255 293 4314; x_wconf 53' lang='lat' dir='ltr'><strong>‚quorum</strong></span> <span class='ocrx_word' id='word_1_381' title='bbox 306 4234 377 4295; x_wconf 88' lang='lat' dir='ltr'><strong>fidei</strong></span> <span class='ocrx_word' id='word_1_382' title='bbox 390 4255 423 4295; x_wconf 90' lang='lat' dir='ltr'><strong>se</strong></span> <span class='ocrx_word' id='word_1_383' title='bbox 440 4234 636 4309; x_wconf 82' lang='lat' dir='ltr'><strong>commiserat,</strong></span> <span class='ocrx_word' id='word_1_384' title='bbox 646 4246 835 4311; x_wconf 76' lang='lat' dir='ltr'><strong>everterunt.</strong></span> <span class='ocrx_word' id='word_1_385' title='bbox 858 4239 992 4307; x_wconf 87' lang='lat' dir='ltr'><strong>Quorum</strong></span> <span class='ocrx_word' id='word_1_386' title='bbox 1005 4237 1125 4317; x_wconf 87' lang='lat' dir='ltr'><strong>quidem</strong></span> <span class='ocrx_word' id='word_1_387' title='bbox 1140 4240 1284 4319; x_wconf 51' lang='lat' dir='ltr'><strong>nonnulli¹</strong></span> 
     </span>
     <span class='ocr_line' id='line_1_44' title="bbox 169 4328 1271 4410; baseline 0.002 -19"><span class='ocrx_word' id='word_1_388' title='bbox 169 4329 257 4395; x_wconf 80' lang='lat' dir='ltr'><strong>etiam</strong></span> <span class='ocrx_word' id='word_1_389' title='bbox 265 4328 322 4407; x_wconf 88' lang='lat' dir='ltr'><strong>ipsi</strong></span> <span class='ocrx_word' id='word_1_390' title='bbox 330 4328 360 4388; x_wconf 89' lang='lat' dir='ltr'><strong>in</strong></span> <span class='ocrx_word' id='word_1_391' title='bbox 372 4328 492 4407; x_wconf 87' lang='lat' dir='ltr'><strong>triginta</strong></span> <span class='ocrx_word' id='word_1_392' title='bbox 499 4338 688 4408; x_wconf 82' lang='lat' dir='ltr'><strong>tyrannorum</strong></span> <span class='ocrx_word' id='word_1_393' title='bbox 699 4350 821 4390; x_wconf 88' lang='lat' dir='ltr'><strong>numero</strong></span> <span class='ocrx_word' id='word_1_394' title='bbox 830 4330 958 4403; x_wconf 85' lang='lat' dir='ltr'><strong>fuerunt,</strong></span> <span class='ocrx_word' id='word_1_395' title='bbox 966 4330 1016 4409; x_wconf 87' lang='lat' dir='ltr'><strong>qui</strong></span> <span class='ocrx_word' id='word_1_396' title='bbox 1024 4330 1090 4410; x_wconf 84' lang='lat' dir='ltr'><strong>plus</strong></span> <span class='ocrx_word' id='word_1_397' title='bbox 1098 4350 1186 4409; x_wconf 89' lang='lat' dir='ltr'><strong>quam</strong></span> <span class='ocrx_word' id='word_1_398' title='bbox 1192 4334 1271 4409; x_wconf 74' lang='lat' dir='ltr'><strong>mille</strong></span> 
     </span>
     <span class='ocr_line' id='line_1_45' title="bbox 171 4420 1271 4503; baseline 0.006 -23"><span class='ocrx_word' id='word_1_399' title='bbox 171 4421 390 4503; x_wconf 85' lang='lat' dir='ltr'><strong>etquingentos</strong></span> <span class='ocrx_word' id='word_1_400' title='bbox 405 4420 484 4499; x_wconf 87' lang='lat' dir='ltr'><strong>ciras</strong></span> <span class='ocrx_word' id='word_1_401' title='bbox 497 4421 609 4483; x_wconf 90' lang='lat' dir='ltr'><strong>indicta</strong></span> <span class='ocrx_word' id='word_1_402' title='bbox 622 4442 714 4483; x_wconf 88' lang='lat' dir='ltr'><strong>causa</strong></span> <span class='ocrx_word' id='word_1_403' title='bbox 729 4432 920 4501; x_wconf 85' lang='lat' dir='ltr'><strong>necaverunt,</strong></span> <span class='ocrx_word' id='word_1_404' title='bbox 931 4442 968 4481; x_wconf 89' lang='lat' dir='ltr'><strong>ne</strong></span> <span class='ocrx_word' id='word_1_405' title='bbox 978 4422 1146 4484; x_wconf 87' lang='lat' dir='ltr'><strong>criminibus</strong></span> <span class='ocrx_word' id='word_1_406' title='bbox 1155 4425 1271 4503; x_wconf 88' lang='lat' dir='ltr'><strong>quidem</strong></span> 
     </span>
    </p>
   </div>
   <div class='ocr_carea' id='block_1_7' title="bbox 0 0 1493 4950">
    <p class='ocr_par' dir='ltr' id='par_1_8' title="bbox 0 0 1493 4950">
     <span class='ocr_line' id='line_1_46' title="bbox 0 0 1493 4950; baseline 0 0"><span class='ocrx_word' id='word_1_407' title='bbox 0 0 1493 4950; x_wconf 95' lang='lat' dir='ltr'><strong> </strong></span> 
     </span>
    </p>
   </div>
  </div>
 </body>
</html>
