2967 4950
227 192 297 299 rrs'
597 234 641 292 ru
664 196 1002 301 crssrruournru.

221 400 351 450 terarum
362 388 454 461 ludis,
468 409 528 449 nou
542 388 655 448 musica
665 398 780 449 tantum
789 390 914 468 juvenes
929 387 1047 461 erudiri,
1062 387 1323 456 eenamcenam

221 481 317 560 magis
334 480 459 560 publicis
473 480 636 560 praeconiis.
672 480 854 542 Praedicator
868 480 972 558 aliquis
987 481 1018 540 in
1032 480 1156 551 theatro,
1171 481 1253 558 quod
1274 501 1325 554 eo,-

219 593 294 634 rona
312 562 438 633 donatur
458 573 572 634 virtutis
590 592 661 652 ergo
682 593 717 632 ac
737 573 918 633 fortitudinis
937 584 968 634 et
989 571 1216 643 benevolentiae,
1230 572 1325 638 *homo

220 667 283 728 rita
296 667 487 728 immodestus
507 677 597 745 atque
611 667 852 726 contaminatus?
873 666 1060 736 Adolescens
1079 667 1162 726 hisce
1177 667 1324 726 visiseor-

222 761 375 838 rumpitur.
396 759 503 820 Poenas
515 760 598 820 dedit
611 759 762 838 improbus
777 758 880 838 aliquis
892 768 922 818 et
936 759 965 818 in
979 760 1125 834 lenocinio
1139 770 1327 832 versatussut

224 852 408 931 Ctesiphon?
430 853 538 914 Caeteri
560 852 742 912 erudiuntur.
770 852 936 912 =Scitumne
960 852 1066 931 aliquis
1086 853 1212 912 honesto
1237 863 1326 932 atque

223 965 308 1023 oequo
322 946 477 1015 adversum
491 944 568 1017 tulit,
584 945 653 1004 inde
666 945 786 1006 domurn
799 963 934 1004 reversus
949 943 1207 1012 filiuminstituere
1222 964 1327 1030 aggre-

223 1037 322 1097 ditur?
344 1038 388 1096 At
400 1037 426 1096 is
436 1038 502 1116 jure
516 1057 577 1097 non
591 1037 757 1104 auscultatu
779 1055 897 1096 monere
910 1037 986 1096 enim
1001 1048 1032 1096 et
1045 1038 1213 1116 praecipere,
1223 1039 1326 1096 merito

225 1129 273 1188 hic
295 1130 459 1190 obtundere
478 1129 653 1188 nominatur.
676 1128 824 1196 Quocirca
847 1147 906 1188 non
930 1129 1025 1194 solum
1040 1129 1130 1207 quasi
1150 1129 1326 1206 judicantes,

220 1223 279 1292 'sed
293 1223 377 1301 quasi
390 1223 524 1297 omnium!
534 1221 627 1282 oculis
648 1222 804 1294 observati,
818 1223 860 1281 ita
875 1223 1050 1282 sententiam
1064 1222 1150 1294 ferte,
1163 1234 1198 1282 ut
1211 1223 1246 1282 iis
1256 1225 1327 1284 ciri-

226 1317 283 1375 bus
297 1310 439 1375 rationem
454 1314 578 1375 reddere
591 1314 711 1395 possitis
722 1315 772 1392 qui
787 1335 865 1377 nunc
875 1315 992 1392 quidem
1004 1333 1062 1374 non
1078 1315 1198 1388 adsunt,
1208 1317 1262 1376 sed
1275 1334 1325 1376 vos

226 1409 298 1488 quid
307 1409 512 1488 judicaveritis
523 1408 755 1486 interrogabunt.
785 1407 880 1467 Probe
903 1409 979 1466 enim
1001 1407 1106 1477 nostis,
1121 1408 1326 1483 Athenienses,

164 1488 167 1494 ¹
218 1502 315 1576 ¹talem
330 1501 424 1561 visum
444 1501 487 1564 iri.
502 1500 661 1572 civitatem,
676 1499 771 1578 qualis
787 1509 834 1558 est
855 1499 905 1560 ille
927 1499 965 1558 de
990 1518 1050 1578 quo
1073 1498 1108 1557 fit
1127 1501 1325 1578 praeconium-z

215 1594 309 1674 ,atqui
322 1592 581 1672 turpissimumsit,
595 1592 648 1654 'vos
661 1611 720 1652 non
733 1611 802 1652 cum
815 1584 972 1671 majoribus
992 1592 1095 1652 vestris
1116 1592 1170 1666 sed
1183 1613 1251 1652 cum
1265 1593 1327 1652 De·

226 1684 703 1764 mosthenisignaviacomparari.
737 1721 741 1726 ·
791 1725 796 1742 2
847 1723 852 1750 ;
894 1751 896 1758 ⁴
1070 1705 1072 1710 '
1136 1755 1138 1765 ¹
1229 1680 1233 1692 ’

230 1816 234 1823 ·
250 1782 318 1838 sa.
340 1781 478 1844 Quonam
491 1778 580 1858 igitur
601 1778 690 1838 modo
711 1777 880 1858 hujusmodi
893 1777 1024 1839 dedecus
1036 1777 1148 1838 evitari
1161 1777 1277 1859 possiti
1297 1777 1327 1836 Si

228 1890 279 1931 eos
294 1870 408 1931 scilicet
426 1870 476 1948 qui
490 1870 620 1930 *nomina
632 1868 786 1950 popularia
805 1882 836 1929 et
853 1871 1043 1930 humanitatis
1066 1871 1156 1949 plena
1179 1890 1327 1950 proeoceu-

218 1975 308 2045 pant,
317 1964 445 2030 moribus
460 1972 559 2024 autem
572 1974 640 2022 sunt
652 1963 746 2032 infidi,
762 1963 901 2022 caveatis.
924 1962 1219 2022 Benevolentiaenim
1234 1974 1265 2023 et
1276 1983 1328 2044 po-

226 2057 337 2136 pularis
352 2066 446 2116 status
461 2075 568 2116 nornen
583 2057 614 2114 in
628 2055 726 2114 medio
746 2055 844 2135 posita
868 2062 953 2121 sunt:
976 2075 1076 2123 verum
1096 2075 1137 2115 ear
1148 2057 1246 2115 verbis
1267 2057 1327 2136 ple·

220 2162 348 2228 {rumque
362 2158 431 2210 ante
454 2143 714 2227 alios.occupant,·
726 2149 776 2226 qui
799 2148 1081 2226 factislongissime
1101 2148 1188 2207 abiis
1208 2145 1328 2208 distant.

218 2243 333 2322 ltaque
345 2263 412 2302 cum
432 2250 578 2301 oratorem
594 2241 674 2300 nacti
695 2239 808 2300 fueritis
824 2257 997 2300 coronarum
1011 2250 1197 2300 externarum
1212 2250 1244 2300 et
1255 2261 1328 2319 prae·

228 2321 605 2414 coniorumapud,Graecos
619 2334 985 2412 faciendorumcupidum,
999 2352 1140 2393 revocare
1153 2353 1220 2395 eum
1228 2334 1329 2412 jubete

221 2432 382 2490 >verborum
397 2429 584 2509 probationes
592 2427 876 2509 praemiorumque,
886 2425 964 2487 sicut
971 2427 1054 2505 leges
1064 2427 1180 2506 jubent,
1193 2426 1229 2487 ad
1242 2427 1331 2488 vitam

228 2522 407 2584 laudabilem
419 2536 451 2582 et
472 2541 569 2583 mores
588 2521 761 2582 modestos:
782 2522 831 2579 cui
851 2538 921 2579 vero
944 2520 1009 2579 haec
1024 2521 1192 2580 testimonia
1212 2521 1329 2590 desunt,

221 2615 254 2675 ei
268 2635 337 2674 suas
350 2614 455 2674 laudes
469 2613 659 2674 constabilire
673 2613 774 2673 nolite.
797 2612 843 2671 lta
853 2611 930 2671 enim
944 2612 1096 2690 popularis
1106 2612 1220 2691 imperii
1231 2632 1329 2672 curam

145 2720 154 2735 ‘
228 2706 384 2778 habebitis,
397 2706 482 2766 vobis
500 2706 561 2785 jam
575 2705 771 2783 paulatim-de
785 2704 920 2765 manibus
935 2703 1088 2777 elabentis.
1137 2705 1218 2771 Quid
1233 2704 1330 2765 eninr?

221 2819 286 2876 non
299 2798 454 2876 indiguum
469 2797 551 2859 vobis
566 2796 691 2868 videtur,
706 2808 840 2857 senatum
856 2796 1057 2876 populumque
1074 2794 1195 2855 nostrum
1208 2798 1330 2877 despici,

221 2894 326 2953 literas
339 2901 438 2952 autem
455 2910 490 2950 ac
504 2889 667 2968 legationes
676 2889 711 2947 ln
724 2890 853 2968 privatas
868 2890 972 2951 domos
987 2890 1152 2969 pervenire,
1166 2910 1228 2949 non
1246 2912 1298 2951 eas
1315 2911 1332 2951 a

226 2985 395 3064 vulgaribus
419 2981 538 3062 quidem
557 2982 725 3067 hominibus
739 2982 845 3041 missas
868 2983 920 3041 sed
935 2983 971 3043 ab
989 2977 1024 3041 iis
1038 2982 1089 3059 qui
1108 2981 1139 3041 in
1157 2983 1231 3043 Asia
1244 2994 1331 3063 atque

228 3080 347 3156 Europa
359 3075 556 3154 principatum
570 3074 727 3134 obtinenti
758 3074 797 3133 Et
819 3074 925 3152 quibus
944 3074 1124 3134 facinoribus
1144 3076 1271 3155 capitale
1290 3077 1333 3136 le·

227 3172 312 3248 gibus
326 3166 502 3246 supplicium
525 3168 718 3228 constitutum
739 3175 796 3238 est,
820 3186 856 3226 ea
870 3186 902 3225 se
912 3165 1057 3226 nonnulli
1074 3167 1258 3227 committere
1273 3190 1332 3229 nou

179 3326 183 3332 ,
226 3262 399 3335 inficiantur,
414 3261 468 3321 sed
480 3260 580 3339 palam
594 3260 673 3339 apud
686 3260 828 3340 populum
839 3258 1028 3330 confitentur,
1044 3270 1073 3319 et
1091 3259 1193 3321 literas
1206 3262 1286 3321 inter
1301 3283 1331 3323 se

137 3386 139 3391 ¹
222 3356 381 3416 ceolmunt
390 3354 585 3431 recitantque,
600 3362 688 3431 atque
702 3352 752 3412 alii
766 3372 817 3411 vos
837 3351 991 3423 hortantur
1005 3352 1082 3411 utin
1096 3370 1148 3411 ora
1161 3373 1228 3425 sua,
1247 3355 1330 3432 quasi

224 3448 376 3528 popularis
385 3447 496 3525 imperii
517 3446 577 3505 sint
588 3445 741 3519 custodes,⁴
753 3444 856 3517 oculos
870 3444 978 3522 figatis,
995 3443 1044 3502 alii
1058 3445 1181 3523 praemia
1194 3456 1329 3524 poscunt,

166 3591 172 3596 .
226 3551 366 3627 tanquam
389 3538 515 3618 publicae
529 3528 634 3597 salutis
647 3546 889 3602 conservatores:
910 3534 1044 3617 populus·
1053 3545 1151 3596 autem
1165 3537 1204 3595 ob
1216 3557 1252 3597 ea
1265 3558 1330 3616 qum

226 3632 399 3693 acciderunt
412 3630 511 3690 animo
520 3629 643 3700 fractus,
658 3631 745 3706 quasi
755 3629 845 3699 ⁴senio
863 3627 1020 3688 confectus
1035 3638 1088 3687 aut
1105 3629 1208 3689 delirio
1217 3639 1329 3710 ,captus

228 3724 276 3796 sit,
294 3742 400 3784 nornen
414 3723 510 3783 solum
524 3721 731 3782 dominationis
745 3721 896 3800 popularis
910 3721 1023 3793 retinet,
1042 3741 1089 3781 res
1109 3722 1230 3801 quidem
1237 3724 1329 3802 ipsas

227 3815 292 3882 aliis
301 3816 458 3874 concessit.
480 3814 599 3873 Deinde
610 3834 647 3873 ex
658 3813 850 3873 concionibus
861 3811 1023 3887 disceditis,
1034 3832 1095 3873 non
1104 3825 1138 3875 ut
1148 3815 1199 3893 qui
1210 3817 1331 3875 consul-

226 3910 330 3979 tantis,
345 3906 400 3967 sed
409 3906 500 3966 veluti
514 3926 652 3967 excoena
665 3906 807 3966 collatitia
820 3906 992 3983 fragmentis
1001 3925 1074 3982 ,quae
1095 3918 1260 3987 supersunt
1269 3908 1331 3967 dis.-

226 4001 349 4083 tributis.
378 4000 420 4057 Ut
433 4008 532 4057 autem
544 4019 606 4059 non
623 4000 722 4059 inania
734 4020 782 4059 me
795 3998 909 4059 effutire
923 4008 1050 4073 constet,
1067 3998 1097 4059 id
1113 4000 1193 4079 quod
1212 4000 1280 4061 dico
1293 4022 1330 4061 ex

226 4093 506 4155 hisconsiderate31
577 4133 579 4138 -

176 4228 181 4235 ,
266 4189 316 4247 93.
338 4185 623 4264 Fuithic-magno
637 4188 773 4266 equidem
787 4188 967 4250 cumdolore
980 4185 1113 4247 miserias
1127 4186 1254 4245 civitatis
1273 4206 1330 4245 sac-

227 4276 293 4353 pius
305 4279 585 4340 commemoro-uir
598 4279 716 4357 quidam
730 4281 872 4360 privatus,
891 4282 942 4361 qui
956 4280 1132 4359 adSamum
1146 4288 1261 4339 tantum
1275 4299 1330 4341 na·

197 4412 204 4421 ,
227 4366 324 4442 rigare
341 4387 509 4447 aggressus,
523 4381 662 4449 tanquam
685 4373 816 4449 proditor
836 4373 940 4453 patria
964 4392 999 4434 eo
1021 4374 1088 4453 ipso
1107 4371 1155 4432 die
1178 4392 1196 4431 a
1218 4370 1331 4433 Senatu
