2967 4950
237 342 296 405 610
514 335 731 399 ADVERSUS
754 332 1054 397 MACARTATUM.

237 505 268 555 et
275 496 413 577 pleraque
432 493 601 555 testimonia
612 493 696 565 dixit,
709 503 852 554 venerunt
861 492 937 553 falso
950 497 1129 551 testamento
1143 488 1333 548 concinnato.

238 587 326 657 Quod
339 586 457 667 quidem
470 595 687 658 testamentum,
700 606 769 645 cum
782 588 819 646 ab
832 586 873 647 eis
886 586 1017 646 oblatum
1027 592 1117 653 esset,
1126 582 1338 641 inventumest

236 680 361 741 falsum:
383 700 479 758 neque
499 679 541 741 illi
557 680 778 739 succubuerunt
790 679 895 751 solum,
909 678 962 738 sed
975 687 1085 737 etcum
1099 693 1214 735 summa
1226 673 1337 753 impro-

236 772 336 833 bitatis
351 772 488 853 opinione
500 792 517 832 c
526 770 640 851 judicio
659 772 806 841 abierunt;
831 771 1041 851 Theopompus
1061 777 1160 828 autem
1179 765 1338 825 Macartati

237 874 319 945 pater
338 875 400 925 tum
419 885 561 943 praesens,
581 864 785 944 proclamante
801 882 948 944 precone,
970 860 1144 940 numquis
1167 878 1280 939 agere
1300 860 1338 918 in

238 956 506 1019 haereditatem
533 957 692 1037 Hagniae
718 966 786 1017 aut
811 968 1065 1017 sacramento
1091 952 1338 1014 contendere

238 1049 365 1110 vellet
395 1049 478 1109 sive
513 1068 651 1129 genere
683 1047 763 1108 sire
795 1068 838 1107 ex
871 1056 1127 1118 testamento,
1154 1043 1339 1104 contendere

240 1152 422 1203 sacramento
445 1161 505 1201 non
529 1152 576 1202 est
595 1160 696 1211 ausus,
718 1141 772 1201 sed
800 1141 862 1219 ipse
883 1138 1097 1220 pronunciavit,
1126 1137 1165 1196 ad
1193 1156 1225 1197 se
1254 1135 1340 1197 nulla

239 1234 351 1295 ratione
371 1234 516 1313 pertinere
537 1233 665 1312 Hagnias
686 1232 899 1293 hereditatem.

282 1330 310 1387 3.
332 1328 429 1396 Quam
441 1346 509 1387 curn
524 1338 617 1387 mater
631 1326 712 1405 pueri
725 1326 824 1406 hujus,
835 1325 944 1404 judicio
958 1323 1042 1385 victis
1056 1322 1229 1384 adversariis
1242 1322 1341 1383 omni·

239 1420 306 1495 bus,
320 1430 441 1493 teneret,
456 1418 498 1481 ita
511 1419 612 1479 helarii
635 1420 751 1481 luerunt
772 1419 831 1490 isti,
845 1428 877 1479 ut
890 1438 984 1497 neque
998 1418 1028 1477 in
1042 1417 1158 1497 legibus
1173 1415 1273 1477 vestris
1286 1436 1342 1476 ne-

240 1534 297 1592 que
311 1512 341 1571 in
354 1512 507 1573 sententiis
516 1512 650 1593 judicum
663 1512 906 1591 acquiescendum
919 1513 975 1573 sibi
988 1530 1055 1572 esse
1063 1510 1203 1591 putarint,
1213 1508 1267 1569 sed
1281 1528 1343 1588 quo

236 1607 302 1686 jure
315 1605 487 1685 quainjuria
500 1603 614 1664 mulieri
628 1624 726 1665 rursus
740 1605 851 1685 eripere
862 1604 1066 1665 haereditatem
1079 1622 1167 1682 quam
1181 1602 1208 1662 ei
1222 1621 1276 1662 vos
1286 1602 1344 1662 ad·

241 1698 379 1758 dixeratis
393 1696 582 1757 instituerint:
604 1697 703 1775 itaque
722 1697 922 1776 conjuratione
942 1696 1023 1756 facta
1042 1705 1073 1755 et
1090 1693 1201 1755 ioedere
1214 1694 1293 1755 inter
1306 1712 1343 1753 se

241 1791 302 1851 icto
320 1810 412 1869 eoque
433 1789 512 1871 apud
527 1788 668 1848 Medeum
685 1788 870 1869 Hagnusium
884 1788 1029 1869 deposito,
1041 1788 1251 1867 Theopompus
1273 1785 1346 1871 Ma7

242 1884 345 1943 certati
371 1892 465 1963 pater,
489 1892 520 1941 et
543 1879 668 1953 Glauco,
689 1891 720 1940 et
743 1880 876 1941 Glaucus
902 1880 984 1960 prius
1004 1881 1108 1953 rictus,
1133 1879 1191 1939 alio
1210 1878 1345 1959 quodam

242 1975 425 2037 familiarium
446 1984 551 2054 quarto
572 1973 924 2053 adhibito—Eupolemus
937 1974 964 2032 ei
978 1992 1085 2034 nomen
1105 1981 1218 2040 erat-,
1232 1971 1263 2030 hi
1275 1990 1345 2031 om-

242 2089 294 2129 nes
315 2069 505 2129 communiter
525 2066 665 2137 insidiati,
679 2065 807 2127 citarunt
819 2066 969 2126 mulierem
980 2067 1018 2129 ud
1029 2076 1184 2147 praetorem
1195 2064 1232 2126 ud
1242 2064 1346 2125 disce-

241 2161 403 2242 ptationem
418 2160 583 2241 Hagnianoe
604 2160 795 2231 hereditatis,
808 2161 875 2239 lege
898 2158 966 2220 freti
979 2179 1046 2239 quae
1065 2159 1192 2239 juberet,
1207 2178 1275 2218 eum
1288 2160 1348 2239 qui

243 2254 364 2315 adiisset
374 2252 574 2313 haereditatem
585 2263 615 2313 et
626 2262 741 2313 teneret
750 2254 843 2326 citari,
852 2252 876 2313 si
886 2253 951 2331 quis
961 2253 990 2313 in
1004 2253 1129 2313 eandem
1140 2272 1227 2333 agere
1241 2252 1349 2314 vellet.

243 2350 309 2408 llos
323 2349 373 2407 ubi
386 2357 493 2426 praetor
507 2348 536 2407 in
546 2347 689 2427 judicium
702 2346 801 2419 duxit,
809 2358 840 2407 et
852 2366 943 2407 causa
954 2346 1072 2426 agenda
1081 2345 1146 2420 suit,
1156 2356 1218 2407 tum
1230 2345 1287 2405 alia
1295 2346 1348 2407 eis

243 2442 342 2502 omnia
355 2450 518 2522 preparate
538 2441 657 2501 suerunt
677 2440 715 2501 ad
735 2439 889 2521 judicium,
904 2449 967 2516 tum
981 2460 1076 2519 aquus,
1091 2439 1131 2500 ad
1143 2459 1232 2520 quam
1245 2439 1349 2501 disce·

243 2535 387 2615 ptandum
409 2541 482 2605 erat,
506 2534 671 2614 quadruplo
690 2533 758 2613 plus
782 2534 864 2594 nobis
888 2543 1083 2612 acceperunt:
1107 2553 1230 2594 necesse
1253 2534 1349 2607 enirn,

244 2627 379 2700 ludices,
392 2626 520 2687 habebat
533 2638 641 2706 praetor
654 2626 825 2706 amphoram
846 2625 1002 2706 unicuique
1020 2637 1223 2701 accusatorum
1244 2626 1349 2686 infun-

245 2718 325 2790 dere,
335 2728 365 2777 et
386 2728 445 2778 tres
459 2718 549 2778 choas
563 2718 715 2798 posteriori
729 2719 860 2780 orationi.
902 2718 1029 2779 Proinde
1042 2720 1130 2780 fiebat
1143 2731 1176 2778 ut
1189 2740 1246 2799 ego
1260 2721 1351 2780 muli-

246 2810 301 2870 eris
315 2809 462 2882 delensor,
476 2829 535 2870 nou
556 2811 645 2871 modo
659 2811 696 2870 de
711 2829 830 2890 genere,
843 2821 875 2870 et
892 2811 1008 2871 coeteris
1022 2832 1089 2890 quas
1107 2813 1235 2873 dicenda
1247 2825 1351 2887 erant,

241 2902 388 2982 judicibus
403 2923 467 2963 meo
482 2903 620 2963 arbitratu
640 2921 756 2963 narrare
778 2922 838 2963 non
854 2921 984 2982 possem,
999 2904 1052 2963 sed
1066 2923 1102 2964 ne
1116 2904 1263 2966 minimam
1277 2909 1352 2984 q'ui-

247 2997 313 3056 dem
325 2994 553 3068 mendaciorum,
564 3016 630 3075 quae
641 2997 670 3054 in
682 3015 735 3056 nos
746 2996 1243 3076 congesserant,'partemrefutare:
1257 2999 1353 3078 quin·

245 3102 307 3150 tam
322 3090 397 3150 enim
413 3109 498 3169 aquoe
511 3099 622 3169 partem
638 3088 793 3149 habebam.
833 3090 931 3168 Atque
942 3089 974 3148 id
985 3089 1135 3150 artilioium
1149 3089 1222 3150 illud
1235 3091 1300 3166 furit,
1312 3105 1353 3154 ut

245 3183 302 3262 ipsi
314 3182 389 3242 inter
402 3201 434 3242 se
449 3181 633 3242 colluderent
645 3201 680 3242 ac
695 3191 812 3242 mutuas
826 3183 976 3242 traderent
987 3202 1091 3264 operas
1104 3185 1258 3265 omniaque
1271 3205 1353 3246 con·

191 3349 194 3356 Ι
247 3275 407 3345 litarentur,
430 3274 469 3334 de
492 3274 575 3333 nobis
597 3283 695 3334 autem
709 3294 746 3334 ea
759 3274 891 3335 dicerent
908 3295 975 3354 quae
997 3295 1146 3364 nunquam
1165 3276 1245 3338 facta
1262 3291 1353 3340 suna

178 3395 181 3399 ·
249 3365 346 3444 Cum'
339 3367 428 3445 igitur
442 3365 480 3425 ad
494 3386 559 3424 eum
574 3367 693 3426 modum
707 3367 813 3427 insidia
827 3368 1003 3428 struxissent
1015 3379 1046 3430 et
1059 3370 1224 3450 conjunctis
1234 3370 1354 3434 viribus

248 3477 304 3518 nos
325 3469 540 3559 oppugnarent,
557 3459 680 3518 cadiscie
702 3470 827 3538 quatuor
846 3479 882 3520 ex
901 3461 968 3539 lege
987 3461 1100 3540 positis,
1116 3462 1243 3551 judices,
1263 3466 1355 3541 quod

249 3548 385 3627 equidem
399 3567 457 3607 non
472 3547 568 3620 miror,
583 3548 718 3628 decepti
711 3559 788 3610 rnter
802 3571 868 3611 sese
881 3551 1094 3624 dissenserunt,
1107 3563 1195 3634 atque
1208 3553 1263 3613 illis
1276 3557 1355 3616 arti-

249 3640 323 3699 ficiis
333 3640 446 3700 seducti
461 3640 491 3699 id
504 3640 745 3743 pronunciarunt,
760 3644 840 3723 quod
855 3643 1012 3723 unicuique
1024 3647 1055 3706 in
1067 3648 1192 3707 buccam
1205 3659 1354 3709 venerat.

250 3731 452 3836 calculique
431 3731 532 3810 paucis
556 3732 673 3792 omnino
696 3732 803 3813 plures,
817 3731 864 3794 vel
884 3736 976 3796 tribus
996 3738 1041 3798 vel
1056 3750 1190 3819 quatuor,
1203 3739 1231 3798 in
1251 3738 1355 3802 Theo

234 3823 350 3904 ,pompi
367 3823 484 3885 cadisco
486 3826 638 3921 ‚quanqin
652 3826 792 3899 mulieris,
805 3837 874 3888 sunt
886 3824 1006 3891 inventi.

292 3919 322 3975 4.
343 3916 387 3976 Ac
412 3926 474 3976 tum
495 3917 559 3977 haec
580 3927 648 3978 acta
665 3919 794 3992 fuerunt,
814 3919 952 3980 Judioes:
973 3931 1166 4012 posteaquam
1180 3935 1276 3986 autern
1288 3925 1356 3990 hoc

248 4027 343 4090 puero
358 4017 428 4068 nato
442 4019 557 4088 tempus
571 4031 637 4072 esse
650 4006 817 4086 videbatur,
829 4033 885 4094 ego
905 4033 965 4074 non
987 4016 1078 4078 iratus
1092 4006 1131 4077 ob
1145 4037 1183 4078 ea
1193 4039 1259 4097 quae
1271 4022 1357 4080 acci·

252 4101 368 4174 derant,
382 4101 436 4163 aed
449 4100 606 4162 humanum
621 4104 761 4183 quiddam
776 4106 920 4168 accidisse
933 4119 1014 4171 ratus
1026 4112 1107 4172 illius
1121 4112 1259 4193 temporis
1267 4113 1356 4193 judi·

252 4194 346 4267 cibus,
359 4193 506 4254 introduxi
518 4195 559 4254 ad
574 4195 697 4257 curiales
713 4198 839 4278 Haguiae
855 4201 1030 4264 Eubulidem
1044 4224 1167 4308 puerum
1180 4205 1258 4265 hunc
1260 4208 1355 4286 ,ejus

251 4285 312 4344 lilia
332 4296 443 4361 uatum,
458 4296 492 4346 ut
511 4308 549 4348 ne
572 4293 633 4364 ejus
655 4290 764 4351 familia
785 4292 976 4356 desolaretur.
1023 4297 1054 4358 ls
1077 4297 1156 4358 enim
1176 4297 1354 4372 Eubulides,

252 4377 382 4451 ludices,
398 4379 523 4460 Hagniae
539 4399 646 4460 genere
668 4384 827 4463 proximus,
840 4386 870 4445 in
892 4387 990 4492 primis
1013 4389 1133 4494 quidem
1154 4392 1313 4470 exoptabat
1336 4411 1354 4452 a

250 4468 308 4534 di‘u
330 4470 385 4533 sibi
399 4493 480 4536 nasot
473 4475 596 4547 filium,
613 4476 860 4555 quemadmodum
881 4481 909 4540 ei
926 4492 956 4543 et
973 4483 1034 4546 filia
1051 4483 1135 4564 pueri
1154 4483 1248 4563 hujus
1256 4494 1352 4544 mater
