2967 4950
483 303 527 362 ιιι
549 301 894 364 crasrruournu.
929 374 934 382 ,
1208 307 1246 364 ro

138 459 226 518 vobis
248 459 406 536 impetrata
424 466 455 516 et
473 478 542 518 cum
554 460 720 538 plebiscito,
735 467 890 539 postquam
910 476 1065 536 magnam
1062 458 1177 519 avobis
1189 459 1244 518 ini·
1316 509 1324 532 ,

140 553 237 610 verint
250 550 385 629 gratiam,
398 551 468 609 sed
461 551 517 629 rpsi
532 552 718 610 sibilorrorem
728 551 928 631 praeripientes
943 551 1053 628 absque
1068 551 1186 611 decreto
1196 559 1246 612 ve-

140 654 213 703 stro.
241 644 286 702 Ea
298 661 385 722 porro
399 642 512 702 ratione
524 644 625 716 fiebat,
635 653 669 701 ιιι
683 653 865 722 spectatores
879 652 910 702 at
922 642 1058 703 ludorum
1073 644 1206 738 praefecti
1218 654 1249 704 et

141 735 298 794 histriones
312 735 586 804 interturbarentur,
598 736 648 812 qui
659 747 758 794 autem
771 736 801 794 in
815 737 929 796 theatro
940 717 1213 816 praedicabantur
1185 757 1247 796 ma
1338 763 1343 778 =

136 828 234 906 jorem
245 826 385 887 honorem
397 837 657 908 consequerentur,
671 847 760 905 quam
770 829 788 886 ir
781 827 906 905 'quibus
915 847 1053 888 coronam
1064 826 1183 887 donavit
1193 849 1246 907 po·

140 921 241 999 pulus.
263 919 318 978 His
333 919 409 977 enirn
419 919 504 979 locus
515 929 578 979 erat
587 929 684 979 certus
697 919 885 988 constitutus
898 920 1002 980 concio
1011 921 1154 994 scilicet,
1146 941 1177 979 ιιι
1189 941 1249 1000 qua
1349 973 1351 978 .

141 1022 242 1072 essent
255 1010 427 1081 coronandi,
443 1022 532 1089 atque
545 1011 732 1071 interdictum
743 1021 805 1070 erat
821 1030 859 1069 ne
873 1013 988 1089 uspiam
1003 1013 1069 1071 alibi
1084 1011 1247 1091 proclama·

142 1115 263 1171 reutur;
279 1105 316 1163 de
330 1105 365 1162 iis
380 1123 450 1163 vero
464 1098 561 1162 coram
575 1104 716 1165 universis
729 1104 844 1164 Groecis
856 1103 1138 1182 eratpraedicatumt
1161 1124 1195 1163 ac
1206 1104 1248 1164 illi

139 1194 262 1276 'quidem
276 1217 343 1255 cum
358 1198 489 1267 decreto,
502 1197 586 1255 vobis
607 1196 857 1276 annuentibus‚lhi
876 1205 974 1254 autern
992 1197 1105 1272 absque
1119 1196 1248 1258 decreto.
1268 1267 1271 1275 ¹

107 1335 111 1339 .
145 1287 221 1348 Haec
232 1309 299 1349 cum
313 1289 465 1367 legislator
479 1288 599 1366 quidam
612 1289 877 1360 animadvertisset,
891 1289 987 1366 legem
1002 1297 1086 1364 rogat
1098 1289 1170 1348 nihil
1182 1310 1250 1349 curn

143 1379 213 1459 lege
228 1382 265 1440 de
279 1382 314 1440 iis
333 1382 383 1459 qui
403 1400 423 1440 a
434 1380 544 1458 populo
558 1371 735 1445 coronantur
750 1400 903 1442 commune
919 1380 1086 1450 habentem,
1105 1401 1201 1459 neque
1213 1403 1250 1443 ea

144 1473 288 1551 abrogata
307 1477 380 1548 (noa
400 1471 477 1531 enirn
492 1472 596 1544 concio
611 1473 791 1544 turbabatur,
807 1475 860 1533 sed
875 1473 1041 1545 theatrum),
1065 1491 1161 1550 neque
1175 1475 1249 1554 lege

131 1554 235 1622 ⁴suasa
248 1564 327 1644 prius
346 1563 473 1642 receptis
495 1563 613 1642 legibus
634 1564 757 1625 adversa
771 1569 842 1641 (uon
857 1565 935 1625 enim
950 1565 996 1623 fas
1012 1568 1079 1637 est),
1094 1565 1147 1623 sed
1162 1565 1199 1624 de
1213 1566 1250 1626 iis

142 1645 305 1729 illomtulit,
317 1657 442 1736 quisine
457 1666 556 1716 vestro
566 1658 685 1717 decreto
693 1678 802 1717 corona
813 1659 992 1718 donarentur
1005 1657 1187 1717 atribulibus
1200 1667 1251 1718 aut

117 1786 123 1797 ι
143 1749 347 1828 popularibus,
363 1749 401 1807 de
411 1749 445 1808 iis
458 1737 509 1827 qui
523 1769 622 1811 servos
638 1759 707 1809 suos
722 1750 970 1822 manumitterent,
985 1749 1022 1809 de
1038 1752 1152 1810 coronis
1167 1751 1250 1810 deni-

145 1861 205 1920 que
214 1842 419 1927 hospitalibus.
442 1843 491 1900 Ac
500 1842 609 1900 diserte
619 1851 709 1914 vetat,
721 1863 759 1902 ne
773 1842 836 1920 quis
850 1844 879 1902 in
892 1844 1006 1902 theatro
1017 1861 1134 1901 servum
1146 1863 1249 1902 manu-

144 1935 254 2006 mittat,
265 1954 338 1993 neve
350 1933 388 1991 de
400 1933 435 1992 iis
450 1933 627 2012 praeconium
641 1933 702 2004 fiat,
717 1953 792 2010 quos
807 1935 927 1994 tribules
943 1947 995 1994 aut
1006 1935 1174 2013 populares,
1190 1944 1252 1994 aut

146 2027 214 2086 alii
237 2027 368 2105 quivis
382 2043 492 2085 corona
502 2025 625 2094 donent,
635 2023 743 2101 alioqui
753 2013 873 2082 infamia
883 2028 976 2107 notari
980 2029 1066 2101 jubet
1075 2044 1249 2102 praeconem.

191 2122 238 2182 18.
261 2119 337 2178 Cum
351 2117 439 2195 igitur
451 2117 495 2189 iis,
510 2117 561 2195 qui
582 2136 601 2177 a
621 2127 726 2176 senatu
749 2124 937 2186 coronantur,
960 2116 1069 2174 curiam
1091 2116 1252 2196 designarit

145 2215 177 2271 in
191 2231 250 2289 qua
258 2203 465 2290 praedicentur,
478 2208 513 2267 iis
529 2209 578 2286 qui
592 2228 610 2267 a
623 2209 735 2288 populo
751 2209 933 2279 concionem,
956 2197 1041 2267 de‘iis
1056 2216 1154 2267 autem
1168 2211 1218 2313 qui
1232 2231 1250 2270 a
1291 2259 1294 2268 ,

146 2303 303 2364 tribulibus
316 2311 368 2362 aut
380 2301 568 2380 popularibus
582 2302 759 2360 honestantur
767 2301 948 2407 praeconium
958 2299 1020 2358 fieri
1035 2301 1174 2360 vetuerit
1167 2322 1196 2359 ιιι
1207 2302 1251 2361 lu·

139 2395 332 2475 distragicis,
343 2415 380 2454 ne
394 2394 460 2472 quis
474 2412 599 2452 coronas
614 2404 644 2452 et
656 2395 806 2472 praeconia
819 2403 964 2488 tanquam
977 2393 1079 2471 stipem
1092 2413 1250 2474 corrogans

145 2489 224 2548 salsa
237 2488 403 2547 meritorum
417 2487 496 2546 fama
505 2487 679 2575 perfruatur,
693 2488 817 2547 vetuerit
830 2486 949 2565 insuper
961 2486 992 2545 in
1006 2486 1071 2563 lege
1085 2507 1123 2547 ne
1138 2489 1175 2546 ab
1189 2489 1250 2549 ullo

148 2581 209 2640 alio
225 2581 411 2660 praedicetur,
425 2580 553 2639 exclusis
568 2588 672 2640 senatu
685 2591 716 2639 et
728 2580 841 2667 populo
861 2590 891 2639 et
910 2580 1063 2639 tribulibus
1080 2592 1109 2640 et
1128 2583 1249 2661 popula-

101 2683 104 2688 '
147 2676 248 2733 ribus:
269 2673 353 2733 haec
345 2693 465 2751 mquam
479 2673 529 2731 ubi
549 2672 702 2743 demseris,
716 2673 788 2751 quid
806 2672 948 2751 reliquum
963 2682 1012 2731 est
1026 2684 1134 2752 praeter
1150 2675 1251 2755 hospi-

148 2760 224 2826 tales
245 2765 390 2825 coronas?
412 2768 576 2831 Quaerere
602 2784 620 2824 a
641 2785 688 2825 me
712 2765 781 2837 dici,
796 2786 905 2844 magno
925 2765 1007 2825 vobis
1024 2778 1197 2844 argumento
1216 2789 1253 2827 ex
1275 2784 1286 2799 ⁸

147 2852 221 2937 ipsis
239 2850 413 2937 deprompto
431 2858 546 2936 legibus
560 2859 726 2917 ostendam.
761 2858 862 2937 ipsam
877 2860 952 2916 enim
968 2878 1085 2917 auream
1100 2879 1249 2931 coronam,

139 2961 217 3030 “quea
230 2950 259 3007 ιιι
273 2950 408 3009 theatro'
400 2970 431 3007 ιιι
446 2950 517 3008 urbe
528 2950 739 3028 promulgetur,
751 2948 893 3008 Minervae
903 2968 1015 3007 sacram
1024 2949 1072 3008 lex
1082 2970 1147 3009 esse
1154 2952 1251 3030 jubet,

149 3042 359 3120 ademptam
333 3061 361 3101 er
380 3042 431 3120 qui
444 3051 612 3101 coronatur.
647 3041 803 3099 Enimvero
822 3040 888 3119 quis
902 3049 1031 3099 vestrum
1046 3051 1150 3099 tantae
1159 3042 1252 3101 illibe-

146 3131 270 3194 ralitatis
282 3134 430 3192 damnare
451 3133 528 3192 ausit
548 3132 693 3223 populum
714 3130 947 3217 Atheniensem?
970 3130 1038 3190 Non
1062 3117 1150 3191 modo
1172 3132 1249 3192 enirn

146 3228 263 3296 civitas,
286 3225 339 3285 sed
353 3246 390 3286 ne
403 3226 530 3332 privatus
544 3216 664 3303 quidem
685 3226 839 3303 quisquam
858 3212 918 3283 tam
939 3242 1043 3311 parurn
1062 3234 1141 3283 esset
1163 3245 1253 3303 gene

147 3339 246 3392 rosus,
258 3330 292 3378 ut
294 3338 403 3398 ‚quam
419 3321 481 3399 ipse
495 3319 657 3378 donaverat
665 3336 815 3388 coronam,
831 3317 933 3376 eodem
945 3326 1076 3395 tempore
1087 3319 1254 3397 promulget

148 3404 320 3490 auferatque
334 3422 365 3471 et
377 3411 529 3470 devoveat.
551 3410 612 3468 Sed
627 3429 664 3470 eo
678 3410 810 3468 nimirum
823 3409 902 3487 quod
913 3408 1065 3487 hospitalis
1078 3418 1125 3469 est
1133 3428 1252 3485 corona,

148 3506 237 3565 etiam
257 3505 292 3563 fit
304 3505 496 3577 consecratio,
509 3514 544 3562 ut
557 3522 596 3562 ne
609 3504 692 3583 cujus
706 3504 832 3574 animus,
846 3502 916 3560 dum
935 3501 1059 3561 alienam
1075 3503 1252 3565 benevolen-

147 3598 220 3656 tiam
234 3597 325 3675 pluris
339 3613 428 3675 quarn
441 3596 564 3675 patriam
579 3594 677 3666 faciat,
692 3602 905 3673 corrumpatur.
930 3594 973 3651 At
986 3582 1126 3653 non'eam
1140 3616 1206 3674 quae
1223 3599 1252 3657 in

149 3689 291 3749 concione
310 3689 487 3768 praedicatur
501 3706 638 3747 coronam
653 3686 809 3791 quisquam
823 3695 985 3757 consecrat,
1000 3685 1053 3743 sed
1073 3685 1162 3771 libere
1183 3709 1252 3768 pos·

149 3782 247 3843 sidere
259 3782 342 3854 licet,
352 3790 386 3840 ut
399 3800 459 3840 non
474 3780 499 3839 is
509 3790 623 3839 tantum
635 3780 682 3856 qui
695 3781 811 3857 occepit,
825 3777 1028 3838 verumetiam
1042 3777 1133 3856 ipsius
1144 3784 1255 3860 posteri

149 3865 364 3936 monimentum
384 3873 457 3932 illud
478 3872 557 3931 domi
579 3880 763 3930 asservantes
782 3889 932 3948 nunquam
953 3870 1066 3930 animos
1087 3871 1216 3959 habeant
1235 3896 1254 3935 a

148 3959 263 4062 populo
274 3967 397 4030 alienos.
420 3965 486 4024 Hac
501 3965 589 4024 etiam
602 3964 641 4023 de
653 3982 745 4027 causa
758 3963 916 4041 adscripsit
929 3952 1088 4041 legislator,
1104 3986 1141 4024 ne
1153 3975 1255 4028 extera

150 4078 261 4122 corona
280 4059 311 4117 in
325 4059 440 4119 theatro
454 4077 473 4117 a
485 4075 622 4138 praecone
635 4057 845 4149 promulgetur,
864 4056 920 4115 nisr
912 4056 1059 4136 'populus
1078 4058 1204 4129 sciverit,
1220 4064 1260 4141 ut
1331 4092 1336 4099 ,

151 4172 188 4214 ea
201 4152 314 4219 civitas,
329 4171 402 4230 quoe
408 4156 538 4211 vestrum
553 4150 680 4228 aliquem
694 4168 805 4243 corona
817 4148 928 4209 donare
937 4150 1016 4222 velit,
1023 4148 1125 4207 tnissis
1139 4150 1256 4229 legatis,
1340 4180 1347 4197 .

120 4228 126 4237 ¹
151 4240 183 4305 id
198 4240 339 4323 apopulo
353 4253 446 4324 petat,
465 4240 622 4321 adeoque
613 4262 638 4301 rs
652 4241 689 4300 de
706 4234 766 4328 quo
783 4238 993 4319 praedicetur
979 4242 1118 4320 majorem
1133 4243 1257 4321 gratiam

152 4336 238 4396 vobis
257 4331 376 4407 habeat,
389 4355 478 4413 quam
493 4334 529 4395 iis
543 4335 595 4412 qui
608 4329 745 4393 coronam
769 4333 923 4407 dederunt,
943 4332 1021 4411 quod
1043 4351 1108 4391 eam
1128 4336 1257 4413 promul·

154 4428 217 4507 gari
231 4427 429 4509 permiseritis.
452 4428 497 4485 Ac
511 4426 557 4485 mc
571 4446 640 4486 vera
654 4423 762 4498 dicere,
777 4446 814 4485 ex
828 4426 898 4504 ipsis
912 4425 1027 4501 legibus
1041 4420 1175 4505 accipite.
