2967 4950
241 267 301 325 sao
480 215 484 220 ’
524 217 527 223 ’
578 226 799 327 narsaeus
821 258 1007 325 umorum

241 407 409 477 desemine
421 416 613 492 contendeus,
627 419 725 498 reipsa
736 426 801 487 'ine
814 418 884 481 dote
901 420 1001 501 matris
1017 419 1143 481 handu.
1186 420 1253 501 Ego
1271 442 1340 485 vero

242 508 327 587 inops
342 509 456 569 consilii
474 520 504 569 et
519 530 577 589 quo
590 530 639 571 me
650 520 801 570 verterem.
812 511 959 583 nesciens,
974 512 1016 571 sic
1029 532 1130 573 rursus
1145 514 1250 573 eodem
1259 517 1339 589 judi·

229 594 288 660 vcio
311 600 425 660 actione
445 612 549 668 contra
571 602 767 663 Mantitheum
787 603 923 664 instituta
942 604 981 665 ad
996 623 1048 665 vos
1062 625 1142 665 nunc
1155 624 1234 667 auno
1247 608 1341 667 unde-

220 775 225 780 Ι
242 691 319 753 simi>
332 694 462 773 confugi.
505 696 581 763 Quae
598 704 633 753 ut
650 716 670 756 a
691 714 819 755 merere
834 696 1030 771 dicitcon'stet,
1044 698 1178 777 legentur
1190 700 1273 761 vobis
1287 700 1341 759 lra-

242 805 307 845 rum
321 806 416 845 rerum
430 786 607 846 testimonia.
929 817 932 825 ¹

653 954 931 1015 susurrorem,
972 932 974 939 ’
1049 1008 1055 1014 Δ

244 1097 373 1157 Matrem
391 1097 478 1175 igitur
497 1116 603 1168 meam,
617 1097 749 1169 Judices,
765 1096 877 1156 talento
898 1082 997 1169 allate,
1012 1096 1180 1156 afratribus
1199 1096 1259 1171 spis
1279 1098 1342 1158 ele-¹

242 1199 351 1262 catam,
364 1200 398 1247 ut
410 1189 491 1267 leges
504 1188 620 1268 jubent,
634 1189 709 1267 patri
727 1209 794 1249 meo
809 1187 957 1269 nupsisse;
979 1199 1018 1261 et,
1034 1210 1052 1249 a
1069 1210 1116 1249 me
1130 1191 1245 1251 istosin
1260 1194 1342 1253 aedes

244 1293 377 1360 receptos
402 1281 542 1341 defunctu
563 1280 661 1360 patre;
690 1291 730 1354 et,
753 1302 801 1341 me
823 1283 857 1341 iis
886 1282 1047 1341 actionibus
1071 1302 1139 1343 esse
1162 1284 1342 1356 absolutum,

242 1376 348 1453 quibus
360 1394 407 1433 me
419 1385 608 1433 accusarunt:
629 1374 694 1434 haee
707 1375 804 1434 omnia
818 1398 834 1437 e
848 1374 972 1455 testibus
987 1376 1087 1437 audita
1101 1387 1131 1436 et
1141 1375 1343 1439 demonstrata

242 1460 323 1527 suntss
365 1456 423 1527 'Abi
437 1486 510 1547 cape
523 1466 620 1545 legem
631 1468 716 1527 istam
730 1468 768 1527 de
779 1469 867 1528 dote.v

745 1660 836 1721 LEX.

245 1803 322 1861 Cum
342 1802 433 1881 igitur
455 1803 506 1862 lex
529 1804 569 1863 ita
592 1824 625 1864 se
647 1805 766 1877 habeat,
787 1804 909 1865 arbitror
926 1804 1014 1864 istum
1032 1803 1093 1863 sive
1111 1803 1257 1874 Boeotum,
1281 1804 1343 1867 sire

244 1894 451 1967 Mantitheum,
460 1916 512 1955 seu
521 1914 581 1976 quo
588 1896 645 1957 alio
653 1898 772 1957 nomine
781 1916 813 1959 se
824 1896 964 1976 appellari
974 1896 1094 1975 gaudet,
1101 1896 1211 1975 justam
1220 1897 1342 1974 quidem

243 1986 444 2047 defensionem
458 1999 489 2049 et
500 2009 599 2049 veram
613 1990 770 2049 allaturum
785 1990 906 2060 nullam,
926 1988 1063 2047 daturum
1076 1999 1173 2047 autem
1187 2008 1341 2068 esseope·

243 2098 316 2152 ram,
330 2080 455 2140 audacia
475 2100 530 2140 sua
544 2092 574 2140 et
587 2081 767 2141 confidentia
779 2081 905 2153 fretum,
919 2091 952 2140 ut
975 2100 1044 2139 suas
1069 2079 1249 2141 calamitates
1270 2081 1342 2163 mihi

218 2214 221 2219 «
244 2169 378 2249 imputet,
398 2172 430 2231 id
444 2172 525 2249 quod
547 2173 635 2231 etiam
651 2173 784 2250 privatim
798 2173 895 2232 facere
907 2172 1068 2243 consuevit,
1090 2172 1182 2245 aiens,
1195 2172 1344 2251 Pamphili

242 2261 433 2322 facultatibus
445 2263 614 2340 publicatis,
623 2263 671 2343 qui
682 2274 766 2343 pater
779 2265 836 2323 fuit
845 2264 1016 2343 Plangonis,
1029 2262 1171 2342 reliquam
1185 2265 1344 2342 pecuniam

242 2364 356 2433 patrem
379 2375 476 2413 meum
501 2356 652 2435 accepisse
676 2376 693 2415 e
715 2356 815 2416 curia:
836 2357 926 2421 etita
944 2356 1091 2415 declarare
1112 2355 1232 2421 studens
1255 2376 1341 2417 suam

243 2457 365 2521 matrem
380 2448 488 2508 ,dotem
510 2448 645 2509 attulisse
667 2448 792 2528 amplius
806 2457 924 2508 centum
945 2448 1050 2523 minas,
1065 2466 1160 2507 meam
1182 2450 1245 2508 sine
1270 2450 1342 2510 dote

243 2541 380 2618 nupsisse
398 2541 511 2599 asserit.
553 2541 598 2600 Ea
617 2561 686 2600 vero
707 2551 928 2610 commemorat,
943 2539 1074 2608 Judices,
1097 2531 1192 2618 neque
1211 2541 1358 2626 adducto.
1463 2543 1464 2576 ³

242 2633 304 2691 ullo
317 2633 494 2704 testimonio,
508 2651 603 2712 neque
622 2634 742 2712 ignarus
761 2653 793 2692 se
811 2651 905 2710 nugas
925 2651 1029 2710 agere:
1053 2631 1108 2710 sed
1128 2641 1209 2691 certo
1232 2634 1342 2707 sciens,

153 2753 156 2756 ·
229 2724 293 2802 ¹qui
314 2725 500 2784 confiteretur
518 2745 550 2784 se
570 2726 726 2805 deliquisse
742 2725 820 2804 apud
842 2717 1077 2798 vesabsolutum
1100 2743 1165 2782 esse
1184 2724 1342 2800 neminem,

145 2886 154 2894 „
243 2818 432 2876 mentientem
459 2827 556 2878 autem
579 2828 610 2877 et
630 2818 739 2897 effugia
757 2817 960 2896 quaeritantem
977 2815 1041 2895 jam
1068 2815 1193 2894 aliquem
1219 2817 1341 2896 impune

222 2931 225 2935 ¹
240 2908 358 2970 abiisse.
401 2911 447 2969 Ne
462 2928 531 2970 vero
544 2912 581 2970 ab
595 2929 631 2970 eo
645 2907 840 2990 decipiamini,
855 2908 1019 2970 consultius
1033 2907 1104 2967 mihi
1116 2907 1231 2968 videtur
1243 2917 1342 2990 pauca

241 2999 352 3062 de'ista
365 3023 395 3063 re
408 3003 487 3082 apud
501 3023 553 3062 vos
568 3002 675 3061 dicere.

283 3098 313 3154 3.
337 3096 395 3155 Ubi
417 3097 493 3154 enim
508 3096 621 3166 dixerit,
635 3103 756 3152 matrem
776 3111 871 3152 meam
893 3112 955 3152 non
973 3090 1108 3152 attulisse
1120 3092 1239 3166 dotem,
1254 3113 1340 3154 suam

105 3191 119 3212 “’
202 3194 219 3227 s
241 3207 311 3246 vero
325 3188 465 3259 attulisse,
480 3182 718 3248 animadvertetis
739 3181 807 3244 eum
834 3186 931 3264 palam
944 3185 1082 3244 mentiri.
1099 3185 1247 3246 Primum
1261 3189 1341 3249 enim

242 3280 424 3357 Pamphilus,
438 3289 522 3358 pater
538 3279 639 3340 matris
657 3298 768 3351 eorum,
781 3277 910 3356 quinque
926 3277 1044 3336 talentis
1061 3277 1170 3336 aerario*
1181 3279 1340 3344 obstrictus

173 3400 175 3403 ·
239 3373 326 3432 obiit:
347 3381 519 3450 tantumque
540 3372 634 3431 abfuit
649 3381 683 3430 ut
695 3372 855 3448 quicquam
873 3371 936 3449 ejus
947 3368 1067 3438 liberis,
1082 3369 1235 3448 descriptis
1262 3371 1340 3431 illius

239 3464 345 3544 opibus
359 3474 389 3522 et
400 3463 568 3543 publicatis,
584 3463 771 3545 superfuerit,
785 3473 885 3523 utnec
900 3461 1030 3521 debitum
1042 3461 1112 3540 ¹ejus
1128 3479 1213 3520 omne
1235 3462 1341 3522 sitso·

240 3557 344 3628 lutum,
360 3556 514 3628 sedetiam
534 3574 613 3615 nunc
634 3555 806 3634 Pamphilus
819 3564 855 3613 ut
867 3553 985 3613 aerarius
1007 3553 1045 3611 sit
1068 3553 1241 3632 inscriptus..
1281 3556 1340 3623 Qui

240 3644 336 3730 potuit
346 3650 435 3728 igitur
444 3649 506 3708 fieri
517 3659 551 3708 ut
563 3657 648 3728 pater
659 3667 743 3707 meus
755 3668 772 3707 a
783 3647 928 3726 Pamphili
939 3646 1044 3724 opibus
1058 3645 1168 3723 aliquid
1182 3632 1340 3726 acceperit,

238 3762 306 3820 quae
320 3743 460 3801 mulctam
474 3742 588 3802 solvere
600 3736 711 3801 ¹civitati
724 3759 784 3800 uon
799 3739 979 3820 potueruntl
990 3763 993 3770 ¹
1003 3739 1119 3798 Deinde
1132 3739 1270 3817 cogitate,
1285 3741 1306 3799 J
1307 3761 1339 3806 u.-
1379 3731 1384 3736 ’

239 3834 332 3907 dices,
348 3836 373 3894 si
397 3835 443 3895 vel
456 3835 582 3894 maxime
605 3834 795 3913 superfuisset
812 3832 1056 3912 pecunia5quam
1073 3831 1124 3890 ,isti
1143 3830 1256 3901 dicunt,
1275 3853 1339 3894 eam

236 3946 297 3985 non
309 3946 406 3986 meum
419 3922 532 4006 patrem
546 3927 638 3986 fuisse
652 3935 851 4005 accepturum,
867 3925 920 3985 sed
931 3921 1337 4002 Pamphilirfilios‚·Boe0tum,

239 4017 398 4098 Hedylum‚
409 4028 439 4078 et
449 4012 680 4096 Eutlrydemum‚
690 4017 739 4098 qni
747 4037 818 4076 *cum
827 4019 945 4096 propter
952 4015 1055 4075 aliena
1065 4013 1337 4094 capienda'quidvis

236 4112 359 4190 egerint,
375 4121 451 4170 utet
466 4126 516 4173 vas
530 4129 630 4185 omnes
643 4111 746 4180 nostis,
757 4110 921 4186 suantique
932 4109 1009 4187 patri
1022 4126 1088 4167 meo
1101 4125 1160 4166 nou
1173 4097 1339 4169 concessis-

236 4216 313 4262 sent.
335 4240 341 4244 -
1271 4249 1274 4256 »

276 4295 307 4352 4.
332 4296 379 4352 Ae
400 4306 523 4352 matrem
545 4292 667 4352 istorum
690 4313 750 4353 nou
775 4293 912 4352 attulisse
926 4293 1035 4368 dotem,
1049 4293 1102 4352 sed
1119 4291 1197 4352 istos.
1206 4291 1336 4368 mentiri,

236 4386 374 4452 satietas
391 4385 567 4464 cognovisse
585 4382 735 4447 existimo:
763 4405 858 4446 meam
872 4389 970 4446 autern
986 4393 1110 4446 matrem
1132 4385 1336 4472 attulissefs·
