2967 4950
440 316 660 382 ADVERSUS
682 319 992 388 PANJ’AENETUM.
1194 335 1260 428 *⁵61

153 467 377 530 continebatur.
401 471 457 533 His
469 476 542 535 actis
548 475 706 540 Februario
714 497 816 541 mense
823 479 949 562 praetore
955 485 1258 567 theophiloegosu)

156 558 209 616 tim
221 559 549 644 inPoutumprofectus
564 587 641 641 sum,
649 569 706 630 iste
719 581 751 632 et
761 573 896 654 Erergus
908 575 956 636 hic
964 577 1094 638 fuerunt.
1117 576 1177 646 Qui
1187 581 1277 660 quid⁴

154 650 237 711 inter
250 673 283 712 se
297 655 410 734 egerint
422 677 469 717 me
480 659 614 734 absente,
627 662 724 723 dicere
734 684 795 724 non
804 685 941 746 possum:
962 672 1144 748 nequeenim
1157 673 1261 742 eodem
1357 691 1361 704 “

153 741 271 816 dicunt,
285 765 381 826 neque
396 767 510 829 semper
520 752 624 812 eudem
637 754 692 815 iste
706 757 835 835 quidem.
870 759 952 820 Alias
965 763 1043 821 enim
1056 765 1208 824 usseritse
1221 766 1260 826 ab
1371 818 1380 829 ,

151 833 206 894 ino
215 847 322 897 contra
334 851 423 918 pects
435 834 503 904 esse
513 843 659 905 locatione
672 847 854 921 ui'ercrsum,
864 850 938 912 alias
951 871 1019 912 eum
1029 853 1060 912 in
1069 873 1159 917 causa
1168 855 1259 916 fuisso

152 927 233 985 utin
246 929 398 1006 publicum
410 932 473 1010 ipse
486 933 700 1010 inscriberetur,
715 937 788 998 alias
801 933 950 1020 quippiam
965 944 1046 1004 aliud
1059 947 1142 1024 quod
1155 945 1257 1010 libuit:
1278 978 1281 985 ·

152 1017 206 1077 ille
226 1029 326 1080 autem
347 1023 518 1102 simpliciter
538 1046 581 1099 se,
595 1047 650 1088 nec
668 1030 766 1090 usuris
779 1031 913 1105 redditis,
926 1055 983 1096 nec
999 1037 1058 1096 alia
1071 1058 1103 1098 re
1116 1038 1178 1098 ulls
1189 1058 1257 1117 quc

152 1113 250 1190 pactis
259 1112 460 1176 contineretur
472 1120 509 1178 eh
523 1119 583 1179 isto
591 1121 731 1198 prmstite,
739 1125 913 1186 convenisse
924 1147 991 1187 eum
1003 1138 1036 1188 et
1046 1131 1085 1189 ab
1094 1149 1131 1190 eo
1139 1130 1257 1192 volente

153 1221 244 1263 suum
257 1197 415 1284 recepisse,
429 1219 497 1288 post
510 1209 575 1271 haec
589 1221 687 1272 autem
701 1214 864 1294 digressum
877 1217 968 1278 istum
981 1221 1093 1294 redisse
1105 1212 1256 1284 adducen-

152 1303 213 1354 tem
226 1298 372 1374 qnosdam
387 1299 437 1378 qui
450 1303 679 1364 controversiam
693 1305 855 1382 moverent,
868 1329 901 1369 se
914 1308 980 1370 illos
994 1331 1055 1372 non
1070 1324 1257 1392 persecutum

147 1403 232 1459 esse,
246 1404 342 1466 neque
356 1389 444 1449 istum
460 1393 642 1471 prohibuisse
656 1413 715 1475 qno
729 1398 826 1459 minus
843 1410 959 1462 teneret
975 1421 1042 1482 qum
1065 1405 1255 1480 conduxerat,

151 1475 245 1536 modo
256 1477 346 1540 fidem
360 1493 500 1544 servaret.
529 1485 576 1554 Ex
587 1485 632 1545 his
647 1487 735 1564 igitur
748 1509 805 1569 ego
818 1491 893 1552 tales
905 1494 1053 1556 orationes
1066 1496 1164 1556 ando.
1193 1498 1255 1558 Sed

151 1563 225 1628 illud
242 1571 383 1644 scio,sive
396 1573 453 1634 iste
466 1593 537 1636 vera
547 1576 630 1650 dicit,
638 1589 670 1638 et
682 1579 787 1660 injuria
801 1583 924 1644 affectos
934 1595 1023 1646 estut
1031 1587 1255 1669 uitobhivergo,

152 1680 257 1740 poenas
274 1683 341 1723 eum
356 1667 526 1746 sumpsisse,
545 1679 672 1750 quantas
686 1670 890 1736 voluit—uicit
901 1679 981 1737 enim
993 1680 1077 1740 robis
1094 1681 1253 1759 judicanti·
1273 1739 1276 1743 Α

151 1755 260 1828 bns--,
275 1776 371 1836 neque
385 1758 516 1836 profecto
524 1762 643 1840 aequum
659 1783 726 1826 esse
736 1777 771 1824 ut
783 1778 814 1826 et
827 1769 865 1827 ab
874 1777 999 1840 ,auctore
1019 1771 1132 1850 iujuriae
1150 1794 1252 1853 peenas

152 1857 250 1906 sumat
265 1859 296 1908 et
314 1869 332 1908 a
351 1869 398 1908 me
417 1849 467 1927 qui
489 1871 612 1932 peregre
627 1857 784 1918 abfuerim:
806 1858 867 1918 sive
882 1860 1024 1940 Evergus,
1039 1863 1118 1924 huuc
1133 1868 1252 1945 quidem

150 1938 402 2020 circumscriptum
415 1959 480 2003 esse
493 1962 545 2022 per
556 1945 742 2022 calumniam,
754 1968 802 2009 me
812 1969 881 2010 vero
893 1970 929 2010 oe
939 1953 981 2011 sic
992 1953 1110 2032 quidem
1119 1958 1252 2036 ejusdem

150 2031 279 2091 criminis
290 2033 359 2112 jure
373 2029 515 2094 accusari.
559 2038 600 2096 Ut
613 2038 701 2119 igitur
714 2041 780 2103 haec
794 2042 920 2121 primum
933 2064 952 2104 a
964 2063 1011 2104 me
1026 2064 1094 2106 vere
1108 2047 1165 2109 dici
1179 2069 1250 2114 cuu·
1330 2056 1343 2074 '

150 2132 218 2198 stet,
229 2122 335 2186 horum
349 2134 440 2186 testes
453 2126 492 2188 ad
507 2147 559 2192 rus
573 2131 746 2210 producam.
1149 2150 1155 2154 '

619 2347 783 2411 TESTES.

149 2486 251 2547 Fuisse
266 2488 356 2568 igitur
369 2499 399 2549 et
412 2490 594 2550 venditorem
618 2493 701 2551 nobis
721 2490 941 2571 possessionum
955 2511 1035 2564 eum,
1056 2495 1108 2572 qui
1125 2494 1191 2576 ipse
1212 2500 1267 2557 ab,

149 2578 228 2641 initio
251 2592 373 2654 emerat,
387 2594 467 2645 etex
488 2593 574 2661 pacto
594 2586 684 2642 istum
705 2583 883 2652 conduxisse
905 2593 1033 2643 nostram
1054 2586 1201 2647 officinam
1217 2598 1249 2648 ct

148 2672 307 2753 mancipia,
321 2685 352 2733 et
365 2694 411 2733 me
432 2674 467 2733 iis
486 2694 551 2753 quse
570 2674 624 2734 iste
643 2685 746 2754 postea
759 2695 827 2734 cum
843 2675 960 2754 Evergo
972 2676 1034 2754 egit
1049 2698 1144 2756 neque
1158 2680 1249 2741 inter-

147 2764 235 2823 fuisse
250 2784 347 2843 neque
370 2766 461 2825 fuisse
484 2763 563 2825 domi
586 2766 714 2838 omnino,
729 2777 760 2825 et
781 2766 862 2825 iilum
886 2767 915 2825 in
934 2768 986 2847 jus
1006 2780 1143 2830 vocatum
1157 2782 1248 2832 etme

147 2854 257 2914 nullius
270 2876 399 2935 unquam
414 2856 543 2917 criminis
563 2859 600 2917 ab
619 2858 676 2918 isto
698 2876 780 2917 reum
805 2868 871 2917 esse
887 2857 1011 2931 factum,
1025 2878 1042 2920 e
1055 2862 1180 2923 testibus
1194 2883 1246 2925 au·
1270 2922 1274 2927 .

148 2946 224 3019 ditis,
239 2947 375 3007 Judices.

185 3042 213 3100 3.
236 3039 385 3101 Reversus
398 3040 486 3121 igitur
505 3042 618 3103 amissis
639 3042 699 3103 fere
718 3063 785 3122 qure
803 3063 919 3104 mecum
931 3064 1086 3105 erexeram
1100 3050 1246 3123 omnibus,

146 3152 234 3209 quum
255 3142 286 3193 et
305 3132 434 3193 audirem
456 3133 545 3193 istum
564 3134 727 3195 deseruisse
750 3128 909 3209 officinam,
923 3148 953 3195 et
971 3137 1117 3215 Erergum
1137 3139 1246 3199 hahere
1312 3176 1316 3181 -

145 3235 175 3285 et
194 3234 295 3286 tencre
314 3247 382 3305 quse
410 3246 572 3287 emeramus
598 3228 737 3300 viderem,
759 3228 864 3287 mirum
891 3228 921 3287 in
943 3228 1064 3289 modum
1093 3230 1185 3308 dolui,
1211 3244 1263 3292 ut.

144 3318 194 3395 qui
208 3337 246 3378 eo
259 3337 307 3382 me
326 3316 484 3377 redactumx
495 3330 644 3379 cernerem
666 3328 698 3377 ut
713 3338 773 3397 quo
792 3338 840 3378 me
858 3330 1000 3381 verterem
1016 3320 1172 3382 nescirem:
1194 3333 1246 3383 aut

144 3408 220 3467 enim
241 3409 353 3469 socium
374 3430 438 3469 esse
462 3430 509 3471 me
533 3412 688 3491 oportebat·
707 3412 822 3490 Evergo
843 3421 980 3489 quaestus
999 3424 1030 3472 et
1052 3415 1245 3490 curationum,

143 3513 195 3562 aut
207 3503 370 3563 debitorem
388 3502 471 3563 istius
487 3503 553 3565 loco
575 3506 721 3583 Evergum
738 3505 857 3576 habere,
871 3515 988 3579 etcum
1006 3525 1041 3564 eo
1055 3506 1153 3566 denuo
1172 3526 1244 3567 con·

143 3594 270 3654 scribere
288 3595 475 3668 locationem,
499 3608 530 3663 et
550 3597 732 3669 contrahere.
780 3596 915 3664 Quorum
936 3597 1244 3681 mihi-neutrumerat

141 3686 172 3744 in
191 3686 308 3749 aniruo:
329 3686 395 3747 hsec
410 3696 509 3759 autem
523 3707 590 3766 quae
605 3688 665 3747 dixi
686 3687 810 3748 moleste
828 3686 936 3768 ferens,
949 3688 1138 3769 conspicatus
1153 3689 1243 3749 Mne·

142 3776 242 3839 siclem
262 3778 311 3857 qui
332 3796 430 3837 earum
452 3780 547 3837 reruiu
561 3778 696 3839 venditor
714 3779 799 3837 nobis
814 3778 919 3850 iuerat,
936 3798 1004 3838 cum
1017 3798 1061 3839 -eo
1073 3781 1243 3860 expostula-

141 3869 218 3942 ham,
232 3869 312 3948 quod
333 3852 424 3937 talem,
437 3868 509 3935 mihi
528 3868 676 3928 hominem
695 3868 894 3940 conciliasset,
911 3880 942 3927 et
960 3888 1013 3928 cur
1032 3871 1153 3949 quidem
1171 3882 1260 3934 con-'1

143 3962 312 4021 troversiam
336 3974 496 4033 moverent,
519 3960 660 4038 quidnam
677 3960 707 4020 id
726 3962 767 4021 rei
788 3972 880 4031 esset,
902 3960 1127 4041 interregobum.
1169 3965 1242 4035 Qui·
1272 4024 1275 4029 ,

142 4053 195 4113 hus
219 4053 269 4113 ille
298 4052 407 4113 auditis
429 4052 586 4127 'deridebat
615 4072 669 4113 eos
697 4056 748 4133 qui
775 4054 833 4113 hoc
862 4053 1012 4116 facerent:
1040 4076 1115 4136 qnos
1140 4068 1242 4118 tamen

141 4145 281 4225 congredi
303 4146 379 4205 velle
405 4145 566 4218 nobiscum,
589 4144 676 4224 idque
700 4156 734 4206 ut
754 4146 839 4205 fieret
863 4165 895 4207 se
919 4157 1087 4208 curaturum
1112 4148 1240 4221 dicebat,
1337 4186 1341 4191 -

141 4248 171 4297 et
193 4238 370 4299 moniturum
392 4237 480 4300 istum
504 4248 537 4300 ut
559 4236 640 4313 mihi,
655 4247 810 4317 praestaret
831 4257 919 4317 nequa
936 4241 1044 4313 omnia,
1063 4250 1095 4299 et
1114 4260 1241 4319 persua·

118 4328 230 4407 ‚dandi
251 4349 334 4408 spem
352 4328 468 4388 habere.
511 4329 552 4387 Ut
576 4327 728 4406 congressi
747 4349 859 4401 sumus,
874 4328 1064 4409 quidmuitis
1079 4342 1124 4409 est
1137 4334 1239 4415 'opunti
1319 4395 1321 4400 ,
1386 4425 1391 4433 x

647 4423 714 4507 ¹dc
