2967 4950
358 362 402 425 IN
423 363 629 424 EVERGUM
651 362 701 423 ET
722 362 1010 426 MNESIBULUM.
1168 367 1227 427 659

123 520 252 581 strictos
267 520 456 599 magistratus
477 538 499 593 ¹a
518 520 614 599 priore
631 522 801 601 magistratu
818 522 990 601 accepisset,
1006 520 1227 583 nobaoosuem

121 612 254 673 tradidit
276 622 310 671 nt
332 621 362 671 et
379 611 426 671 lex
445 619 475 672 et
485 612 605 687 decreta
618 613 812 674 mandabant.
855 614 915 675 Eos
927 614 1014 693 igitur
1022 613 1097 676 mihi
1108 620 1232 675 necesse

122 704 183 764 tuit
206 705 359 784 accipere,
380 723 447 763 narn
465 723 532 765 eum
555 707 750 785 superioribus
769 707 947 785 temporibus
968 707 1076 765 multas
1099 707 1228 769 triremes

121 796 215 861 ¹robis
229 796 429 865 instruxerim,
444 816 590 875 nunquam
609 819 625 857 e
646 799 741 856 navali
761 809 940 858 armamenta
958 800 1079 877 sumpsi,
1092 800 1145 859 sed
1165 801 1229 879 ipse

122 890 268 969 privatim
294 889 409 966 quoties
427 908 499 967 opus
521 890 577 949 fuit
603 891 824 970 compararint
843 912 909 950 eum
933 895 1043 972 repub.¹
1055 893 1125 951 mihi
1139 914 1229 971 quam

124 983 288 1042 minimum
300 982 408 1059 negotii
421 992 517 1042 esset:
548 994 609 1041 tum
627 1002 696 1043 vero
718 992 750 1042 et
769 984 894 1043 decretis
915 994 946 1043 et
967 985 1081 1063 legibus
1095 988 1228 1065 accipere

125 1076 275 1153 cogebar.
316 1075 356 1133 Ut
376 1084 470 1133 autem
494 1075 558 1135 hoec
572 1095 590 1136 a
603 1094 649 1133 me
663 1095 730 1134 vere
749 1076 807 1144 dici
820 1085 946 1144 constet,
961 1087 991 1136 et
1013 1088 1104 1137 testes
1124 1078 1227 1137 horum

126 1166 229 1238 vobis,
243 1176 274 1225 et
285 1166 432 1226 decretum
444 1178 474 1225 et
485 1167 592 1246 legem,
606 1168 768 1227 exhibebo:
790 1168 905 1238 deiude,
919 1170 1121 1247 magistratum
1131 1170 1228 1250 ipsum

126 1258 182 1335 qui
204 1269 235 1320 et
255 1278 321 1318 eam
336 1258 404 1318 mihi
417 1254 594 1337 proririciam
608 1258 727 1318 tradidit
740 1271 772 1319 et
784 1278 838 1319 nos
858 1259 888 1317 in
897 1259 1041 1335 judicium
1053 1261 1228 1322 introduxit:

126 1350 252 1425 deinde,
267 1349 371 1410 classis
395 1351 457 1430 ejus
472 1359 631 1422 consortes,
646 1356 729 1427 cujus
748 1371 804 1431 ego
823 1361 940 1413 curator
960 1361 992 1412 et
1004 1352 1160 1430 proiectus
1174 1354 1226 1413 sni.

128 1442 220 1523 Lege.

318 1662 410 1725 LEX.
437 1660 697 1725 'DECRETUM
738 1662 1042 1724 TESTIMONIUM.

129 1808 208 1869 Mihi
222 1808 313 1887 igitur
327 1807 445 1868 omnino
458 1824 579 1869 necesse
592 1805 680 1867 fuisse
695 1803 843 1883 suscipere
865 1824 917 1865 eos
937 1807 988 1885 qui
1005 1806 1115 1886 reipub.
1137 1807 1229 1869 debe·

128 1904 217 1975 bant,
228 1911 261 1961 et
274 1920 291 1960 e
304 1901 371 1978 iege
384 1900 579 1960 anditir·ete
602 1897 748 1958 decretis:
777 1916 823 1957 me
843 1896 931 1957 etiam
950 1898 1099 1977 accepisse
1121 1898 1188 1961 iilos
1210 1920 1231 1961 a

128 1995 320 2073 magistratu,
335 1994 360 2052 is
374 1994 423 2072 qui
438 2012 488 2053 eos
499 1990 568 2051 mihi
578 1989 696 2051 tradidit
709 1989 881 2050 testificatus
893 1999 947 2049 est.
1197 2058 1201 2063 ,

173 2091 204 2147 8.
226 2086 354 2147 Proinde
374 2105 428 2165 par
448 2095 502 2157 est,
516 2084 648 2156 Judices,
665 2093 696 2141 ut
714 2102 767 2142 voa
786 2084 822 2142 ab
844 2082 927 2142 initio
950 2082 1232 2163 considerabamus

129 2200 226 2251 mum,
241 2199 335 2258 egone
349 2178 578 2258 injuriurfuerim
592 2177 642 2257 qui
651 2178 777 2256 cogebar
791 2195 861 2236 vasa
873 2176 992 2253 exigere
1002 2196 1020 2235 a
1030 2178 1228 2257 Theophemo',

130 2294 170 2333 an
190 2272 411 2352 Theophemus,
425 2271 475 2349 qui
488 2280 667 2329 armamenta
681 2268 795 2347 reipub.
806 2269 897 2347 longo
910 2279 1041 2347 tempore
1056 2270 1155 2339 debita
1167 2292 1229 2334 non

128 2366 285 2427 reddebat.
320 2363 407 2432 Quod
430 2365 454 2423 si
474 2363 590 2441 singula
604 2362 783 2439 spectabitis,
796 2372 827 2421 et
848 2361 1071 2441 Theophemum
1091 2364 1121 2421 in
1134 2367 1230 2428 omni.

128 2460 189 2520 bus
205 2456 342 2538 injurium
353 2456 453 2526 fuisse,
464 2465 494 2516 et
508 2455 572 2515 hese
584 2475 642 2514 non
657 2474 733 2514 ame
745 2453 841 2514 solum
850 2454 943 2513 verbis
961 2454 1116 2534 explicata,
1131 2458 1185 2518 sed
1198 2469 1230 2522 et

130 2563 256 2614 senatus
269 2561 301 2610 et
310 2550 413 2629 judicii
426 2547 564 2627 suffragio
578 2548 697 2608 decreta
709 2567 775 2606 esse
788 2546 945 2626 reperietis.
981 2547 1057 2606 Cum
1070 2550 1147 2610 euim
1160 2571 1229 2613 eum

130 2667 151 2708 a
168 2645 343 2724 magistratu
365 2643 552 2721 accepissem,
567 2643 686 2714 accessi,
706 2649 736 2700 et
754 2639 876 2718 primum
891 2659 961 2700 rasa
983 2642 1146 2718 postulari:
1168 2663 1228 2724 quo

130 2739 228 2810 facto,
249 2755 316 2797 cunt
331 2736 380 2795 ille
401 2735 472 2794 nihii
496 2735 640 2806 redderet,
656 2733 782 2811 mihique
800 2742 903 2812 postea
917 2752 1008 2812 prope
1022 2734 1228 2798 Mercurialem

131 2841 264 2892 statuam
276 2847 342 2908 qum
355 2828 393 2888 ad
407 2826 556 2888 Portularo
571 2838 618 2887 est
631 2826 814 2898 occurrisset,
829 2845 895 2885 eum
906 2825 944 2885 od
957 2825 1061 2885 classis
1071 2829 1227 2905 praefectos

131 2933 165 2982 et
178 2922 220 2982 ad
233 2919 379 2981 navalium
393 2929 541 2978 curatores
556 2918 605 2996 qni
626 2927 687 2976 tum
706 2915 934 2996 disceptationes
948 2916 986 2976 de
1000 2920 1185 2978 armamentis
1198 2920 1227 2977 irr

126 3014 277 3097 judicium
290 3011 513 3071 introducebant
526 3010 624 3070 citavi.
666 3009 707 3068 Ut
727 3019 824 3068 autem
847 3028 894 3069 me
905 3027 976 3069 vera
992 3008 1090 3070 dicere
1102 3020 1232 3082 constet,

131 3109 244 3168 horum
256 3105 336 3166 robis
350 3113 441 3165 testes
451 3104 575 3164 uiatores
589 3101 760 3183 producam.

602 3330 761 3390 rusum.
877 3284 880 3291 ’

133 3480 213 3539 Eum
231 3477 319 3558 igitur
341 3495 360 3536 a
378 3496 426 3536 me
443 3476 534 3535 fuisse
553 3474 685 3546 citatum,
708 3473 835 3533 viatores
854 3471 1002 3532 testificati
1023 3482 1111 3533 sunt:
1140 3482 1227 3553 atque

133 3574 224 3634 etiam
242 3572 273 3630 in
292 3570 433 3651 judicium
449 3589 513 3630 esse
535 3567 744 3641 introductum,
758 3566 862 3631 elassis
875 3568 1079 3647 praefectorum
1092 3575 1123 3627 et
1135 3569 1227 3648 magi-

135 3674 245 3727 stratus
258 3662 452 3726 testimonium
465 3662 600 3722 ostendit.

529 3878 833 3942 TESTIMONIUM.

177 4030 207 4087 9.
229 4028 324 4095 Quem
336 4024 423 4104 igitur
437 4023 506 4082 mihi
521 4022 639 4101 negotia
652 4022 856 4082 facessitururn
865 4023 1004 4100 putabam
1015 4021 1233 4095 Democharem
1344 4053 1347 4061 ,

135 4121 352 4190 Pmaniensero,
371 4117 405 4188 is,
425 4117 592 4196 priusquam
605 4115 634 4172 in
644 4112 787 4194 judicium
800 4113 1041 4184 introduceretur,
1057 4133 1127 4174 sane
1140 4113 1232 4172 mole·

135 4224 200 4274 stus
222 4211 290 4271 suit:
312 4219 467 4289 postquam
489 4226 557 4268 vero
581 4206 819 4266 introductus-et
843 4206 996 4280 damnatus
1017 4206 1084 4278 fuit,
1104 4200 1232 4264 reddidit

135 4325 221 4366 suam
243 4297 494 4364 armamentorum
508 4309 629 4379 partem.
651 4375 652 4380 η
671 4299 767 4363 Quem
788 4318 855 4358 vero
869 4317 1019 4378 nunquam
1040 4316 1075 4355 eo
1093 4296 1230 4373 improbi-

134 4397 206 4458 tatis
221 4403 375 4455 venturum
392 4393 541 4470 putabam,
555 4401 589 4449 ut
601 4389 788 4449 armamentis
801 4388 936 4450 fraudare
953 4408 1044 4464 remp.
1060 4385 1190 4460 auderet,
1204 4387 1231 4446 is

134 4509 173 4550 eo
186 4507 280 4566 usque
290 4482 523 4556 contentionibus
535 4492 566 4544 et
575 4482 777 4546 vexationibus
786 4481 943 4561 processit:
959 4499 1026 4540 nam
1037 4498 1104 4540 cum
1113 4479 1233 4554 adesset
1333 4514 1335 4521 ·
