2967 4950
487 764 949 917 murcomannus*
1023 893 1027 898 ,
1093 827 1095 830 ·

348 995 1038 1153 nxotsnrn'coucnouom.
1083 1010 1086 1013 ’

686 1394 711 1453 Ι.

190 1510 231 1569 Sn
244 1498 283 1569 de
304 1526 380 1569 novo
393 1507 528 1587 quopiam
550 1510 671 1587 negotio
688 1510 799 1571 indicta
815 1512 1026 1585 conciossset,
1037 1510 1240 1584 Athenienses,

143 1602 361 1689 continuissem
375 1620 421 1661 me
432 1601 503 1661 dum
516 1600 643 1663 maxima
655 1621 723 1681 pars
732 1622 831 1664 eomm
841 1606 892 1687 qni
903 1605 974 1665 dare
982 1603 1134 1665 consilium
1144 1604 1242 1666 solent
1256 1609 1259 1613 ’

143 1694 313 1755 sententias
327 1696 456 1770 dixisset,
471 1713 593 1776 quorum
608 1696 632 1754 si
644 1715 711 1774 quae
724 1696 851 1757 rationes
866 1694 939 1757 mibi
956 1698 1146 1778 placuissent,
1158 1697 1241 1777 quie·

86 1834 105 1860 κ
144 1786 279 1847 vissero:
300 1788 345 1847 sin
364 1791 471 1862 minus,
482 1800 544 1850 tum
559 1784 592 1851 et
609 1789 672 1870 ipse
687 1809 753 1868 qum
764 1786 862 1851 sentio
876 1791 975 1851 dicere
991 1801 1118 1873 conatus,
1135 1787 1257 1852 essem.'‘

86 1875 89 1881 '
145 1876 211 1937 Sed
225 1870 306 1957 puis,
319 1881 423 1958 quibus
438 1883 474 1943 de
487 1876 585 1943 rebus¹
596 1880 643 1942 isti
661 1880 740 1961 siepe
755 1881 850 1943 'antea
869 1885 960 1943 verba
979 1882 1121 1955 lecerunt,
1133 1882 1171 1943 de
1184 1882 1239 1943 illis
1254 1884 1258 1890 '

144 1989 230 2031 nunc
252 1964 426 2048 deliberetis,
447 1973 569 2035 arbitror
594 1972 796 2053 nequeuntis
818 1974 1136 2054 primus'surrexcrim,
1153 1992 1241 2052 posse

143 2072 250 2123 tamen
264 2063 355 2125 videri
373 2068 473 2127 merito
493 2067 590 2127 dicere
607 2076 675 2146 post
690 2066 773 2127 istos.
815 2067 903 2135 Quod
926 2066 952 2127 si
971 2066 1128 2145 preclarus
1145 2078 1241 2124 rerum

145 2166 247 2217 status
263 2167 351 2231 esset,
376 2160 551 2233 consultare,
569 2178 815 2240 supervacaneum
837 2159 930 2221 foret:
952 2179 1109 2232 cumvero,
1122 2168 1155 2217 ut
1175 2156 1242 2218 uni·

144 2249 353 2323 verri'videtis,
365 2238 487 2313 mullum
509 2253 547 2313 in'
563 2252 605 2313 eis
629 2242 807 2313 difficultatis
828 2246 906 2323 insit,
921 2263 956 2313 ut
974 2251 1037 2332 ipsa
1058 2248 1241 2331 negotiumm

146 2342 283 2403 conditio
296 2345 414 2423 petitur,
430 2346 472 2405 sic
496 2345 566 2406 dare
584 2344 738 2405 consilium
760 2340 931 2424 quod'mibi
950 2328 1252 2406 rectissimum'vide·'

141 2422 379 2512 *bi'tdrconabon
420 2437 547 2498 Primum
570 2436 658 2517 igitur
680 2436 752 2498 illud
773 2438 959 2523 statuendum
969 2446 1025 2508 est,
1045 2437 1116 2497 nihil
1130 2455 1241 2509 eorum,

146 2539 224 2608 quae‘
236 2530 316 2590 bello
338 2531 467 2610 gerendo
484 2531 619 2619 occupati
633 2526 818 2613 factitabatis,
832 2531 971 2610 deinceps
984 2530 1067 2590 vobis
1082 2524 1159 2590 esse
1168 2529 1241 2589 faci·
1257 2521 1260 2526 ⁸

146 2621 270 2692 endum,
284 2623 336 2682 sed
361 2622 459 2684 omnia
481 2622 623 2683 contraria
645 2623 759 2702 potius:
781 2643 849 2683 nam
871 2617 1058 2683 si'illa'ratio
1079 2622 1241 2704 perniciose

143 2713 217 2784 fuit,
231 2705 465 2776 consentancum
484 2717 532 2776 est'
551 2715 694 2776 diversam
716 2715 780 2775 fore
795 2709 967 2776 'meliorem'
1005 2715 1119 2777 Deinde
1140 2715 1240 2776 existi-

146 2795 290 2864 mandum
304 2815 358 2876 est,
373 2799 432 2866 non
447 2825 524 2878 eum,
539 2807 590 2885 qui
603 2801 684 2868 vebis
697 2816 748 2868 aut
757 2804 829 2866 nihil
839 2817 892 2868 aut
904 2807 1152 2888 exigue'mandea
1162 2816 1240 2868 recte
1263 2866 1267 2874 ,

146 2895 391 2958 dicere-videtis
404 2898 492 2972 enim,
505 2900 575 2958 dum
589 2899 663 2960 tales
679 2918 745 2980 spes
758 2897 789 2959 'et
802 2897 946 2961 orst'iones
955 2901 1061 2980 cupide
1073 2890 1241 2974 audiuntur,
1272 2920 1275 2925 ·

147 2987 180 3046 in
194 3007 339 3048 summum
354 2989 507 3051 discrimen
528 2989 644 3050 venisse
664 2991 923 3070 rempublicam-,
937 2992 991 3052 sed
1009 3011 1076 3051 eum
1095 2992 1155 3070 qui,
1167 3013 1240 3071 neg-

145 3078 230 3140 lecto
250 3082 415 3141 assentandi
428 3081 535 3153 studio,
557 3101 594 3142 ea
615 3099 681 3160 quse
701 3101 776 3161 opus
790 3092 869 3153 sunt,
882 3093 913 3143 et
924 3102 978 3163 per
989 3102 1056 3160 ques
1069 3092 1240 3162 susceptum

146 3172 279 3233 dedecus
306 3174 474 3236 aboleamus
489 3175 493 3184 '
509 3175 675 3254 factamque
701 3179 848 3252 jacturam
873 3176 1073 3249 resarciamus,
1107 3176 1241 3238 suadeat.

148 3265 231 3326 Nam
244 3265 269 3324 si
283 3266 466 3345 quidem⁹ita
482 3271 681 3347 comparatum
694 3278 782 3339 esset,
801 3278 836 3328 nt
847 3267 1093 3347 quemadmodum
1108 3269 1242 3330 moleste

143 3358 295 3418 cationes
313 3359 500 3439 praetermitti,
521 3360 563 3420 sic
588 3359 676 3420 etiam
699 3379 748 3420 res
765 3361 837 3440 ipste
856 3367 923 3440 qu'oe
945 3359 1240 3440 molestiampariunt

146 3450 301 3530 preteriri,
315 3457 445 3530 possent,
468 3453 587 3514 omnino
610 3462 691 3512 esset
714 3453 753 3512 ed
775 3452 898 3532 gratiam
923 3451 1173 3512 concionandum:
1193 3454 1240 3514 sin

144 3545 299 3604 verborum
322 3543 471 3606 blandities
494 3563 561 3604 cum
583 3546 669 3606 rebus
690 3544 771 3604 haud
784 3554 979 3625 congruentes
992 3545 1149 3624 perniciem
1169 3544 1239 3610 affc-

146 3644 227 3708 runt,
241 3645 328 3715 turpe
343 3643 397 3697 'est
418 3637 474 3696 sibi
497 3636 593 3716 ipsum
616 3637 715 3698 lucum
738 3637 843 3710 lacere,
858 3646 888 3698 et
909 3643 1040 3698 extrema
1059 3637 1177 3698 demum
1193 3628 1257 3697 tur-¹
1345 3715 1349 3720 ι

144 3735 237 3806 gente
261 3729 436 3790 necessitate
449 3749 485 3790 ea
500 3728 657 3809 suscipere,
672 3749 737 3810 quse
751 3729 814 3809 jam
835 3729 905 3790 olim
923 3729 1000 3790 ultro
1017 3727 1152 3790 confecta
1173 3735 1254 3791 esse

86 3871 89 3880 .
144 3821 311 3900 oportebat.

675 3957 714 4016 ll.

185 4097 259 4158 Non
282 4099 359 4159 idem
386 4111 515 4162 statuere
538 4119 668 4182 possutm
690 4099 897 4172 Athenienses,
918 4118 986 4160 cum
999 4099 1085 4178 Reip.
1099 4114 1242 4157 nomene

143 4193 229 4254 tobis
243 4193 342 4266 audio,
361 4204 391 4256 et
415 4215 484 4255 cum
495 4194 580 4255 video
604 4193 751 4274 quomodo
771 4204 901 4255 vestrum
915 4193 1034 4273 quidam
1056 4191 1119 4270 ejus
1139 4188 1242 4249 delen·

107 4319 111 4327 ·
144 4302 228 4346 sores
243 4291 370 4347 tractare
384 4287 508 4348 soleant.
550 4286 775 4367 Rempublicem‘
787 4286 876 4360 enim,
888 4285 921 4346 id
934 4285 1015 4366 quod
1028 4282 1118 4345 nostis
1129 4299 1242 4355 omnes,
1259 4289 1263 4294 ’

143 4376 357 4440 democratiam
382 4379 554 4440 nominatis:
576 4381 629 4440 sed
643 4380 795 4459 quosdam.
809 4379 860 4460 qui
883 4378 953 4438 lmic
973 4376 1118 4439 contraria
1140 4373 1246 4464 dicunt

142 4469 312 4532 libentiusa
330 4471 478 4533 nonnullis
501 4473 593 4534 audiri
617 4473 842 4534 animadverto(
868 4470 962 4549 Cujus
985 4469 1026 4554 rei
1046 4467 1135 4535 micor'
1152 4483 1250 4526 causa.
