2967 4950
614 344 841 419 EPISTOLAE,
1144 370 1149 377 ·
1216 337 1276 401 84³

172 500 357 561 decrevistis.
382 500 494 561 -Miror
512 511 620 575 autem,
635 505 659 563 si
679 524 766 565 nemo
778 512 910 565 restrum
933 502 1155 581 cogitat-turpe
1166 516 1230 558 esse
1242 506 1277 555 ut

172 594 305 673 populus
328 594 526 667 Atheniensis,
550 595 702 674 sapientire
730 594 1095 675 doctrinaeque-opinione
1130 600 1276 672 praestans

175 685 380 757 omnibus,·ad
394 706 478 766 quern
502 689 531 746 in
547 689 763 749 calamitatibus
776 699 916 769 tanquam
932 688 969 747 ad
989 704 1143 747 commune
1158 683 1277 762 asylum
1302 681 1310 724 '-

175 780 298 858 confugi
320 780 404 849 solet,
420 779 554 859 Philippo
578 780 763 841 inhumanior
785 782 928 852 videatur,
942 780 992 860 qni
1010 780 1107 854 (ut-in
1131 784 1278 856 potestate

175 871 259 949 regia
271 872 428 931 educatum
443 873 590 951 probabile
606 878 664 947 est)
677 894 694 933 a
708 875 825 934 nemine
843 873 1024 944 admonitus,
1037 881 1135 931 umen
1149 888 1216 929 curn
1230 886 1278 926 se·

176 962 358 1022 condiscima
375 962 493 1023 fortuna
506 984 579 1024 usus
593 975 682 1038 esset,
697 966 887 1025 humanitatis
901 985 934 1023 se
947 964 1072 1024 maxime
1086 960 1153 1022 esse
1168 977 1278 1019 memo·

176 1075 243 1115 rem
256 1065 386 1135 oportere
400 1056 522 1130 censuit,
537 1066 567 1117 et
583 1058 667 1119 abiis
681 1062 732 1139 qui
746 1061 889 1119 adversus·
898 1060 991 1138 ipsum
1008 1057 1037 1117 in
1052 1057 1116 1115 acie
1130 1061 1280 1123 steterant,

178 1156 293 1207 etcum
311 1147 418 1227 quibus
433 1149 470 1208 de
490 1168 604 1211 summa
617 1170 711 1211 rerum
726 1152 982 1231 depugnantqui
1001 1158 1033 1207 et
1050 1149 1161 1228 cujates
1180 1158 1282 1207 essent
1324 1210 1328 1215 ,

178 1258 278 1318 neque
290 1241 454 1320 perquirere
469 1260 565 1321 neque
585 1242 707 1321 prodere
721 1264 811 1304 ausus
828 1264 836 1303 ε
856 1244 973 1315 etenim,
983 1252 1016 1300 ut
1029 1250 1160 1321 apparet,
1173 1260 1233 1306 non
1247 1248 1283 1297 ut

178 1332 311 1413 plerique
326 1332 415 1393 vestri
429 1345 566 1407 oratores,
577 1336 680 1397 eadem
694 1337 725 1394 in
743 1356 847 1396 omnes
861 1356 927 1396 esse
939 1333 984 1394 rel
1002 1334 1087 1414 justa
1096 1333 1143 1392 rel
1156 1332 1283 1391 honesta

177 1426 314 1505 putabat,
335 1426 389 1487 sed
407 1426 518 1486 ratione
534 1427 640 1488 vhabite
663 1428 815 1509 dignitatis
831 1429 919 1489 etiarn
943 1427 1014 1487 talia
1036 1422 1232 1485 concludebat
1251 1432 1284 1481 et

180 1498 370 1579 decerneha‘t
405 1520 472 1578 ‘Vos
485 1529 593 1593 auteur,
606 1523 657 1601 qui
671 1522 741 1582 estis
756 1522 964 1592 Athenienses,
977 1529 1008 1579 et
1023 1518 1137 1596 liberali
1149 1516 1284 1577 doctrina

180 1611 328 1690 perpoliti,
348 1632 415 1690 ques
429 1612 563 1691 stupidos
577 1613 664 1673 etiam
684 1616 800 1675 efficere
812 1614 978 1674 tolerabiles
998 1621 1128 1692 putatur,
1147 1609 1285 1690 primum,

180 1704 420 1783 quod-omnium·
434 1704 647 1785 iniquissimum
669 1717 725 1779 est,
746 1725 988 1785 quarum-rerum
1011 1714 1124 1785 patrem
1144 1710 1286 1762 accusant

181 1796 315 1875 quidam,
324 1799 361 1857 ob
373 1818 423 1857 eas
436 1797 510 1857 filios
525 1800 555 1857 in
565 1796 685 1859 vincula
697 1799 884 1875 conjecistisr
904 1809 994 1876 atque
1007 1798 1049 1857 ita
1062 1816 1149 1876 agere
1163 1794 1285 1873 perinde

183 1908 252 1949 esse
272 1889 378 1961 dicitis,
392 1910 427 1950 ac
442 1890 467 1950 si
481 1892 679 1967 equalitatem
700 1894 729 1953 in
750 1893 930 1972 ponderibus
945 1903 997 1951 ant
1016 1890 1161 1951 mensuris
1174 1907 1286 1968 quaere·

182 1982 267 2055 retis,
278 1992 308 2042 et
320 2000 379 2042 non
399 1981 574 2044 derisorum
589 1984 723 2045 instituto
737 1986 805 2045 vitae
818 1996 850 2046 et
862 1987 973 2048 ratione
984 1983 1153 2064 reipublicae
1166 1981 1286 2042 consul·

184 2058 307 2135 tar‘etis:
329 2074 359 2135 in
380 2094 438 2155 qua
451 2076 569 2154 quidem
588 2077 785 2157 inquisitione,
800 2080 824 2139 si
838 2080 917 2138 bona
930 2088 961 2138 et
974 2077 1126 2157 popularia
1139 2086 1170 2134 et
1188 2074 1287 2134 studio

185 2168 368 2251 Reipublicae
386 2170 525 2249 jurandae
544 2183 682 2253 suscepta
704 2174 830 2254 Lycurgi
844 2184 911 2234 acta
923 2174 1111 2245 videbuntur,
1124 2190 1184 2229 non
1198 2168 1286 2228 modo

185 2264 269 2323 nullo
284 2263 359 2325 affici
373 2266 461 2336 malo,
475 2265 528 2324 sed
542 2267 691 2346 quibusvis
710 2268 824 2327 avobis
841 2268 936 2328 ornari
957 2266 1109 2327 beneficiis
1128 2270 1191 2341 ejus
1212 2263 1286 2322 libe·

188 2376 245 2429 ros‚
259 2376 378 2435 oequum
400 2367 463 2428 est3
484 2356 527 2417 siu
543 2359 697 2430 contraria,
715 2360 809 2430 illurn,
830 2361 900 2419 dum
914 2360 1034 2432 viveret,
1051 2378 1155 2439 poenas
1168 2354 1288 2416 dedisse

186 2450 325 2529 oportuit,
333 2449 389 2510 hos
402 2468 471 2510 vero
484 2472 522 2511 ne
536 2450 715 2532 sicquidem,
730 2463 849 2531 propter
864 2452 981 2532 objecta
993 2451 1067 2532 patri
1082 2470 1100 2511 a
1114 2447 1287 2530 quibusdam

186 2543 318 2614 crimina,
334 2545 580 2623 per‘iracundiam
591 2545 693 2624 plecti.
721 2546 865 2605 Omnibus
883 2547 960 2606 eninr
973 2546 1102 2606 omnium
1116 2544 1288 2604 delictorum

188 2636 272 2714 qnasi
289 2645 367 2694 meta
381 2646 426 2695 est
438 2636 544 2696 obitus.
587 2637 674 2705 Quod
694 2633 719 2697 si
742 2639 800 2697 hoc
818 2638 896 2698 eritis
920 2639 1027 2708 animo,
1040 2646 1076 2696 ut
1088 2636 1176 2715 aliqui
1189 2635 1290 2716 populi

190 2728 331 2788 studiosis
345 2727 410 2787 irati
429 2749 466 2787 ne
482 2749 548 2788 curn
561 2731 680 2791 mortuis
700 2731 816 2810 quidem
832 2731 866 2789 -in
882 2731 1004 2810 gratiam
1018 2729 1152 2798 redeant,
1164 2729 1218 2788 sed
1235 2729 1289 2788 ini·

189 2820 315 2880 micitias
329 2821 415 2880 etiam
430 2822 468 2881 ad
482 2821 590 2882 liberos
604 2843 699 2902 usque
720 2834 887 2904 propagent
898 2823 1075 2903 tradentque
1088 2822 1221 2901 posteris,
1237 2841 1291 2901 po·

189 2913 278 2993 pulus
303 2923 411 2987 autem,
427 2915 510 2994 cujus
530 2935 650 2975 causam
669 2918 777 2995 quique
802 2917 957 2996 populares
978 2925 1081 2996 agunt,
1096 2917 1166 2974 dum
1186 2915 1289 2974 horum

188 3023 280 3085 opera
288 3006 391 3076 utitur,
405 3008 614 3068 beneficiorum
627 3009 798 3080 meminerit,
817 3018 922 3088 postea
943 3008 1129 3081 floccifaciat,
1149 3007 1222 3066 nihil
1236 3007 1293 3066 erit

191 3099 325 3159 miserius
339 3119 425 3177 quam
439 3100 539 3180 populi
558 3101 632 3160 tueri
646 3110 756 3180 partes.
796 3101 885 3170 Quod
906 3100 930 3159 si
949 3101 1108 3160 Moerocles
1122 3099 1292 3178 respondet,
1355 3137 1361 3146 ·

189 3192 256 3252 haec
276 3193 425 3272 argutione
438 3211 504 3252 esse
518 3213 605 3272 quam
620 3213 686 3271 quse
698 3193 855 3273 intelligat,
871 3213 903 3253 se
917 3213 986 3253 vero
999 3213 1060 3264 eos,
1075 3204 1109 3252 ut
1126 3213 1165 3252 ne
1179 3191 1292 3271 effuge·

190 3293 265 3352 rent,
281 3285 311 3343 in
333 3303 480 3344 carcerem
504 3287 698 3365 compegisse,
714 3287 869 3365 queritote
892 3306 929 3346 er
953 3306 999 3357 eo,
1022 3304 1088 3345 cum
1112 3286 1243 3344 Taureae
1261 3294 1292 3345 et

192 3375 330 3435 Paternus
349 3386 379 3434 et
402 3375 586 3456 Aristogiton
606 3389 693 3458 atque
713 3379 775 3458 ipse
796 3377 826 3436 in
846 3397 991 3437 carcerem
1005 3377 1102 3437 traditi
1123 3397 1184 3453 non
1202 3377 1292 3437 modo

190 3471 282 3532 vincti
295 3491 355 3530 non
368 3471 477 3530 suerint
490 3473 544 3531 scd
559 3483 590 3532 et
602 3473 759 3532 conciones
772 3474 936 3542 habuerint,
959 3460 1110 3533 curistam
1125 3473 1293 3552 aequitatem

191 3583 251 3622 non
265 3564 457 3643 perspexerit.
476 3562 479 3568 ’
500 3564 552 3622 Sin
571 3585 603 3624 se
623 3576 684 3624 tum
699 3566 871 3645 magistratu
884 3566 1001 3645 quidem
1014 3586 1081 3628 esse
1096 3566 1228 3625 iunctum
1249 3567 1293 3624 di-

192 3667 250 3727 cet,
266 3657 319 3716 sed
341 3657 487 3717 orationes
510 3656 538 3716 in
562 3657 680 3737 publico
704 3679 765 3718 non
778 3659 928 3732 habuisse,
942 3659 1030 3737 idque
1054 3659 1226 3738 permissum
1241 3659 1295 3717 sibi

191 3748 285 3808 fuisse
299 3749 434 3828 legibus:
455 3769 573 3829 aequum
597 3770 663 3810 esse
687 3753 736 3830 qui
761 3761 869 3831 potest,
890 3761 924 3809 ut
944 3750 1116 3829 magistratu
1135 3751 1295 3829 fungantur

194 3841 235 3914 hi,
249 3841 355 3921 quibus
368 3843 458 3902 verba
480 3843 576 3901 facere
599 3861 659 3902 non
682 3843 762 3914 licet,
785 3842 828 3902 illi
843 3863 911 3902 vero
931 3843 961 3900 in
985 3842 1109 3902 vinculis
1129 3852 1295 3917 teneantur,

192 3955 319 4014 quornm
334 3935 370 3994 de
388 3936 470 3993 vobis
485 3953 565 4013 saepe
577 3937 653 3994 bene
671 3936 789 3995 meritus
807 3936 862 3994 fuit
875 3934 979 4013 pater?
1008 3936 1074 4015 Ego
1093 3937 1212 4015 quidem
1232 3936 1295 3994 haec

193 4028 374 4108 conjungere
395 4038 425 4086 et
442 4027 620 4087 concludere
645 4046 704 4087 non
735 4047 874 4107 possum:
908 4028 963 4086 nisi
982 4027 1041 4088 hoc
1064 4028 1182 4108 publice
1209 4027 1296 4086 vultis

190 4119 363 4190 ostendere,
377 4130 407 4179 et
431 4120 605 4180 vecordiam
630 4131 660 4180 et
681 4120 889 4199 impudentiam
908 4131 940 4180 et
957 4120 1171 4181 affectationem
1191 4119 1297 4198 impro-

196 4213 296 4272 bitatis
310 4213 472 4272 incivitate
487 4213 584 4272 valere
598 4223 627 4272 et
640 4215 780 4294 majorem
802 4215 910 4274 habere
924 4235 1004 4294 spem
1019 4212 1238 4285 incolumitatis,
1252 4233 1298 4285 ac,

164 4353 167 4360 .
197 4303 301 4384 siquid
317 4323 403 4364 secus
415 4303 564 4376 acciderit,
579 4305 652 4364 tales
666 4306 795 4375 absolvi;
810 4307 959 4368 meliorem
978 4317 1075 4366 autem
1089 4304 1162 4364 tueri
1183 4314 1298 4383 partem

197 4397 346 4478 vitamque
368 4398 530 4458 modestam
545 4411 575 4458 et
594 4401 766 4479 popularem
783 4399 935 4462 instituere
952 4399 1148 4480 periculosum
1162 4419 1238 4471 esse,
1253 4417 1300 4472 ac,
