2967 4950
583 327 804 398 EPlS'iilirAE.
1177 335 1241 398 84⁵

139 487 349 568 inueterata
376 485 464 554 elisei
484 507 551 552 esse
574 498 676 556 uotum
704 509 791 570 quara
815 489 1025 570 rempublicam
1052 509 1091 553 ea
1116 487 1243 556 utilitate

140 580 246 662 populi
258 579 471 648 administrare.
499 581 588 652 Nasu,
600 594 637 646 ut
648 583 686 658 is,
696 583 748 664 qui
759 583 869 648 suadet
878 583 989 662 aliquid
1003 591 1057 644 aut
1067 582 1243 662 magistratu

139 673 288 754 fungitur,
312 675 428 752 pleeeat
448 671 593 746 omuibus,
607 674 671 736 fieri
688 696 749 736 nou
762 684 880 755 potest:
900 687 1009 748 tameo,
1030 674 1122 752 siquis
1141 672 1243 754 pepuli

139 768 231 827 rebus
245 785 281 826 es
295 767 393 829 auimo
406 766 570 828 consultum
584 768 675 848 cupit,
690 769 800 848 dignae
811 769 916 846 estqui
929 779 1130 828 cousersetur.
1152 767 1245 836 Quart

140 859 200 918 nisi
213 859 276 929 fiat,
288 859 433 924 docebitis
445 877 559 932 omnes,
580 859 654 922 alios
675 862 773 941 potius
794 861 1026 935 consociandos,
1046 881 1132 940 quam
1146 878 1245 940 popu·

140 951 218 1024 lum,
231 961 263 1010 et
282 951 444 1011 cavendum
469 971 535 1012 esse
556 953 660 1032 nequis
683 953 793 1032 aliquid
811 953 882 1014 utile
894 954 977 1014 vohis
997 955 1126 1034 gessisse
1137 952 1244 1014 intelli·

141 1054 241 1124 patur.
295 1043 425 1106 Omoino
446 1055 545 1106 autem
569 1067 723 1110 commuue
747 1048 886 1126 prohrost
907 1060 966 1119 est,
985 1049 1191 1121 Athenienses,
1213 1058 1244 1111 et

141 1137 239 1200 totius
249 1137 374 1202 ciuitatis
388 1138 551 1210 calamites,
562 1140 642 1219 quod
665 1140 777 1202 invidia
788 1141 854 1220 plus
876 1142 974 1202 ualere
987 1141 1066 1221 apud
1087 1161 1141 1200 vos
1153 1160 1244 1219 quam

142 1229 249 1310 gratim
272 1239 408 1310 putatur:
430 1249 497 1292 cum
511 1231 673 1310 praesertim
691 1232 743 1294 illa
759 1234 879 1295 morbus
891 1231 939 1304 sit,
952 1231 1002 1292 hee
1013 1231 1043 1293 in
1057 1231 1177 1292 deorum
1191 1253 1246 1295 ou·

141 1341 259 1386 merum
272 1322 445 1386 referantur.
488 1325 533 1387 At
553 1333 611 1385 neo
630 1325 777 1405 Pythonas
795 1324 1015 1404 praeerectam
1032 1325 1083 1404 qui
1105 1343 1160 1404 pro
1173 1344 1245 1404 sug·

143 1426 234 1498 gesto
248 1416 393 1479 duntaxat
410 1415 564 1496 popularis
576 1426 636 1490 est,
648 1427 751 1496 postea
764 1437 835 1478 vero
854 1430 977 1497 paratus
998 1417 1038 1478 ad
1061 1414 1158 1477 omnia
1176 1435 1245 1495 quea

142 1509 231 1570 vohis
252 1509 454 1572 adversantur.
496 1509 601 1583 Quem,
623 1509 695 1570 dum
708 1519 824 1572 vestras
842 1510 872 1569 in
895 1509 1026 1590 gerenda
1046 1509 1197 1590 republica
1215 1519 1247 1572 et

144 1600 341 1664 concionibus
351 1601 495 1664 habendis
508 1613 609 1682 partes
619 1604 768 1677 tuebatur,
777 1603 842 1682 quis
858 1604 953 1664 nescit
966 1616 999 1664 ut
1012 1623 1129 1664 serrum
1141 1601 1247 1681 agitari

143 1703 178 1754 ct
192 1688 406 1773 peregrinitatis
426 1695 558 1757 accusari
579 1695 696 1757 solitum
718 1714 866 1774 propeque
885 1695 1093 1758 venundatum
1116 1696 1155 1756 ab
1172 1694 1246 1768 istit,

144 1787 259 1868 quibus
276 1807 354 1848 nuno
375 1787 536 1846 inmusicos
557 1787 704 1850 orationes
724 1787 794 1853 illas
811 1798 914 1848 contra
934 1786 1131 1866 mercripritt
1160 1788 1247 1849 Post·

143 1899 237 1960 qoam
259 1890 357 1940 autem
380 1878 443 1958 ipae
465 1899 543 1942 nuno
564 1899 601 1940 ea
621 1880 705 1952 faoit,
717 1890 835 1960 propter
849 1897 918 1960 qum
934 1891 998 1942 tum
1020 1881 1096 1942 alios
1113 1879 1247 1940 crimina-

142 1973 248 2046 batur,
259 1971 300 2036 ita
313 1991 377 2032 esse
399 1972 588 2052 locupletem,
608 1983 642 2034 ut
664 1982 695 2034 ot
718 1972 793 2035 duas
812 1973 1015 2035 meretriculas
1034 1973 1106 2045 alat,
1125 1990 1193 2051 quae
1208 1973 1248 2034 ad

143 2067 247 2128 tabem
268 2083 335 2126 eum
347 2084 452 2143 usque,
465 2065 585 2144 optimae
606 2085 678 2126 sane
699 2066 848 2138 mulieres,
860 2067 1054 2146 redegeram
1075 2065 1248 2144 etquiaqoe

144 2157 263 2218 talenta
278 2157 398 2219 mulctae
414 2157 529 2218 nomine
543 2159 659 2221 facilius
679 2177 758 2220 uuuo
779 2159 909 2233 solverit,
921 2178 1009 2237 qoam
1033 2158 1101 2219 olim
1125 2158 1248 2218 totidem

146 2250 307 2314 drachmas
329 2250 440 2312 solvere
467 2252 622 2331 potuisset,
642 2263 674 2314 et
699 2263 805 2333 preater
832 2252 897 2312 hrao
922 2273 941 2312 a
964 2252 1046 2314 vohis
1073 2271 1134 2311 non
1159 2251 1249 2314 modo

145 2342 311 2411 admissum
332 2343 370 2404 ad
383 2345 582 2422 gubernacula
601 2345 737 2418 civitatis,
762 2346 842 2426 quod
860 2337 1015 2406 commuue
1041 2346 1181 2425 probrum
1201 2353 1250 2406 est

147 2437 296 2511 omnibus,
311 2435 364 2497 sed
389 2446 419 2497 et
438 2438 532 2517 patria
545 2457 631 2501 sacra
645 2438 770 2519 Delphis
789 2458 842 2519 pro
856 2439 941 2500 robis
954 2437 1082 2502 fecisse?
1116 2437 1205 2507 Quod
1224 2438 1250 2500 si

146 2530 222 2593 talia
242 2546 273 2591 et
293 2540 378 2591 tanta
395 2533 530 2611 exempla
546 2532 670 2595 viderint
688 2552 800 2605 omues,
818 2532 857 2593 de
877 2532 985 2615 quibus
1004 2550 1091 2594 nemo
1108 2540 1156 2591 est
1176 2531 1250 2611 quia

146 2623 253 2705 populi
270 2624 399 2703 deligere
412 2636 443 2684 et
457 2627 531 2691 tueri
546 2636 643 2705 partes
657 2624 855 2707 perniciosum
874 2644 941 2687 esse
956 2624 1079 2705 judicet,
1097 2642 1198 2685 vereor
1211 2644 1249 2687 ue

148 2718 311 2797 aliquando
328 2718 402 2778 nulli
416 2719 506 2779 futuri
524 2718 584 2781 siut
605 2720 655 2798 qui
678 2736 798 2781 causam
818 2730 945 2781 uestram
968 2728 1115 2793 tueantur,
1128 2718 1154 2778 si
1173 2738 1250 2797 pree·

146 2810 251 2873 sertim
265 2810 337 2871 alim
349 2821 463 2871 naturae
476 2810 607 2871 debitum
620 2821 650 2873 et
663 2812 781 2875 lortuua
795 2822 828 2871 et
847 2824 920 2873 atos
933 2810 1096 2881 sustulerit,
1112 2820 1146 2869 ut
1166 2810 1248 2872 Nau·

149 2902 265 2975 sidem,
277 2913 310 2965 ut
324 2903 491 2975 Charetem,
504 2913 538 2962 ut
557 2904 729 2978 Diotimum,
747 2914 784 2965 ut
795 2904 1011 2975 Menestheum,
1031 2913 1066 2961 ut
1083 2902 1249 2974 Eudoxum,

147 3006 349 3077 pretereaque
364 2996 528 3057 Eudemum
550 3006 584 3063 et
603 2996 769 3077 Ephialtem
790 3007 821 3057 et
837 2997 1013 3076 Lycurgum,
1028 2994 1100 3056 alios
1113 2994 1170 3072 ipsi
1182 3014 1250 3073 pro·

143 3088 287 3167 jeceritis,
300 3100 334 3149 ut
356 3089 564 3154 Charidemum
586 3100 618 3151 et
639 3090 801 3154 Philoclem
814 3098 846 3150 et
858 3108 916 3159 me,
930 3088 1036 3166 quibus
1053 3104 1107 3147 sos
1126 3106 1183 3149 nec
1195 3086 1251 3165 ipsi

148 3182 229 3243 ullos
244 3182 333 3243 rastri
347 3200 415 3242 esse
435 3182 624 3243 studiosiores
647 3182 781 3263 putatis:
799 3182 909 3243 sivero
926 3180 1069 3260 quosdam
1089 3197 1173 3258 teque
1188 3188 1251 3239 stu·

149 3276 264 3345 diosas
279 3294 339 3335 non
353 3274 480 3341 invideo.
519 3276 634 3337 Vellera
657 3276 806 3350 automni
825 3294 878 3336 ros
896 3276 937 3338 ita
956 3285 990 3333 ut
1002 3293 1120 3353 equum
1138 3283 1186 3333 est
1199 3292 1252 3333 eos

148 3369 438 3448 hactsbitismeque
459 3370 501 3431 ita
525 3381 558 3429 ut
580 3389 633 3433 nos
654 3370 731 3431 scale
753 3369 942 3442 mulotahitis,
965 3388 1017 3429 eos
1041 3385 1109 3432 esee
1129 3368 1252 3448 posthac

148 3462 392 3543 quamplurimos.
434 3462 487 3523 Sin
498 3463 576 3537 talia,
591 3463 792 3541 quatiamur,
806 3461 1253 3542 exemptaeotderitiaqutaeo,

149 3556 203 3635 qui
218 3576 250 3615 se
265 3566 330 3617 toto
341 3557 440 3617 animo
453 3558 481 3617 io
497 3557 585 3619 istum
603 3556 736 3619 ordinem
749 3557 822 3618 darre
833 3548 924 3617 veliti
956 3556 1015 3626 Qui
1028 3557 1147 3636 quidem
1160 3556 1251 3617 simu·

149 3649 225 3722 leat,
239 3648 440 3723 ut-heotenas,
458 3650 502 3709 aio
522 3648 610 3709 etiam
630 3649 783 3730 deinceps,
796 3668 856 3709 nou
878 3649 1011 3712 deerunt.
1052 3648 1141 3709 Absit
1152 3657 1252 3709 summ

148 3750 302 3803 uteorum
314 3741 402 3801 animi
423 3742 466 3801 sic
486 3742 584 3821 palam
602 3742 832 3821 conspiciantur,
846 3751 881 3801 ut
899 3741 1032 3812 istorum,
1045 3740 1176 3821 quiqam
1188 3751 1253 3801 tum

149 3832 251 3913 palam
274 3832 485 3906 inficiabantur,
501 3853 536 3895 ea
559 3854 637 3897 aune
659 3834 701 3894 ita
722 3844 825 3914 agunt,
839 3845 872 3893 ut
892 3835 1038 3895 neminem
1057 3844 1188 3897 vestrum
1205 3832 1254 3895 vel

150 3935 289 3993 metuant
308 3926 355 3987 uel
379 3936 575 3993 revereantur.
625 3929 703 3987 Heec
725 3926 814 4006 igitur
836 3926 995 4005 cogitanda
1023 3936 1102 4001 sunt,
1129 3925 1254 3988 Atheni·

150 4036 249 4095 enses,
273 4036 372 4097 ιιιῃιι
394 4020 441 4081 ael
466 4018 601 4082 benevoli
629 4019 811 4099 negligendi,
833 4018 879 4079 uei
903 4018 939 4081 ιιι
965 4021 1017 4099 qui
1042 4020 1189 4081 civitatem
1213 4017 1252 4077 ad

150 4111 343 4176 acerbitatem
379 4113 576 4191 saevitiemque
611 4112 768 4192 impellunt
804 4112 1048 4174 eumalteudum..
1097 4112 1176 4171 Naro
1203 4110 1253 4169 hic

150 4222 250 4265 rerum
273 4213 366 4265 emtus
388 4203 481 4267 multo
501 4204 595 4283 magis
614 4204 848 4268 benevolentiam
866 4215 897 4267 et
913 4204 1126 4266 humanitatem
1138 4202 1254 4281 flagitat

151 4314 245 4377 qrrpm
260 4296 404 4359 turnultus
431 4308 460 4357 et
485 4298 662 4370 simultates,
673 4316 749 4377 quas
767 4298 887 4377 quidam
913 4298 944 4357 in
963 4300 1138 4362 immensae
1157 4295 1254 4373 'exap-

144 4398 276 4471 ,fferatas
286 4400 463 4470 usurpantes
478 4399 582 4459 contra
602 4410 656 4453 uos¹
673 4409 793 4472 operam
812 4390 916 4454 locant
933 4391 973 4453 ad
991 4408 1030 4455 ee
1047 4387 1165 4468 m'gota
1180 4408 1254 4450 coo·
