2967 4950
204 331 263 391 572
285 330 502 394 ADVERSUS
525 332 839 396 NAUSIMACHUM
862 330 915 391 ET
937 324 1227 393 XENOPITHEM.

707 624 797 691 LEX.

134 783 136 790 ·
207 718 332 837 Auditis,
346 720 488 840 Judices,
498 766 594 847 legem
612 770 766 849 perspicue
784 768 932 830 dicentem
954 763 1071 845 singula
1088 780 1212 843 quorum
1227 757 1305 821 actio

207 856 377 928 condetur,
393 858 479 919 inter
483 880 549 939 quae
563 858 635 919 illud
649 862 737 921 etiam
750 871 805 933 est,
821 880 906 939 aeque
920 870 1015 929 ratum
1031 878 1065 917 ac
1080 866 1199 927 catera,
1223 852 1307 933 qui-

207 948 278 1007 bus
310 938 497 1011 derebus
524 953 700 1033 aliquem
730 950 1304 1013 missumtccerisettranse-

110 1114 116 1127 ·
208 1042 332 1119 geris,
364 1064 441 1103 non
451 1045 599 1104 licere
632 1043 829 1124 litigare?
866 1045 943 1101 Cum
973 1040 1128 1121 igitursic
1145 1048 1305 1098 etcoram

206 1132 306 1192 multis
325 1138 446 1195 testibus
463 1136 624 1197 transactio
644 1136 723 1196 facta
737 1136 786 1208 sit,
805 1144 836 1195 et
855 1145 954 1213 aperte
974 1142 1029 1193 nes
1051 1133 1098 1191 lex
1113 1128 1279 1201 absolvat,
1268 1147 1306 1187 eo

206 1221 396 1302 impudentiae
414 1229 560 1307 progressi
581 1229 628 1288 isti
651 1241 720 1287 sunt
737 1237 768 1287 et
780 1226 923 1299 audaciae,
941 1236 975 1286 ut
986 1222 1206 1304 quatuordecim
1220 1219 1305 1280 annis

207 1327 373 1396 postquam
389 1330 501 1399 patrem
524 1340 622 1380 meum
645 1320 767 1379 missum
789 1320 931 1390 fecerunt,
945 1317 1059 1377 duobus
1079 1312 1224 1393 etviginti
1238 1321 1306 1391 post

148 1410 152 1418 '
206 1408 287 1469 litem
301 1422 421 1484 motam,
436 1433 503 1474 cum
523 1416 623 1473 noster
640 1432 747 1492 parens
767 1412 871 1472 eodem
890 1429 949 1489 quo
963 1428 1031 1469 cum
1045 1407 1109 1469 istis
1124 1411 1306 1483 transegerat

190 1520 285 1561 ·anno
299 1505 493 1576 obmortuos,
507 1502 544 1565 et'
558 1514 670 1565 tutores
684 1505 734 1584 qui
756 1515 824 1585 post
843 1503 921 1563 illius
941 1501 1049 1562 obitum
1066 1508 1165 1559 nostra
1178 1498 1258 1556 bona
1276 1495 1307 1555 iu

209 1612 262 1654 sua
275 1604 420 1671 potestate
439 1597 617 1670 habuerunt,
630 1608 661 1657 et
679 1607 775 1657 mater
796 1596 924 1676 ipsorum
948 1593 1016 1654 item
1036 1591 1138 1651 obierit
1156 1610 1223 1668 ques
1241 1587 1306 1648 haec

208 1686 308 1745 omnia
328 1701 424 1760 norat,
448 1699 479 1749 et
500 1689 597 1749 arbitri
618 1699 651 1749 et
670 1699 761 1749 testes
782 1688 913 1768 plerique
932 1704 1045 1755 omnes,
1066 1695 1196 1743 nostram
1214 1681 1307 1759 impe·
1358 1696 1360 1701 '

208 1776 302 1836 ritiam
324 1790 356 1839 et
378 1782 573 1841 necessariam
597 1801 692 1841 rerum
715 1791 847 1841 actarum
863 1770 1086 1857 'ignorationem
1115 1772 1170 1835 sibi
1196 1790 1306 1851 magno

208 1869 335 1929 trituram
369 1873 523 1933 commodo
546 1867 753 1940 existimantes,
773 1870 884 1950 judicia
914 1866 997 1927 nobis
1020 1866 1085 1924 hoec
1108 1864 1254 1935 dictarint,
1277 1873 1308 1923 et

208 1960 367 2019 orationem
383 1982 477 2041 neque
485 1963 595 2043 justam
609 1982 706 2041 neque
717 1980 834 2039 mquam
849 1958 951 2019 afferre
965 1957 1103 2017 audeaut.
1245 1964 1246 1969 ’

229 2054 277 2111 2.
300 2053 453 2115 Dicuntse
463 2074 524 2115 non
538 2054 705 2115 vendidisse
717 2052 922 2132 patrimonium
936 2068 972 2109 aa
985 2047 1110 2127 pecunia
1121 2066 1210 2125 quam
1223 2064 1306 2108 acce·

206 2142 312 2219 perint,
325 2165 422 2232 neque
443 2147 566 2205 cessisse
590 2145 683 2213 bonis,
709 2144 773 2215 sed,
797 2161 978 2222 quaecuuque
1001 2139 1056 2199 sibi
1077 2138 1179 2199 relicta
1200 2138 1309 2199 suerint

207 2234 315 2296 debita
318 2243 448 2344 vasaque
461 2248 493 2298 et
512 2237 789 2317 pecuniadenique,
803 2256 840 2295 ea
856 2233 1003 2295 suaderi:
1025 2229 1164 2310 egerere
1176 2250 1231 2315 me
1254 2250 1307 2291 aa·

133 2329 137 2333 ’
208 2327 288 2387 disse
301 2331 428 2402 memini,
442 2328 637 2410 Xenopithem
650 2343 681 2390 et
695 2330 896 2390 Nausicratem
911 2340 979 2387 suas
992 2343 1063 2404 opes
1081 2324 1184 2383 omnes
1204 2323 1235 2382 in
1247 2317 1307 2384 aare

207 2413 302 2483 alieno
313 2420 466 2503 'reliquisse
479 2433 512 2484 et
519 2422 689 2502 possedisse
702 2414 882 2482 manifestas
886 2428 1026 2499 perquam
1039 2416 1172 2496 exiguas,
1186 2414 1308 2477 redacte

209 2517 308 2574 autem
330 2530 394 2575 aare*
408 2516 503 2577 alieno
527 2529 558 2576 et
574 2516 654 2575 uasis
677 2515 853 2594 quibusdam
874 2509 1011 2581 venditis,
1031 2509 1189 2590 mancipiis
1207 2507 1307 2581 etiam,

209 2605 323 2682 praedia
337 2615 370 2665 et
387 2608 468 2667 aedes
482 2607 601 2670 mercati
620 2616 689 2667 sunt
706 2607 831 2678 tutores,
844 2621 912 2682 quta
925 2601 977 2663 isti'
992 2610 1175 2681 receperunt.
1216 2601 1307 2669 Qund

210 2695 336 2756 ιιιιιιιιι
344 2699 448 2759 suisset
459 2700 541 2780 prins
554 2700 612 2760 illis
625 2700 663 2758 de
677 2701 765 2759 rebus
784 2695 990 2764 controversia,
1004 2695 1100 2776 neque
1114 2693 1198 2752 mala
1214 2694 1309 2754 admi·

209 2789 389 2852 nistrationis
399 2792 430 2850 in
439 2793 553 2871 judicio
566 2788 762 2869 disceptatum
776 2800 863 2862 esset,
876 2789 933 2850 alia
949 2787 1023 2847 ra'tio
1036 2785 1130 2846 fo'ret':
1151 2785 1308 2866 postquam

210 2898 279 2940 vero
299 2881 347 2941 isti
366 2881 464 2943 totam
478 2885 601 2944 tutelam
615 2893 792 2945 accusarunt
805 2879 913 2960 dieque
932 2879 1013 2939 dicta
1025 2877 1181 2958 pecuniam
1200 2877 1308 2957 exege-

210 2973 289 3045 runt,
301 2993 338 3034 ea
347 2976 446 3036 omnia
458 2987 521 3036 tum
534 2985 683 3035 tmnsacta
695 2982 773 3034 sunt.
798 2971 908 3051 Neque
922 2970 1006 3030 enim
1020 2969 1067 3028 isti
1078 2968 1189 3029 scilicet
1202 2967 1251 3028 de
1254 2987 1309 3028 no·

210 3063 288 3124 mine
309 3069 411 3128 tutelae
431 3080 493 3128 turn
513 3069 652 3158 agebant,
666 3068 718 3127 s'ed
737 3069 776 3126 de
797 3065 1043 3145 pecuniamque
1060 3059 1140 3119 ιιιι
1124 3079 1232 3121 nomen
1249 3061 1309 3122 troc

209 3159 378 3221 emebant
359 3161 496 3238 pecunia,
509 3179 598 3238 quam
617 3160 821 3229 numerabant,
835 3155 888 3216 sed
901 3154 1021 3214 crimina
1033 3152 1223 3212 redimebant.
1261 3155 1308 3214 Ac

210 3249 294 3308 nulla
306 3252 450 3329 quidem
442 3254 503 3312 ratis
521 3259 585 3328 ejus
604 3253 670 3312 aeris
689 3252 786 3320 alieni,
802 3248 882 3329 quod
903 3247 971 3307 ante
984 3245 1210 3306 transactionem
1224 3243 1309 3305 rede·

210 3353 293 3418 gerat
304 3356 388 3422 pater
397 3357 448 3406 aut
460 3348 523 3426 ejus
537 3347 664 3426 denique
676 3345 809 3424 pecuniae
823 3361 911 3423 qnam
926 3361 942 3400 e
955 3339 1069 3400 tutela
1064 3351 1233 3418 acceperat,
1243 3339 1307 3400 dari

200 3431 299 3493 'licere
316 3446 419 3497 contra
434 3457 489 3499 nos
509 3439 653 3498 actionem
673 3431 887 3504 re'transacta,
901 3454 938 3494 ex
950 3433 1020 3512 ipsis
1040 3430 1156 3511 iegibus
1166 3443 1197 3491 et
1212 3431 1308 3493 t'rans·

210 3525 326 3586 actione
340 3525 412 3588 satis
424 3548 477 3590 vos
490 3547 593 3590 omnes
613 3529 786 3608 cognouisse
804 3523 1057 3586 amittendam
1055 3537 1124 3584 non
1137 3543 1231 3602 posse
1245 3525 1309 3586 fleri

210 3627 293 3677 ntea
305 3621 431 3698 pecnnia
442 3622 584 3702 deinceps
596 3631 716 3701 recepta
732 3619 867 3678 sit÷boc
888 3618 966 3676 enim
988 3616 1037 3726 isti
1052 3617 1178 3694 tingunt,
1193 3616 1306 3696 decipi·

211 3710 280 3768 endi
293 3713 438 3789 gratia-q
452 3713 483 3773 id
496 3715 658 3806 ostendam.

251 3803 280 3861 3.
301 3801 419 3864 Patrem
439 3801 519 3865 enim
527 3827 573 3866 ne
586 3799 731 3866 criminun
721 3804 861 3885 quidem
876 3803 975 3864 ausint
987 3819 1052 3864 eam
1065 3801 1224 3882 accepisse,
1239 3819 1307 3864 nam
1335 3854 1337 3860 .

211 3894 304 3977 tribus
319 3907 478 3974 quatuorve
493 3900 641 3959 mensibus
654 3909 723 3978 post
740 3917 829 3977 quam
844 3915 911 3955 cum
931 3896 994 3955 istis
1013 3905 1196 3974 transegerat
1213 3897 1305 3958 obiit:

212 4005 309 4066 neque
323 4008 392 4048 vero
403 3989 593 4050 Demaratum
606 3986 739 4051 relictum
752 3989 837 4048 nobis
851 3998 977 4048 tutorem
992 3987 1123 4066 accipere
1135 3988 1308 4066 potuisse-
1335 4035 1339 4040 -

212 4099 280 4141 uam
293 4092 324 4141 et
334 4082 414 4142 bunc
427 4083 456 4140 in
470 4085 655 4144 accusatione
667 4083 878 4164 posuerunt-2,
890 4082 921 4140 id
934 4083 1050 4160 'quoque
1059 4081 1236 4142 'ostendam'
1260 4087 1308 4145 Ac

211 4173 329 4232 maximi
348 4174 466 4253 quidem
484 4176 569 4236 nobis
582 4176 613 4235 hi
631 4176 687 4256 ipsi
703 4173 795 4235 testes
816 4186 896 4234 ιιιιιι.
938 4174 1091 4252 Nusquam
1105 4174 1183 4232 enim
1197 4193 1249 4234 eos
1269 4177 1310 4236 vi·

212 4267 290 4324 venti
304 4268 463 4331 Demarato
475 4270 600 4329 movisse
617 4269 696 4328 litem
711 4267 879 4348 apparebitt
902 4265 956 4328 sed
970 4267 1081 4336 tamen,
1096 4267 1120 4326 si
1134 4267 1199 4347 quis
1212 4268 1306 4347 ipsam

210 4358 301 4418 etiarn
314 4379 374 4419 rem
388 4370 501 4440 spectet
513 4371 544 4421 et
563 4349 745 4429 considerem·
758 4359 870 4420 videbit
881 4359 964 4418 ill'urd
977 4375 1043 4418 eam
1056 4361 1116 4419 non
1139 4359 1228 4420 modo
1248 4377 1307 4421 non

211 4451 372 4532 accepisse,
391 4453 444 4518 sed
468 4474 523 4515 nec
544 4453 676 4534 accipere
692 4451 838 4532 potuisse.
880 4453 958 4512 Nam
975 4471 1043 4512 cum
1058 4447 1159 4532 ipsum
1175 4451 1308 4518 debitum
