2967 4950
143 213 145 219 ’
221 262 274 320 m
326 236 330 243 ²
465 257 470 268 ’
552 259 1026 326 οοΝτιῑΑ-τιηηωωωι

233 413 306 482 Quis
315 429 391 492 ergo
400 409 476 474 sdco
488 413 574 473 miser
586 413 701 492 usq-qui
716 393 869 493 perspicue
882 414 952 474 relit
963 406 1024 473 tale
1035 408 1187 497 perhibere
1199 412 1339 474 testim·

233 510 327 578 nium,
342 507 431 578 unde,
456 507 482 566 si
498 527 600 580 verum
625 508 740 578 dixerit,
759 506 898 566 ostendat
920 525 953 566 se
973 515 1134 566 extremum
1157 506 1339 585 supplicium

120 653 124 658 .
236 599 468 662 commeruisse?
488 599 593 678 Itaque
607 599 690 658 'illud
704 609 758 658 est¹
769 599 922 678 reliquum,
937 609 971 659 ut
988 600 1039 677 qui
1058 612 1165 678 passus
1188 609 1236 658 est
1247 598 1340 657 eonfi-

236 703 340 752 teatur.
375 693 485 751 Verum
504 693 542 751 ob
557 692 614 762 hoc
635 698 801 763 accusatur,
814 693 894 770 quod
914 691 959 751 his
973 691 1109 757 admissis
1130 700 1235 750 contra
1254 689 1338 768 leges

135 791 136 796 ’
234 785 389 844 conciones
403 783 519 842 habeat.
541 783 638 843 Vultis
650 783 748 862 igitur,
763 793 797 842 ut
810 793 902 842 totam
914 803 974 842 rem
985 783 1165 856 omittamus,
1174 801 1232 842 nec
1242 782 1337 860 inqui·

139 862 145 875 ¹
234 897 331 936 ramus
345 873 478 936 scilicet?
500 875 628 954 Egregie
643 876 776 954 profecto
790 877 860 936 urbs
874 875 1029 948 incoletur,
1042 874 1068 934 si
1080 895 1148 954 quus
1160 874 1217 952 ipsi
1229 873 1337 952 reipsa

161 961 164 970 ¹
234 969 295 1049 fieri
316 968 434 1039 scimus,
448 987 483 1026 ee
496 968 553 1027 nisi
573 969 638 1046 quis
658 968 742 1028 nobis
756 969 816 1030 huc
836 986 1020 1046 progressus,
1037 967 1125 1027 simul
1145 965 1296 1026 evidenter
1307 975 1338 1024 et

61 1129 64 1136 Ι
169 1055 417 1138 'impudenter
444 1079 505 1132 suo¹
526 1059 693 1118 testimonio
722 1060 910 1132 confirmarit,
937 1069 1095 1138 propterea
1120 1056 1342 1118 obliviscemur.
1452 1042 1453 1089 l

232 1151 327 1231 quue
340 1153 387 1212 vel
400 1152 541 1231 exemplis
563 1150 740 1230 intelligite.¹
760 1151 815 1211 Est
826 1161 924 1212 autem
938 1151 1135 1211 necessarium
1149 1149 1271 1222 scilicet,
1286 1171 1335 1210 ex·

228 1245 330 1324 „empla
343 1264 409 1304 esse
422 1241 585 1304 consimilia
599 1241 745 1303 Timarchi
759 1243 898 1302 moribus.
925 1241 1041 1302 Videtis
1052 1263 1103 1302 eos
1118 1239 1168 1321 qui
1186 1243 1217 1300 in
1230 1243 1337 1321 prosti-
1452 1260 1453 1283 ¹

231 1335 310 1396 bulis
323 1335 438 1410 sedent,
454 1347 483 1394 et
502 1333 599 1394 scelus
613 1331 693 1408 istud
714 1330 884 1405 admittunt,
897 1343 930 1392 ut
943 1333 1057 1394 inficias
1076 1333 1119 1392 ire
1134 1353 1195 1393 non
1208 1334 1334 1414 possint

231 1429 346 1490 Tamen
360 1429 418 1502 isti,
427 1447 498 1488 cum
510 1427 537 1486 ei
551 1428 721 1487 necessitati
734 1438 780 1486 est
792 1426 963 1506 parendum,
978 1427 1109 1486 dedecus
1122 1425 1155 1485 id
1167 1426 1334 1486 velamento
1366 1471 1369 1477 .
1452 1422 1453 1497 ᾗ

229 1505 360 1602 quodam
374 1530 486 1600 tegunt,
500 1528 531 1578 et
543 1517 611 1578 soris
627 1520 800 1580 occludunt.
822 1519 913 1587 Quod
926 1519 1014 1597 siquis
1028 1519 1269 1603 praetereuntium
1281 1508 1334 1578 ios

229 1622 428 1696 percontetur,
443 1609 514 1690 quid
526 1611 615 1671 homo
629 1613 678 1672 ille
699 1621 771 1673 tunc
785 1621 866 1690 ngat,
887 1608 986 1670 statim
1003 1610 1107 1670 dicatis
1130 1631 1239 1671 nomen
1255 1609 1334 1671 illius

228 1707 386 1770 facinoris:
408 1725 576 1784 quanquam
597 1726 656 1765 non
674 1703 803 1765 videritis
816 1703 882 1783 quis
896 1705 984 1764 fuerit
1007 1705 1169 1783 ingressus,
1184 1705 1239 1766 sed
1253 1725 1333 1785 quae·

228 1811 307 1860 stum
319 1799 420 1859 sciatis
436 1799 473 1856 ab
491 1797 542 1856 illo
553 1797 672 1860 homine
691 1797 874 1870 institutum,
882 1807 913 1854 et
926 1815 987 1855 rem
1001 1795 1183 1876 intelligatis.
1218 1795 1333 1856 Eodem

178 1932 183 1944 „
202 1882 205 1887 ’
228 1893 317 1971 igitur
327 1890 415 1951 modo
426 1909 475 1948 vos
487 1889 574 1949 decet
587 1890 617 1948 in
628 1889 817 1948 Timarchum
826 1889 916 1969 etium
927 1888 1093 1966 inquirere:
1107 1909 1163 1949 neo
1171 1889 1249 1948 illud
1260 1909 1332 1950 cou-

229 1985 368 2055 siderare,
387 2002 424 2041 an
438 1981 541 2058 aliquis
555 1979 670 2054 viderit,
689 1981 742 2041 sed
757 2001 797 2065 an
816 2000 863 2040 res
880 1981 917 2040 ab
938 2000 975 2040 eo
988 1990 1154 2060 perpetrata
1175 1983 1224 2040 sit
1254 1981 1332 2043 Nam

128 2130 131 2134 .
227 2078 297 2156 quid
309 2097 364 2156 per
375 2075 458 2147 deos,
476 2073 640 2145 Timarche,
663 2074 823 2134 dicendum
836 2073 903 2133 esti
925 2073 1073 2151 nmquid
1085 2074 1149 2152 ipse
1162 2082 1197 2132 tu
1216 2074 1329 2136 dioeres

226 2171 265 2232 de
279 2169 471 2240 aliohcmine,
481 2169 531 2245 qui
541 2167 644 2226 eodem
659 2167 779 2225 crimine
793 2163 1002 2226 accusaretur?
1024 2165 1332 2245 nmquid-dicendum

227 2275 283 2337 est,
296 2283 364 2323 cum
378 2263 466 2321 homo
483 2260 670 2336 adolescens,
684 2260 812 2340 paternis
826 2259 936 2318 aedibus
951 2257 1069 2331 relictis,
1082 2259 1114 2318 in
1128 2259 1226 2324 aliena
1238 2261 1328 2319 domo

173 2357 178 2372 ’
223 2365 386 2436 pernoctet,
398 2356 462 2415 aliis
476 2354 558 2412 vultu
574 2366 738 2432 praestans:
761 2372 828 2412 cum
842 2354 1022 2432 sumptuosis
1035 2351 1127 2410 coenis
1147 2352 1254 2411 fruitur
1267 2353 1330 2413 sine

225 2468 281 2511 suo
299 2447 435 2529 sumptu:
455 2465 523 2508 cum
538 2455 569 2506 et
581 2446 717 2509 tibicinas
730 2446 830 2517 habet,
845 2455 936 2524 atque¹
954 2445 1121 2522 meretrices
1134 2448 1330 2526 iumpmosis-

136 2568 140 2577 *
225 2544 333 2602 simas:
354 2560 422 2601 cnm
435 2542 501 2601 alen
509 2540 602 2601 ludit:
618 2560 672 2601 nec
683 2541 747 2619 ipse
760 2538 920 2618 quicquam
933 2538 1032 2612 solvit,
1045 2539 1189 2601 sedulius
1201 2559 1260 2618 μυ
1272 2560 1329 2609 coz

182 2637 187 2658 '
225 2632 359 2710 nunquid
369 2633 466 2691 adhuc
479 2632 537 2690 ists
550 2630 757 2693 divinationem
769 2629 938 2710 requirunt?
960 2631 1030 2691 Non
1039 2631 1162 2709 planum
1174 2639 1234 2704 cst,
1247 2632 1329 2693 ulium

224 2726 286 2787 lieri
301 2744 360 2786 non
375 2742 474 2803 posse,
488 2723 559 2802 quin
570 2724 594 2782 is
605 2723 655 2801 qui
668 2732 714 2783 tot
726 2743 773 2783 res
788 2724 933 2802 aliquibus
946 2723 1079 2802 imperet,
1091 2724 1200 2803 etipse
1212 2745 1271 2803 pro
1280 2725 1327 2785 lu's

223 2818 389 2897 voluptates
416 2814 560 2895 aliquibus
586 2816 766 2894 suppeditet,
788 2817 839 2895 qui
856 2816 950 2875 etism
976 2825 1132 2895 argentum
1153 2818 1329 2877 insuunt?

225 2912 331 2989 Neque
348 2910 437 2979 euim,
452 2910 493 2968 itu
507 2928 553 2969 me
569 2910 684 2987 Jupiter
704 2920 793 2981 uma,
808 2926 869 2987 qua
881 2909 940 2969 alia
959 2908 1072 2969 ratione
1085 2908 1251 2970 nodutim
1264 2922 1328 2971 u·

199 3053 201 3058 .
223 3004 303 3085 pium
313 3001 475 3063 facinorum
486 3013 604 3061 tuorum
618 2997 795 3061 mentionem
807 3002 924 3073 faciam,
936 3002 1065 3062 irrueuio.
1132 3054 1136 3058 .

267 3098 315 3154 16.
337 3095 491 3154 AEstimate
505 3104 604 3153 autem
626 3114 697 3165 rem,
713 3093 737 3153 si
757 3092 890 3165 vultis,e
906 3093 1040 3153 civilibus
1051 3094 1212 3173 exemplis:
1230 3096 1329 3175 iisqne

221 3189 406 3268 potissimum
423 3206 490 3265 quoe
505 3206 584 3247 nnnc
598 3187 628 3245 in
651 3186 786 3246 mnudm
800 3185 926 3243 hebetis.
969 3182 1116 3263 Suffragia
1127 3184 1281 3247 latn‘suut
1298 3190 1329 3247 iu

222 3280 402 3359 municipiis:
423 3290 453 3339 ct
465 3280 592 3359 quisquc
610 3288 746 3339 nostrum
770 3276 942 3356 suffragium
962 3278 1030 3345 tulit
1050 3277 1090 3337 de
1106 3278 1239 3353 homine,
1261 3281 1327 3359 quir

222 3390 291 3432 uere
304 3372 342 3429 sit
353 3370 557 3445 Atheniensis,
571 3372 637 3450 quis
651 3390 711 3430 non
726 3370 774 3429 sit
794 3370 894 3447 Atque
910 3388 969 3447 ego
980 3388 1049 3429 cum
1063 3370 1178 3430 accedo
1193 3372 1236 3430 nd
1247 3373 1326 3450 juri·

220 3465 310 3533 cium,
326 3471 357 3521 et
367 3480 433 3519 reos
446 3462 544 3532 audio,
555 3462 630 3521 idem
645 3462 723 3540 apud
735 3481 789 3523 rou
805 3480 920 3540 semper
931 3462 1030 3521 valere
1043 3462 1139 3521 rideo.
1158 3462 1241 3523 Nam
1257 3485 1325 3525 cum

220 3554 294 3614 dicit
307 3561 480 3625 accusator:
501 3552 633 3623 dedices,
649 3554 727 3619 hunc
747 3552 906 3633 populares
916 3554 1163 3627 condemnarunt,
1173 3556 1235 3615 etsi
1247 3577 1325 3617 rnor-

171 3712 174 3719 ,
218 3648 324 3708 talium
332 3665 420 3706 nemo
429 3646 545 3727 jmarit,
559 3656 610 3707 ant
620 3649 776 3721 accusarit,
788 3658 840 3708 aut
849 3648 1049 3708 testimonium
1059 3650 1092 3707 in
1100 3667 1169 3709 eum
1178 3650 1325 3712 mseri-

219 3758 275 3802 vus
297 3750 407 3811 umen,
428 3740 536 3819 quippe
557 3740 675 3811 conscii,
703 3742 921 3801 tumultuamini
941 3741 1053 3814 statim,
1069 3742 1154 3819 quasi
1173 3760 1245 3804 rens
1261 3764 1324 3806 neu

217 3835 327 3897 habeat
335 3833 386 3911 jus
399 3833 532 3892 civitatis.
555 3832 660 3911 Neque
674 3832 752 3893 enim
765 3836 849 3894 vobis
863 3852 939 3914 opus
951 3854 1019 3895 esse
1031 3833 1148 3904 ridetur
1164 3837 1261 3895 verbis
1271 3849 1324 3897 aut

216 3925 402 3996 testimoniis,
415 3924 450 3983 iis
465 3925 495 3982 in
507 3925 608 3996 rebus,
622 3925 774 4003 quosquis
788 3926 854 4006 ipse
869 3926 1020 3987 evidenter
1038 3926 1132 3986 novit.
1162 3928 1230 4006 Age
1243 3946 1323 4002 reru,

158 4077 164 4086 ,
217 4023 242 4103 si
263 4016 511 4099 quomadmodum
526 4014 564 4075 de
584 4034 701 4095 genere,
717 4018 809 4077 sicde
824 4007 891 4092 scta
906 4011 969 4077 rita
986 4016 1133 4077 Timarchi
1144 4018 1322 4098 suffugium

215 4112 369 4172 ferendum
381 4109 496 4180 fnisset,
509 4118 606 4167 utrum
614 4120 772 4182 teneretur,
786 4130 824 4169 sn
836 4130 908 4171 vero
923 4131 983 4171 non
997 4121 1166 4171 teneram
1187 4123 1220 4172 st
1230 4132 1279 4173 uos
1291 4116 1322 4174 m

210 4203 323 4283 judicio
337 4204 508 4283 disceptatu,
516 4202 657 4280 vobisque
666 4203 817 4282 proposita
826 4203 941 4277 luisset,
951 4214 986 4263 ut
998 4219 1096 4264 nuuc:
1112 4224 1173 4265 non
1183 4205 1322 4269 licuisset

215 4303 313 4352 entem
325 4312 376 4373 per
385 4296 484 4379 legem
506 4302 560 4353 aut
579 4292 729 4354 decretum
741 4296 792 4355 vel
805 4295 877 4355 mihi
890 4314 1042 4371 accusare,
1057 4297 1107 4356 rel
1125 4297 1176 4358 issi
1193 4313 1320 4360 cuum

212 4382 328 4444 dicere:
349 4388 520 4467 sedprssco,
532 4387 675 4465 quinunc
688 4387 759 4451 milri
771 4388 881 4473 adstet,
890 4409 944 4454 vos
954 4390 1089 4469 legitimo
1096 4390 1151 4453 illc
1162 4393 1316 4473 pisso-io
