2967 4950
15 4628 17 4675 l

476 371 693 436 rursusne
714 322 939 435 incurrunt
1196 373 1258 435 ιιι

155 539 208 584 ιιι
222 521 330 586 decere
337 541 447 588 censeo
461 538 494 588 ut
507 526 640 592 homines
650 487 779 606 superbi,
790 535 821 590 et
833 525 984 619 apientiue
993 524 1128 604 opinione
1141 525 1256 598 tumidi,

150 613 276 675 silenum
300 603 453 700 appe'tant,
467 629 519 682 aut
540 619 674 698 eripiant,
696 619 868 698 eloquentia
888 610 975 682 freti
996 618 1063 684 ιιι
1084 617 1164 680 euim
1184 630 1256 682 sunt

151 703 271 783 improbi
284 709 428 788 sophista
441 719 472 770 et
482 711 559 773 male
573 710 745 774 mulctandi.
787 711 922 777 Lacritus
935 719 1033 773 autem
1039 709 1182 788 judicium
1195 709 1253 773 boe

150 797 245 869 subiit,
261 799 396 872 ludices,
416 821 474 862 non
494 802 560 882 jure
574 802 680 876 fretus,
696 821 765 865 eum
779 803 852 866 saur
865 802 942 868 roirt
953 801 1202 880 quemadmodum
1221 801 1253 866 ln

149 887 200 950 boo
213 899 321 958 mutuo
343 913 377 955 se
395 893 549 972 gesserint,
567 895 620 959 sed
644 913 676 958 ae
697 913 751 974 pro
773 894 944 973 eloquentia
957 894 1055 961 suain
1069 892 1149 956 mula
1161 912 1254 961 cuttu

147 981 231 1044 iaoile
245 984 410 1048 orationem
432 987 674 1060 inventurum'et
696 1005 732 1052 eo
746 1007 799 1051 ιιι
810 1001 872 1067 quo
885 989 948 1073 ipse
963 985 1088 1053 voluerit
1100 985 1253 1049 traductu-

147 1092 208 1134 run
217 1075 368 1154 opinatur.
410 1081 485 1146 ttae
500 1081 577 1143 enirn
592 1081 747 1166 pollicetur
756 1090 788 1144 et
805 1101 838 1144 se
849 1081 1036 1160 eloquentem
1050 1091 1116 1167 epse
1126 1079 1254 1160 jactitat,

149 1175 177 1226 et
197 1179 358 1258 argentum
381 1172 513 1252 postulat
534 1182 565 1238 et
586 1173 747 1253 discipulos
768 1173 894 1252 colligit,
904 1173 953 1237 'bis
974 1172 1046 1252 ipsis
1068 1171 1179 1236 artibus
1200 1189 1253 1236 ιιι

148 1260 330 1330 auditurum
344 1283 379 1328 se
399 1265 553 1345 pollicens.
595 1267 644 1328 Ao
669 1267 795 1346 primunr
817 1267 923 1331 fratres
945 1284 1017 1329 euos
1037 1264 1096 1327 boo
1109 1264 1253 1332 doetrinae

146 1372 256 1432 genere
269 1357 408 1430 instituit,
424 1379 513 1438 quarn
526 1377 578 1420 vos
594 1359 710 1423 sentitis
728 1360 892 1439 improbam
905 1370 971 1423 a'sse
990 1367 1023 1422 et
1034 1357 1185 1436 injustam,
1196 1357 1252 1418 lu-

146 1445 234 1519 dier,
249 1458 283 1508 ut
303 1451 332 1514 iu
351 1451 449 1515 ιιιιιι
470 1461 602 1516 mercatu
621 1452 779 1532 pecuniam
797 1452 946 1517 ιιιιιιιιι
967 1457 1149 1522 mutuentur,
1160 1466 1254 1526 eaque

147 1536 333 1615 defraudent,
347 1563 402 1607 ιιι
416 1545 554 1608 reddant.
596 1545 657 1614 Qui
675 1546 791 1628 possint
812 1564 881 1609 ιιιι
899 1543 1033 1608 ιοιιίιιι
1051 1537 1253 1622 improbiores,

146 1631 190 1692 vel
210 1635 490 1711 magistratusve
504 1638 613 1700 talibus
627 1638 798 1718 discipulis?

186 1725 234 1784 ll.
258 1723 408 1792 Quoniam
428 1728 518 1808 igitur
537 1727 664 1792 disertus
687 1739 741 1800 ιιι.
754 1740 788 1795 ιι
806 1729 978 1809 eloquentia
999 1729 1092 1791 treus
1115 1743 1151 1788 uo
1173 1725 1253 1787 mille

146 1815 306 1889 drachmis,
318 1829 390 1908 quas
404 1822 546 1920 magistro
561 1819 652 1890 dedit,
670 1823 774 1899 jubete
788 1841 856 1884 eum
868 1822 973 1883 docere
988 1836 1052 1894 ιιι,
1066 1830 1118 1883 ιιι
1131 1838 1182 1880 eos
1200 1839 1252 1897 pe·

145 1909 264 1972 cuniam
277 1927 338 1968 non
353 1907 505 1988 accepisse
519 1929 537 1968 a
552 1909 650 1979 nobis,
664 1921 715 1970 aut
728 1901 887 2013 acceptam·
895 1913 1072 1984 reddidisse,
1086 1923 1140 1972 aut
1155 1911 1251 1972 nauti·

146 2021 196 2066 cas
208 2001 397 2082 syngraphas
411 2011 490 2064 ratas
505 2019 569 2062 seue
583 2019 643 2060 uon
655 2010 801 2079 oportere,
813 2011 866 2060 aut
877 2001 910 2064 iu
924 2003 1013 2062 aliurn
1032 2022 1120 2064 nsum
1130 2018 1253 2062 conrar-

145 2093 250 2153 teudas
264 2112 332 2152 esse
345 2093 486 2172 pecunias
501 2113 589 2172 quarn
603 2093 633 2154 in
648 2111 715 2152 sum
729 2092 769 2152 ad
781 2103 871 2170 quern
889 2112 926 2153 er
939 2092 1110 2172 syngrapha
1131 2112 1253 2171 accepe-
1335 2164 1343 2178 ,

145 2176 224 2246 runt.
253 2185 368 2250 Horum
390 2184 591 2265 quodeunque
604 2184 730 2256 uoluerit
750 2185 928 2264 persuadeat
945 2185 1040 2257 robis,
1053 2194 1116 2268 turn
1137 2196 1256 2264 egomet

146 2292 265 2356 quoque
279 2277 420 2341 assentiar
430 2277 678 2357 sapientissimum
692 2297 759 2340 ease
770 2297 850 2351 auru,
864 2279 888 2338 si
901 2278 985 2340 robis
997 2278 1087 2346 fidem
1101 2279 1253 2342 leceritde
1304 2278 1307 2285 ’
1355 2299 1362 2307 ’

146 2371 348 2433 ιιιιιιιιιιιι
372 2370 552 2433 mercatoris
571 2370 793 2450 judicantibus:
829 2369 979 2434 sedeatis
1002 2371 1065 2432 seio
1083 2391 1145 2433 uon
1165 2391 1256 2452 punse

146 2461 218 2536 fieri,
234 2472 270 2525 ιι
282 2463 440 2545 quicquam
453 2463 558 2525 horum
571 2463 619 2523 rel
633 2464 737 2544 probet
751 2464 797 2527 rel
809 2462 998 2545 persuadeat.

189 2558 238 2619 12.
261 2557 323 2619 Sed
332 2558 377 2619 nis
391 2558 515 2627 omissis
528 2557 609 2635 agita
627 2576 679 2636 per
694 2557 777 2630 deos,
791 2556 925 2625 iudices,
937 2557 963 2617 si
976 2557 1155 2621 cambarium
1173 2560 1252 2621 accl-

126 2660 127 2669 ’
148 2649 251 2723 disset,
264 2660 295 2711 ιι
306 2664 369 2732 aon
389 2650 472 2711 istius
486 2651 576 2711 frater
588 2639 746 2711 defunctus
761 2651 916 2729 pecuniam
935 2649 1006 2709 mihi
1024 2650 1184 2724 debuisset,
1198 2654 1252 2713 sed

147 2762 202 2823 ego
225 2744 310 2805 fratri
326 2745 391 2824 ejus
409 2744 565 2817 talentum,
578 2754 630 2804 aut
647 2744 801 2822 octoginta
814 2744 920 2817 minas,
935 2754 987 2803 aut
1008 2743 1077 2823 plus
1096 2745 1251 2811 minum:

148 2854 217 2897 num
239 2837 351 2915 putatis
371 2835 517 2897 lauritum
541 2834 644 2895 eadem
660 2836 750 2895 rerba
762 2835 856 2896 luisse
869 2835 1037 2907 allaturum,
1050 2834 1156 2913 quibus
1173 2856 1253 2897 nuuc

149 2929 258 2991 abusus
267 2936 325 2999 est,
339 2934 391 2989 adt
404 2948 437 2989 ιι
450 2926 595 2989 b'oeredem
609 2946 675 2987 esse
689 2937 866 3005 negaturum
880 2928 1035 2994 cedentem
1043 2927 1140 2992 fratris
1153 2929 1251 3001 bonit,

151 3031 180 3082 et
198 3042 259 3082 non
281 3020 468 3081 acerbissime
489 3039 507 3078 a
525 3037 573 3077 me
591 3028 772 3090 exacturum,
787 3020 866 3079 sicut
882 3021 981 3099 exegit
996 3022 1033 3079 ab
1049 3019 1127 3092 aliis,¹
1141 3020 1166 3080 si
1185 3022 1252 3099 quis

149 3112 189 3171 illi
201 3113 346 3175 defuncto
361 3112 473 3189 debuit,
486 3111 533 3171 vel
548 3109 717 3184 Phaselide,
730 3111 775 3171 vel
796 3111 865 3171 alibi
881 3113 993 3191 uspiam
1005 3110 1018 3168 l
1053 3111 1142 3178 Quod
1160 3110 1185 3171 si
1198 3132 1253 3172 no·

150 3214 238 3265 strum
248 3204 367 3284 aliquis,
381 3206 418 3265 ab
432 3205 489 3263 isto
504 3212 671 3275 accusatus,
682 3204 885 3283 exceptionem
896 3222 1045 3284 opponere
1060 3213 1140 3264 esset
1150 3223 1252 3278 ausus,

150 3296 186 3356 de
207 3316 269 3357 non
291 3296 392 3356 danda
413 3296 439 3355 ei
459 3296 585 3369 actione,
604 3296 675 3354 satis
699 3297 772 3368 scio,
787 3296 879 3355 luisse
901 3315 968 3355 eum
992 3294 1255 3375 indignaturum'et

148 3400 378 3469 conquesturum
400 3387 479 3467 apud
499 3407 561 3460 vos,
577 3386 763 3447 dictitanteut
784 3388 884 3467 inique
905 3406 1006 3449 secura
1026 3389 1084 3467 agi,
1098 3399 1130 3472 et
1151 3387 1254 3449 uiolari

150 3482 240 3562 leges,
255 3482 280 3542 si
306 3481 372 3561 quis
396 3482 422 3540 ei
448 3499 508 3539 non
530 3479 830 3561 dandamactioueru
849 3480 877 3539 in
903 3490 1057 3556 contractu
1077 3480 1253 3541 mercatorio

150 3576 381 3654 pronunciasset.
423 3572 490 3633 Tibi
503 3573 601 3653 igitur,
613 3573 738 3647 Lacrite,
747 3579 862 3650 justum
873 3574 954 3634 istud
969 3594 1033 3634 esse
1046 3574 1171 3648 videtur,
1183 3574 1254 3633 mihi

150 3668 429 3749 veroquamobrem
450 3686 510 3727 non
532 3667 615 3727 erit?
630 3669 680 3726 An
701 3686 760 3727 non
783 3666 927 3729 uniuersis
947 3667 1032 3727 nobit
1044 3667 1156 3732 eusdem
1171 3668 1254 3747 leges

150 3763 269 3841 scriptae¹
280 3770 359 3833 sunt,
374 3770 406 3819 et
419 3758 497 3820 idam
503 3760 553 3840 jus
565 3758 604 3819 de
615 3760 795 3819 mercatoriis
809 3758 996 3820 actionibus?
1025 3760 1252 3840 Quemquamne

149 3852 188 3913 ita
200 3853 367 3914 vaecordem
382 3872 447 3912 esse
470 3862 500 3913 et
513 3870 616 3911 omnes
637 3852 776 3912 mortales
795 3852 912 3936 vincere
931 3852 1126 3933 improbitate,
1140 3862 1174 3913 ut
1188 3872 1254 3933 per-

151 3945 275 4007 suadere
289 3944 395 4005 robis
387 3944 522 4005 instituat
535 3954 570 4003 ut
588 3942 765 4016 decernatis,
786 3962 847 4003 uon
870 3943 999 4004 dandam
1020 3964 1085 4031 esse
1107 3945 1253 4005 actionem
1317 3983 1320 3992 ι

148 4038 180 4097 ln
190 4058 304 4127 Ι,ιιιιιι
320 4038 378 4111 hac
402 4036 584 4109 mercatoria,
598 4054 665 4095 eum
687 4054 739 4095 ros
764 4054 844 4121 nunc
864 4038 1051 4097 mercatorias
1072 4025 1178 4097 causas
1193 4036 1254 4097 dis-

151 4150 185 4192 ce
207 4131 299 4193 tetis.

185 4120 241 4284 la.
263 4223 324 4284 Sed
338 4216 409 4303 quid
419 4223 516 4307 jubes,
530 4220 702 4283 oLacritei
733 4218 804 4283 Non
818 4222 889 4282 satis
909 4240 975 4281 esse
990 4240 1093 4282 censes
1107 4240 1162 4281 nos
1174 4221 1253 4283 irau

150 4317 214 4377 dari
227 4304 364 4397 pecunia,
379 4335 468 4394 quam
488 4316 686 4399 mutuavimus
705 4314 798 4388 vobis,
812 4315 899 4375 seda
915 4314 1020 4375 robis
1012 4309 1170 4386 invincula
1182 4332 1253 4375 oon-

146 4409 211 4488 jici,
226 4410 368 4471 mulcta
361 4430 481 4489 rusuper
500 4408 640 4489 irrogata,
655 4409 685 4475 ni
709 4408 906 4488 solverimus?
926 4408 1039 4476 Quid
1032 4407 1170 4485 iniquius,
1183 4407 1254 4485 quid
1338 4475 1342 4481 ι

150 4502 313 4583 indignius,
322 4502 397 4583 quid
410 4503 493 4564 rabis
507 4502 618 4582 turpius
631 4500 694 4561 ficri
715 4511 815 4581 queat,
830 4501 962 4575 Judices,
976 4520 1064 4579 quarn
1084 4518 1146 4572 eos,
1160 4499 1209 4578 qui
1223 4500 1254 4560 in

678 4598 698 4652 4
716 4615 736 4654 ,ι
