2967 4950
354 317 414 384 na
433 315 557 384 neus
566 269 706 376 ossan
727 277 996 376 nasamonas
1054 407 1058 428 Ι
1103 365 1104 370 .
1180 311 1226 372 ιι.

111 489 218 572 quid
210 509 241 548 ιιι
254 506 291 547 eo
302 485 435 553 dicatur.
469 486 586 566 loquo
605 429 718 563 aperte
734 481 875 575 scriptum
896 485 962 538 esti
988 495 1054 536 curn
1076 474 1221 534 deliberet

112 583 247 665 populns
260 580 451 639 Atheniensis
465 579 502 638 de
516 597 590 658 pace
603 568 780 654 Philippica,-
796 572 885 650 legati
901 581 998 632 autem
1013 569 1144 628 nondum
1165 569 1219 627 ad-

113 678 188 745 sint,
191 692 294 754 qnos
307 672 454 752 ablegarit
468 669 626 750 populns
617 689 655 728 m
667 665 825 735 Graeciam,
843 665 897 744 qui
911 666 1002 724 urbes
1022 663 1060 746 ad
1080 660 1226 730 tuendam
1323 691 1328 697 ·

117 768 295 850 Graecorum
310 765 475 824 libertatem
493 762 699 846 exhortentur:
720 758 814 817 risum
829 777 896 816 esse
910 757 1009 840 sociis,
1021 738 1071 814 ubi
1084 753 1227 814 redierint

116 859 222 943 legati,
236 867 268 916 et
278 863 348 916 acta
359 876 414 917 sua
426 853 621 914 renuncmrrnt
635 840 877 918 Atheniensibus,
895 865 1053 933 eorumque
1074 845 1172 916 sociis,
1189 854 1225 902 ut

118 951 265 1036 curiones
272 949 345 1010 duas
359 928 519 1008 conciones
537 943 698 1005 secundom
717 942 800 1028 leges
820 940 961 1010 indicant,
980 950 1066 1018 atque
1086 939 1116 997 in
1134 938 1170 996 iis
1184 936 1230 996 ιιι,

119 1063 196 1130 pace
215 1041 382 1108 deliberent
392 1039 598 1099 Athenienses
621 1033 770 1122 Quicquid
785 1044 883 1095 autem
901 1030 1041 1118 populus
1044 1030 1223 1090 decreverit:

121 1135 155 1194 id
167 1135 231 1194 fore
245 1151 399 1218 commune
412 1131 557 1192 sociorum
570 1129 731 1188 decretum.
760 1126 866 1232 Recita
878 1143 948 1208 ergo
963 1109 1113 1208 decretum
1126 1142 1224 1202 assesf

123 1247 248 1296 sonim.

408 1351 640 1412 DECRETUM
662 1337 982 1440 Asssssouums

126 1484 240 1545 Confer
253 1463 322 1542 cuin
339 1482 396 1541 hoc
411 1482 500 1541 etiam
515 1479 723 1539 Demosthenis
737 1479 899 1549 decretum,
913 1481 971 1556 quo
979 1476 1065 1556 jubet
1079 1474 1225 1548 curiones,

124 1585 198 1673 post
209 1577 322 1633 urbana
337 1573 543 1644 Bacchanalia,
557 1558 588 1631 et
600 1571 770 1631 concionem
792 1570 822 1627 in
836 1568 946 1628 Bacchi
959 1568 1024 1626 aede
1044 1566 1144 1626 haberi
1158 1567 1226 1626 soli-

127 1663 202 1748 iam,
200 1665 339 1723 rndrcere
351 1661 735 1735 duasconcrones,alteram
748 1660 796 1719 dre
809 1679 926 1726 avrrr
941 1659 1060 1718 alteram
1076 1677 1165 1730 ιιιιι.,
1176 1657 1228 1717 de·

127 1748 234 1818 finiens
248 1768 375 1834 tempus,
389 1766 419 1814 et
432 1755 588 1814 conciones
600 1753 780 1832 praeripiens,
796 1762 864 1810 ante
878 1752 1051 1828 legatorum
1047 1749 1091 1810 ad
1107 1703 1232 1812 Graecos

128 1844 287 1909 missorum
301 1847 438 1925 reditum.
460 1847 504 1905 A'c
518 1846 664 1906 sociorum
678 1843 795 1922 quidem
811 1843 960 1902 decretum
971 1841 1066 1920 jubet,
1083 1842 1163 1919 quod
1181 1862 1228 1900 me

129 1936 297 2026 ¹qnoque
265 1918 432 1998 defendisse
446 1919 550 2009 fateoi,
561 1956 612 1997 ros
622 1931 663 1996 de
677 1955 750 2014 pace
762 1935 907 1994 duntaxat
918 1933 1095 1994 delrberare:
1117 1911 1235 2018 Deino-

131 2030 255 2142 sthenes
268 2016 376 2103 autem,
389 2030 478 2118 etiam
491 2029 529 2088 de
543 2027 683 2088 societate
691 2027 793 2106 jubet.
810 2025 919 2085 Recita
928 2024 1088 2110 decretum.

296 2222 354 2290 fl!
396 2198 631 2272 DECRETUM
653 2195 966 2268 DEMOSTHENIs

134 2331 297 2411 Decretum
323 2338 476 2414 utrumque
504 2328 669 2399 audivistis,
698 2327 909 2400 Athenienses,
935 2326 1014 2388 unde
1041 2325 1235 2406 convincitur,

135 2422 368 2484 Demosthenem
387 2421 542 2497 affirmare,
562 2419 726 2504 legationes
745 2439 799 2480 eas
817 2439 884 2498 quoe
904 2419 1084 2491 abfuerunt,
1094 2418 1234 2479 affuisse:

135 2506 166 2576 et
174 2533 242 2577 cum
255 2533 320 2573 vos
317 2512 422 2573 audire
433 2512 557 2582 velletis,
563 2512 680 2598 irritum
690 2511 795 2571 fecisse
810 2512 962 2571 decretum
975 2510 1129 2572 sociorum.
1156 2510 1238 2569 Nam

134 2598 194 2665 illr
204 2596 324 2683 quidem
342 2590 592 2682 pronunciarent.
616 2588 805 2689 Graecanicas
821 2602 993 2689 legationes
1013 2623 1078 2670 esse
1098 2604 1164 2665 urbi
1182 2622 1239 2667 ιιιι-Ι

137 2695 335 2776 spectandas:
357 2694 572 2753 Demosthenes
590 2679 688 2753 autem
706 2715 766 2753 non
788 2696 881 2783 verbis
900 2706 1015 2755 tantum
1037 2695 1158 2766 obstitit,
1176 2713 1235 2773 quo

137 2789 237 2847 minus
250 2796 498 2866 exspectarentur,
511 2806 561 2875 qui
552 2787 783 2849 illudornnium
798 2788 973 2879 turpissime
969 2808 1011 2847 ac
1025 2788 1190 2848 celerrime'
1182 2808 1237 2845 ιιιι-

138 2881 275 2950 mntarit,
286 2880 339 2938 sed
352 2899 382 2937 re
396 2872 460 2957 ipsa
469 2887 499 2936 et
512 2866 642 2948 decreto,
654 2874 768 2957 quippe
774 2880 823 2957 qui
837 2880 934 2938 statim
950 2879 1118 2938 deliberari
1107 2881 1238 2958 Jusserit.

145 2973 236 3033 ,·.23
258 2968 352 3028 Dixit
360 2980 468 3040 autern,
486 2988 533 3028 ure
551 2970 646 3048 priore
660 2971 812 3041 concione,
832 2988 899 3029 curn
922 2972 1010 3031 verba
1029 2970 1155 3037 fecisset
1170 2968 1240 3028 Ριιι-1

16 3055 27 3148 ἶ,
136 3064 277 3131 locrates,
285 3071 356 3138 post
367 3080 435 3119 eum
448 3069 772 3139 suggestueonscenso
786 3062 1008 3140 reprehendisse
1022 3080 1134 3140 pacem,
1152 3062 1238 3139 eujus
1277 3097 1281 3103 -

141 3163 247 3217 auotor
260 3154 309 3212 ille
323 3152 428 3212 fuerit:
452 3172 576 3232 eamque
595 3165 710 3232 turpem
733 3164 764 3213 et
778 3154 896 3213 civitate
911 3153 1060 3256 indignam
1072 3153 1239 3251 judicasse:

141 3246 286 3328 postridie
306 3248 404 3304 autem
422 3245 613 3324 suffragatum
636 3242 804 3319 Philocrati,
823 3256 854 3303 et
874 3245 1043 3303 concionem
1068 3264 1174 3321 magno
1189 3264 1243 3337 ap·¹

143 3339 295 3420 plausum
309 3336 486 3396 sententiam
500 3355 594 3396 meam
607 3336 800 3418 perduxisse:
821 3356 895 3395 curn
916 3334 1069 3395 suaderem
1090 3337 1184 3407 vobis,
1203 3356 1242 3397 ne

144 3429 381 3493 auscultaretis
363 3449 410 3498 ns,
423 3448 471 3505 qur
464 3428 617 3506 proelia
599 3439 630 3487 et
641 3429 802 3507 triumphos
817 3430 957 3503 majorum
974 3442 1245 3502 commemorarent,
1257 3484 1263 3493 .

29 3537 36 3557 ’
143 3544 219 3583 neve
234 3521 346 3580 Grmcis
356 3520 577 3580 auxiliaremini.
602 3521 636 3580 ld
653 3522 840 3581 verocrimen
854 3531 1037 3581 nontontum
1049 3542 1115 3581 esse
1125 3524 1243 3593 falsum,

34 3606 38 3641 ³
146 3614 302 3697 sedetiam
316 3614 378 3671 fieri
388 3614 431 3671 sio
441 3630 501 3671 non
511 3612 653 3691 potuisse,
665 3615 790 3692 primum
801 3614 891 3693 ipsius
905 3614 1124 3684 Demosthenis,
1137 3606 1244 3674 deinde

37 3721 40 3732 '
147 3707 279 3767 omnium
295 3705 529 3774 Atheniensium,
544 3706 629 3765 tertio
639 3706 715 3777 loco,
725 3717 834 3778 vestro,
846 3708 1111 3779 siadmoneamini,
1121 3708 1246 3787 denique

24 3823 41 3849 ι
148 3797 204 3859 siri
216 3816 331 3874 magnae
344 3796 374 3853 in
388 3796 539 3873 republica
558 3797 754 3867 auctoritatis,
772 3798 952 3875 Amyntoris,
966 3799 1013 3855 cui
1024 3799 1247 3858 Demosthenes

38 3892 41 3898 ’
149 3890 303 3951 decretum
317 3887 457 3959 ostendit,
469 3906 615 3966 quemque
625 3888 784 3959 consuluit,
794 3899 890 3956 utrum
899 3889 928 3947 id
943 3890 1028 3949 daret
1037 3892 1157 3950 scribae:
1179 3911 1247 3951 cum
1301 3908 1303 3911 ·

149 3981 271 4059 quidem
284 3999 345 4041 non
359 3980 546 4055 contrarium,
560 3980 613 4038 sed
627 3980 703 4038 idem
717 3979 801 4058 quod
812 3978 995 4039 Philocrates
1016 3984 1192 4063 scripsisset,
1205 3994 1250 4041 te*

152 4076 302 4151 stimonio,
315 4085 404 4153 atque
414 4074 506 4153 ipsius
519 4074 676 4134 calumniae
688 4075 871 4134 absurditate
887 4077 1066 4137 ostendetur.
1095 4078 1176 4155 Cape
1186 4078 1250 4136 De·

46 4246 48 4254 ¹
153 4168 318 4232 mosthenis
331 4167 493 4238 decretum,
507 4176 538 4225 et
553 4168 645 4226 recita
656 4187 664 4226 ι
675 4167 719 4225 ·in
739 4183 880 4245 quocum
901 4169 997 4247 priore
1020 4169 1160 4232 concione
1180 4170 1253 4229 'scri-'

29 4318 34 4326 ,
152 4259 248 4339 psisse
260 4268 388 4327 constat,
403 4258 491 4317 licere
504 4259 596 4344 cuivis
609 4259 640 4316 in
653 4258 782 4317 medium
797 4260 960 4333 consulere,
976 4260 1135 4338 posteriore
1150 4262 1252 4339 praesi-

30 4415 33 4423 ,
49 4365 53 4388 ³
152 4352 241 4410 dibus
253 4349 447 4409 recensendas
469 4370 534 4410 esse
548 4350 709 4409 sententias
723 4369 732 4409 ι
753 4362 784 4409 et
797 4370 858 4411 non
871 4352 988 4411 dicendi
1002 4361 1176 4431 potestatem
1187 4372 1254 4418 esse

49 4450 55 4488 2
153 4437 296 4521 dandam,
305 4459 370 4524 ¹qno
384 4452 518 4525 ⁴tompore
526 4442 590 4521 ipse
604 4461 651 4503 me
665 4443 707 4502 ait
716 4442 878 4509 Philocrati
893 4460 959 4504 esse
977 4441 1181 4522 suffragatum.
1254 4482 1257 4489 ·
