2967 4950
437 260 670 323 ranvnnsus
692 261 969 330 nnocnnnnrn.
1141 234 1157 284 ⁵
1201 270 1258 331 aar

159 432 253 497 quum
266 426 429 496 estquum
444 418 634 479 sacramento
642 419 825 481 contenderit
837 420 1054 483 dehaereditate
1065 422 1147 504 apud
1153 432 1263 503 prmto-

159 526 234 581 rem·,
247 510 333 589 quasi
346 518 426 571 esset
441 511 598 571 Archiadoe
610 512 688 571 filius
708 513 893 595 Otrynensis,
914 515 1085 577 Leostratns
1103 516 1158 575 iste
1171 515 1263 575 Eleu·

161 602 272 663 sinius:
287 602 450 664 aliudesse
463 615 673 679 contestatum,
682 618 716 667 ut
729 608 785 689 ipsi
797 610 927 684 cernitis,
941 610 1078 684 dicendo,
1093 620 1126 670 et
1137 610 1263 671 alterum

158 695 249 755 istum
263 716 329 756 esse
342 697 497 757 Archiadae
520 698 637 781 filium?
668 699 732 760 Utri
748 714 889 775 restrum,
909 714 944 762 ut
965 723 1035 763 vera
1054 703 1174 774 dicenti,
1186 703 1263 763 fides

159 797 208 847 est
217 787 377 848 habenda?
409 788 540 870 Idipsum
554 792 632 852 cuim
643 804 846 871 argumentum
859 814 919 854 nou
930 794 1081 854 minmiurn
1097 804 1144 855 est
1155 794 1263 855 falsam

159 879 255 939 luisse
269 882 523 957 contestationem,
536 884 617 963 qnod
633 884 736 945 eadem
757 887 796 946 de
816 907 848 947 re
866 908 926 947 non
940 888 1019 947 idem
1032 888 1264 949 controversiam

159 970 247 1033 facit.
288 973 392 1053 Neque
404 975 520 1056 injuria.
561 977 639 1053 Nam
651 998 717 1038 cum
727 978 903 1039 Leostratus
914 991 1097 1041 sacramento
1108 981 1264 1043 nobiscum

162 1064 206 1123 de
230 1065 396 1128 haereditate
418 1070 620 1143 contenderet,
634 1070 763 1131 nondum
784 1083 968 1134 contestatus
989 1076 1105 1143 suerat;
1125 1096 1205 1135 nunc
1217 1075 1263 1133 in-

162 1157 290 1239 scriptus
309 1170 355 1220 est
373 1169 408 1221 ut
425 1162 588 1243 municeps,
631 1164 729 1233 Quare
752 1168 882 1227 omniurn
903 1166 1054 1227 hominum
1075 1167 1264 1229 infelicissimi

160 1251 283 1337 erimus,
297 1254 323 1313 si
336 1256 541 1316 contestationi
555 1268 624 1337 post
636 1278 697 1319 rem
709 1259 797 1320 sacta
810 1261 899 1321 iidem
912 1260 1040 1321 habituri
1050 1260 1142 1321 estis.
1347 1250 1349 1254 ¹

204 1348 254 1409 19.
277 1347 358 1413 Quin
371 1348 535 1428 antiquiora
554 1351 650 1430 seipso
669 1362 854 1413 contestatus
868 1364 933 1413 est:
953 1354 979 1414 is
995 1354 1071 1413 enim
1093 1354 1143 1432 qui
1163 1354 1194 1413 in
1206 1354 1265 1413 Ar-

160 1438 278 1501 chiadae
296 1440 407 1501 familia
424 1444 643 1518 nondumsuit,
657 1465 725 1505 cum
746 1446 823 1506 actio
844 1447 909 1507 hoec
931 1448 968 1507 de
991 1447 1163 1507 haereditate
1181 1446 1265 1507 insti·
1299 1464 1305 1477 ·

161 1544 305 1607 tueretur,
318 1532 370 1613 qui
388 1535 492 1594 hcmm
517 1536 628 1617 aliquid
648 1536 722 1597 scire
740 1538 859 1617 potest?
895 1539 1024 1612 Deinde,
1047 1538 1072 1598 si
1095 1538 1203 1618 injuste
1225 1538 1264 1599 de

161 1628 321 1707 semetipso
339 1638 518 1690 contestatus
529 1640 618 1703 esset,
629 1631 772 1691 rationem
785 1633 906 1692 haberet
918 1632 983 1712 ipsa
1002 1652 1061 1705 res,
1074 1632 1181 1712 injuste
1201 1632 1265 1711 qui·

162 1720 233 1781 dem
255 1721 431 1801 scripsisset,
445 1724 499 1783 sed
512 1722 701 1784 nihilominus
715 1745 769 1804 pro
783 1745 820 1785 co
830 1724 881 1804 qui
901 1746 956 1805 pro
973 1734 1059 1785 aetate
1078 1724 1264 1803 loqueretur:

159 1832 243 1875 nunc
287 1834 492 1893 germanos
538 1816 693 1877 liberos
738 1817 947 1877 Archiadae
987 1818 1108 1878 illins
1136 1818 1266 1897 'scripsit

161 1926 266 1981 csse,
286 1918 398 1987 patrem
412 1928 498 1969 suum
516 1909 650 1969 nimium
672 1918 703 1970 et
723 1900 756 1971 se
778 1912 889 1971 ratione
901 1911 1002 1990 prima
1015 1911 1192 1991 adoptionis,
1204 1932 1274 1972 non·

160 2000 337 2061 recordatus
352 2022 415 2063 sese
427 2022 559 2063 reversos
573 2022 638 2063 esse
649 2003 680 2062 in
692 2002 820 2064 nativam
832 2004 981 2065 familiam.
1008 2004 1266 2066 Proindenecesse

162 2106 209 2155 est
231 2096 412 2175 antiquiores
432 2116 499 2157 eum
514 2116 571 2169 res,
590 2117 685 2176 neque
707 2098 768 2158 suis
787 2097 972 2177 temporibus
982 2098 1086 2169 factas,
1102 2116 1176 2157 ,csse
1193 2116 1265 2157 con·

163 2196 319 2250 testatum.
360 2190 399 2249 Et
411 2209 465 2249 vos
479 2188 506 2248 ei
518 2188 569 2269 qui
582 2189 639 2250 hoc
653 2208 741 2250 ausus
755 2200 803 2250 est
814 2190 933 2251 creditis
946 2202 979 2250 ut
990 2209 1059 2251 uera
1072 2187 1204 2249 dicemi?
1258 2238 1264 2245 ,

206 2285 257 2342 20.
273 2283 323 2356 At,
334 2282 478 2356 Hercule,
493 2281 531 2343 de
545 2303 576 2343 re
591 2303 608 2343 e
623 2303 677 2343 suo
690 2293 774 2363 patre
788 2284 889 2344 audita
903 2292 1090 2344 contestatus.
1097 2291 1164 2342 est:
1184 2282 1265 2361 atqui

161 2375 213 2435 lex
226 2385 307 2436 vetat
320 2396 356 2435 ea
369 2396 437 2455 quoe
451 2396 468 2437 e
482 2376 598 2437 virente
619 2358 719 2436 dedita
737 2377 807 2451 sint,
820 2396 873 2456 pro
890 2375 1058 2437 testimonio
1077 2375 1184 2449 dicere,
1196 2396 1265 2453 quaa

163 2490 186 2530 e
196 2468 338 2529 defuncto
357 2485 392 2529 ea
412 2468 490 2529 sinit.
533 2468 610 2529 Nam
632 2469 707 2529 illud
726 2469 814 2530 etiam
832 2470 972 2548 cogitate,
987 2491 1040 2530 cur
1053 2469 1172 2530 tandem
1191 2468 1266 2529 Leo-

163 2571 275 2624 stratus
289 2581 350 2622 non
363 2583 436 2636 sese,
451 2563 504 2623 sed
519 2564 617 2635 istum,
627 2562 807 2644 inscripserit
820 2557 1029 2624 contestationi
1037 2563 1160 2626 t-nam
1170 2561 1210 2621 de
1219 2581 1266 2622 re-

162 2659 221 2718 bus
253 2655 462 2735 antiquioribus
486 2668 558 2716 natu
583 2653 723 2736 majorem
750 2657 908 2716 contestari
934 2656 1208 2736 oportebat—quod
1241 2641 1273 2714 si

163 2750 292 2810 maxime
307 2749 432 2810 dixerit:
453 2750 531 2810 hunc
545 2749 635 2833 filium
648 2749 802 2810 Archiadae
816 2751 964 2829 adoptavi.
985 2790 988 2797 ,
1007 2749 1134 2809 Proinde
1153 2757 1193 2822 te,
1207 2757 1266 2828 'ge-

162 2855 273 2904 storem
288 2853 319 2905 et
332 2853 478 2904 auctorem
489 2863 596 2916 rerum,
609 2844 768 2902 earundem
783 2843 872 2903 etiam
884 2844 1027 2902 rationem
1041 2841 1166 2901 reddere
1179 2860 1266 2920 opor·

163 2941 259 3011 tebet,
272 2948 303 2999 et
315 2959 387 3018 quse·
401 2957 504 3018 egeras
517 2950 568 2998 tuo
589 2937 686 3017 egisse
699 2938 839 3018 periculo,
854 2938 973 2998 omnino
985 2948 1063 2997 certe
1076 2954 1200 2995 necesse
1210 2945 1266 2994 cst.

168 3032 234 3090 Sed
253 3041 283 3091 et
301 3031 357 3091 hoc
378 3031 491 3110 fugisti,
511 3043 541 3091 et
554 3032 757 3092 contestationi
776 3032 863 3090 istum
876 3049 974 3091 rerum
987 3030 1118 3088 omnium
1131 3029 1268 3106 ignarum

167 3122 352 3202 inscripsisti,
375 3124 504 3184 Proinde
518 3123 702 3203 perspicuum
715 3124 799 3183 vobis
813 3133 868 3195 est,
878 3122 1011 3194 ludices,
1024 3120 1269 3182 contestationem

167 3204 309 3276 nonesse
322 3236 432 3292 veram,
445 3215 536 3294 idqne'
556 3215 605 3275 isti
625 3216 679 3294 ipsi
698 3216 880 3276 confiteatur.
923 3214 1003 3283 Quin
1022 3223 1054 3274 et
1070 3212 1269 3291 illndjustum
1296 3217 1304 3230 '

166 3321 225 3383 est,
246 3328 303 3370 non
319 3309 381 3389 pati
393 3309 581 3369 Leostratum
597 3329 665 3368 mox
678 3308 786 3382 dicere,
808 3329 876 3388 quse
890 3329 949 3368 non
969 3307 1026 3368 suit
1038 3326 1127 3368 ausus
1140 3306 1268 3366 inserere

166 3403 384 3476 contestationi.
598 3466 603 3480 x

169 3517 183 3551 .·
209 3497 260 3554 21.
281 3495 385 3575 Neque
403 3515 472 3555 vero
492 3497 585 3556 ullum
605 3517 671 3558 esse
690 3495 814 3558 actionis
835 3497 962 3578 iniquius
984 3517 1076 3577 genus
1097 3507 1128 3556 ct
1148 3506 1270 3576 propter

139 3651 143 3658 ,
166 3587 248 3669 qnod
262 3591 356 3669 magis
369 3589 551 3650 irascendum
565 3592 603 3651 sit
614 3592 649 3652 iir
664 3592 714 3670 qui
727 3591 779 3650 illo
789 3597 912 3651 utu'ntur
925 3611 1015 3671 quam
1030 3590 1270 3665 contestationes,

166 3684 237 3746 inde
257 3684 441 3764 potissimum
461 3697 675 3764 cognoscetur,
708 3685 839 3745 Primum
862 3686 1039 3746 necessariae
1064 3705 1125 3743 non
1143 3695 1222 3754 sunt,
1237 3694 1271 3743 ut

167 3789 295 3850 cetere,
307 3780 360 3839 sed
375 3799 395 3838 a
405 3778 526 3840 consilio
546 3793 576 3842 et
590 3781 741 3841 voluntate
763 3781 957 3842 contestantis
969 3781 1111 3840 oriuntur.
1154 3780 1232 3838 Nam
1245 3780 1271 3839 si

167 3870 367 3932 conuoversia
381 3891 439 3931 non
455 3872 538 3932 aliter
551 3874 692 3954 explicari
707 3885 819 3953 posset,
834 3875 889 3934 nisi
909 3873 1126 3946 contestareris,
1145 3871 1271 3933 fortasse

167 3967 329 4028 contestari
350 3985 472 4026 necesse
487 3978 585 4027 esset:
607 3967 652 4027 sin
673 3969 761 4028 etiam
782 3967 845 4027 sine
863 3967 1074 4028 contestatione
1094 3966 1124 4025 in
1137 3965 1271 4024 omnibus

168 4059 368 4121 conciliabulis
388 4060 513 4138 agendae
537 4079 636 4120 causas
657 4071 790 4141 potestas
814 4061 911 4131 datur,
924 4079 1024 4120 nonne
1047 4056 1219 4119 temeritatis
1242 4063 1274 4113 et

167 4171 293 4212 summae
313 4153 522 4232 desperationis
543 4161 747 4232 argumentum
772 4164 819 4214 est
841 4154 1038 4215 contestatio?
1072 4154 1175 4232 Neque
1193 4149 1272 4208 enirn

168 4245 236 4306 eam
250 4243 401 4324 legislator
414 4245 607 4306 necessariam
622 4247 693 4306 fecit
706 4248 897 4308 adversariis:
920 4246 983 4317 sed,
1006 4247 1030 4305 si
1050 4241 1209 4306 contestari
1220 4261 1273 4301 vo·

165 4337 289 4410 luerint,
304 4338 463 4411 concessit,
478 4339 570 4398 veluti
593 4340 765 4420 periclitans
784 4340 901 4420 ingenia
920 4350 951 4400 et
971 4359 1066 4399 mores
1080 4335 1273 4414 singulorum,

167 4439 350 4511 quantopere
363 4431 449 4492 nobis
464 4432 553 4494 libeat
563 4441 673 4494 temere
686 4433 798 4514 aliquid
809 4434 914 4515 ageret
935 4433 1079 4512 Rraeterm
1091 4440 1232 4510 qnantum
1244 4429 1274 4486 in
