2967 4950
210 655 518 736 neuununrutu
545 671 785 826 ORAfflNJ}
787 673 1016 828 1plenisimus
1039 669 1267 736 cstsrctsu

719 769 749 827 n
833 769 870 826 ο.

238 921 396 978 Uettienus,
406 920 519 966 adversus
529 935 595 981 quern
606 919 739 968 inscribitur
750 920 832 974 ontio,
843 927 867 968 et
880 921 902 968 is
920 923 962 982 qni
979 923 1008 968 sb
1023 937 1052 969 eo
1068 923 1143 970 tusrst
1158 929 1287 978 soossotus,

201 997 297 1060 prauis
317 997 390 1044 vioins
408 997 546 1056 bsbuenupt,
558 1011 609 1058 quse
619 997 659 1046 vis
676 997 798 1059 interiectu
813 997 986 1046 dirimsbsntur.
1018 999 1096 1046 Imbro
1111 1005 1187 1047 sutem
1202 997 1289 1060 ingenti

201 1079 270 1128 ono,
279 1089 337 1135 sque
346 1074 376 1122 de
387 1073 427 1121 vis
436 1075 460 1120 in
471 1075 584 1136 pretium
592 1074 697 1124 cultoris
706 1074 790 1135 iinon
799 1075 936 1122 domnnmei
945 1075 1020 1123 dedit.
1049 1076 1197 1136 Quapropter
1204 1076 1226 1122 is
1236 1089 1289 1122 oum

203 1149 287 1201 vtotoo
298 1150 497 1212 dumnidstisgit.
529 1152 569 1198 Ait
579 1151 640 1200 enim
659 1152 685 1199 iu
697 1151 768 1211 'lisine
780 1152 870 1215 predio
880 1153 967 1200 fossum
977 1152 1005 1198 sd
1015 1164 1096 1213 squsm
1107 1153 1138 1198 do
1147 1153 1185 1216 vis
1194 1153 1291 1201 ittabeo·

203 1234 254 1274 tem
269 1227 428 1288 exoipiendnm
438 1227 510 1275 fuisse
521 1229 618 1276 butem:
635 1244 686 1289 quse
697 1220 759 1276 nuno
769 1231 886 1276 obsutus
896 1229 942 1276 sibi
953 1228 1029 1276 dsmni
1040 1244 1110 1276 usust
1118 1229 1197 1276 fuerit.
1221 1229 1291 1276 Tisiae

202 1318 264 1351 vero
274 1302 335 1350 filius
345 1303 445 1365 primum
455 1304 555 1352 ostendit
565 1311 634 1352 vetus
647 1303 670 1352 id
690 1321 741 1352 esse
758 1320 828 1367 opus,
838 1313 863 1353 et
872 1321 943 1355 nonu
953 1321 978 1352 se
991 1308 1076 1354 fuctum
1086 1321 1092 1350 ε
1109 1321 1158 1352 esni
1169 1306 1228 1352 enim
1244 1308 1290 1352 fos-

203 1392 265 1436 sam,
281 1379 351 1427 etism
362 1379 455 1428 visente
465 1387 531 1441 petre
540 1379 652 1438 certioris,
662 1397 677 1428 s
691 1381 757 1430 ‘risio
767 1383 839 1429 [uisse
850 1383 999 1430 obstruerem.
1032 1381 1123 1430 Deinde
1139 1383 1230 1439 essent,
1245 1399 1290 1430 non
1384 1398 1390 1409 ·

202 1473 258 1505 esse
266 1459 351 1505 iussm
363 1473 415 1506 eom
425 1459 508 1506 losum.
541 1459 658 1508 Extenust
667 1459 736 1506 etism
747 1461 854 1507 domnum
868 1459 961 1508 cultori
971 1461 1057 1517 dotum,
1068 1466 1094 1506 ut
1103 1473 1199 1521 purum
1211 1466 1236 1506 et
1245 1473 1290 1504 non

202 1541 269 1584 tsntn
278 1533 321 1584 lito
330 1534 441 1598 dignum:
465 1545 534 1598 etque
546 1537 638 1585 omnino
649 1537 719 1584 ultum
731 1536 755 1584 si
764 1538 847 1584 tuntum
859 1553 912 1584 esse
920 1545 990 1605 negot
998 1537 1114 1598 injurism,
1122 1536 1165 1584 sed
1178 1534 1290 1598 predium

202 1627 273 1662 snum
282 1613 363 1678 appeti
373 1631 387 1661 s
396 1614 492 1664 cetuolo
501 1614 568 1672 diuit,
579 1631 652 1678 eque
660 1616 690 1662 ds
701 1629 771 1662 oum
776 1629 858 1662 omues
866 1614 992 1662 edomuiss
1002 1615 1114 1664 sdhibori.

379 2030 381 2035 ’
470 2034 1013 2123 ¹DEMOS'I'HENIS

407 2225 708 2302 ADVERSUS
755 2226 1090 2345 CALLICLEM

516 2401 580 2468 DE
603 2399 770 2468 FUNDO
795 2401 992 2468 ORATIO.

202 2586 206 2597 ·
252 2570 278 2625 l.
300 2566 408 2625 N1u1u
422 2564 552 2645 profecto
570 2564 720 2623 molestius
735 2574 792 2635 est,
804 2562 1007 2635 Athenienses,
1021 2580 1108 2643 quam
1124 2563 1154 2623 in
1168 2566 1292 2629 vicinum

207 2658 371 2739 improbum
385 2666 416 2717 et
430 2676 546 2717 avarum
558 2655 696 2729 incidere,
707 2650 737 2715 id
751 2656 831 2735 quod
845 2654 914 2715 mihi
928 2674 1006 2717 nune
1019 2657 1163 2718 usuvenit.
1204 2660 1294 2721 Celli-

206 2750 270 2811 eles
284 2749 361 2809 euim
374 2748 485 2829 preedie
497 2768 562 2809 mea
576 2748 756 2823 desiderans,
769 2748 811 2809 its
822 2748 968 2810 obstinate
981 2769 1029 2809 me
1042 2750 1210 2812 celnmuinri
1228 2774 1294 2834 per·

208 2844 263 2924 git,
276 2851 310 2901 ut
323 2842 445 2921 primum
459 2842 664 2902 consobrinum
676 2862 761 2901 suum
774 2841 938 2903 subornarit
946 2841 996 2921 qui
1006 2862 1042 2903 ea
1050 2843 1104 2903 sibi
1114 2845 1294 2907 vendicaret:

207 2936 307 3019 pelam
321 2944 418 2995 eutem
430 2934 589 3005 convictus,
602 2934 729 2995 refutato
748 2953 803 3014 pet
821 2954 869 2994 me
888 2953 989 2995 eorum
1008 2947 1184 3012 commento,
1195 2958 1295 2999 rursus

207 3030 243 3087 in
256 3028 367 3087 duabus
380 3046 425 3086 me
439 3026 536 3087 censis
549 3026 646 3086 arbitri
657 3025 804 3087 sententie
813 3025 1020 3086 condemnavit
1031 3027 1193 3100 absentem,
1204 3030 1298 3091 altero

209 3120 274 3199 ipse
287 3117 363 3179 mitte
377 3118 532 3191 drachmis,
546 3117 638 3178 alteru
650 3118 738 3190 fietne
749 3116 906 3178 Callicrate
912 3117 1047 3196 impulso.
1075 3117 1183 3179 Precor
1197 3130 1294 3182 eutem

95 3266 98 3269 .
209 3232 266 3273 vos
279 3230 380 3271 omnes
403 3221 436 3273 ut
456 3230 502 3269 me
523 3210 645 3271 audietis
665 3220 695 3269 et
715 3209 868 3288 diligenter
882 3209 1123 3280 attendetis,non
1137 3212 1217 3291 quud
1235 3212 1296 3295 ipse

180 3369 184 3374 ,
210 3305 327 3367 dicendi
340 3304 394 3364 sim
406 3304 526 3385 peritus,
540 3303 593 3363 sed
606 3313 639 3362 ut
651 3322 704 3363 vos
716 3322 754 3363 ex
767 3302 837 3382 ipsis
850 3304 936 3363 rebus
950 3304 1146 3383 cognoscetis,
1159 3305 1228 3367 mihi
1242 3328 1294 3389 pn·

209 3401 269 3461 iam
281 3397 413 3478 iujuriam
427 3398 499 3457 fieri.

250 3497 280 3551 2.
303 3492 369 3551 Una
392 3498 487 3550 eutem
508 3488 588 3559 mihi,
604 3488 814 3558 Athenienses,
835 3498 938 3548 eontra
958 3490 1054 3550 omnis
1072 3490 1192 3551 istorum
1205 3494 1296 3553 verbe

208 3584 340 3647 defensio
354 3594 410 3643 est.
451 3580 538 3651 Quod
551 3580 692 3661 praedinm
707 3578 871 3660 iliudpater
881 3600 965 3641 meus
975 3582 1102 3661 moceria
1114 3584 1205 3664 sepsit
1216 3586 1296 3665 prius
1345 3642 1358 3668 ,Ι

209 3680 299 3739 tome
313 3694 400 3756 quum
411 3694 467 3755 ego
481 3682 568 3735 uetus
582 3693 658 3745 sum,
671 3682 701 3733 et
713 3673 827 3734 vivente
840 3673 937 3735 adhue
951 3674 1116 3759 Callippide
1129 3689 1210 3756 petre
1225 3678 1296 3740 isto·

208 3790 274 3832 rum
297 3780 326 3830 et
347 3768 454 3838 vicino,
468 3767 520 3845 qui
542 3784 604 3825 rem
627 3766 732 3825 certius
756 3775 841 3826 noret
860 3786 947 3844 quum
968 3766 1028 3839 isti,
1046 3778 1076 3827 et
1094 3766 1214 3830 Callicle
1232 3772 1295 3853 jam

208 3864 312 3925 adulto
334 3872 422 3941 etque
437 3858 558 3919 Athenis
579 3869 731 3919 versante:
753 3859 836 3919 nnnis
858 3860 1034 3920 autemillis
1055 3862 1189 3923 omnibus
1212 3884 1297 3924 nemo

110 3996 114 4001 .
207 3956 297 4025 venit,
311 3954 362 4033 qui
375 3954 422 4013 vei
436 3959 589 4012 accusaret
600 3952 646 4010 vel
658 3961 1031 4031 quereretur—quanquam
1041 3952 1121 4014 houd
1134 3955 1221 4015 dubie
1235 3971 1298 4015 tum

208 4043 295 4102 etiem
309 4032 389 4120 soep'e
401 4040 508 4100 imbres
519 4040 687 4115 fuerunt-7
700 4043 746 4103 vel
759 4043 927 4123 prohiberet
939 4046 1067 4119 omuino,
1081 4047 1106 4107 si
1117 4067 1203 4125 quem
1215 4056 1298 4125 pater

209 4134 352 4217 sepiendo
366 4143 465 4194 nostro
478 4133 588 4213 psoedio
601 4135 736 4211 laedebut,
750 4137 809 4195 imo
821 4156 877 4196 nec
889 4138 992 4210 vetuit,
1005 4158 1062 4198 nee
1074 4139 1244 4198 testificatus
1254 4150 1300 4200 est

208 4228 375 4309 quisquam,
398 4244 488 4304 quum
506 4236 590 4306 peter
612 4248 694 4288 meus
719 4249 813 4289 eunus
837 4230 962 4310 emplius
986 4231 1131 4309 quidecim
1150 4242 1299 4309 superstes

208 4321 308 4392 fuerit,
319 4338 412 4397 neque
425 4318 470 4377 bis
483 4319 634 4397 pnueiores
654 4332 738 4401 peter
753 4323 876 4383 istorum
890 4322 1080 4403 Callippides.
1116 4323 1215 4401 Atqui,
1228 4325 1298 4386 cat-

208 4414 302 4485 }icles,
312 4410 395 4473 ticuit
404 4410 485 4473 vobis
497 4422 559 4472 tum
570 4414 712 4493 profecto,
722 4435 789 4477 cum
801 4412 911 4476 fossam
920 4416 1031 4478 obstrui
1044 4414 1189 4490 videretis,
1203 4420 1299 4484 venire
