<?xml version="1.0" encoding="UTF-8"?>
<!DOCTYPE html PUBLIC "-//W3C//DTD XHTML 1.0 Transitional//EN"
    "http://www.w3.org/TR/xhtml1/DTD/xhtml1-transitional.dtd">
<html xmlns="http://www.w3.org/1999/xhtml" xml:lang="en" lang="en">
 <head>
  <title>
</title>
<meta http-equiv="Content-Type" content="text/html;charset=utf-8" />
  <meta name='ocr-system' content='tesseract 3.04.00' />
  <meta name='ocr-capabilities' content='ocr_page ocr_carea ocr_par ocr_line ocrx_word'/>
</head>
<body>
  <div class='ocr_page' id='page_1' title='image "./demosthenisetsc06ulpigoog_0198.png"; bbox 0 0 2967 4950; ppageno 0'>
   <div class='ocr_carea' id='block_1_1' title="bbox 278 252 1067 337">
    <p class='ocr_par' dir='ltr' id='par_1_1' title="bbox 278 252 1067 337">
     <span class='ocr_line' id='line_1_1' title="bbox 278 252 1067 337; baseline -0.006 -18"><span class='ocrx_word' id='word_1_1' title='bbox 278 257 338 337; x_wconf 74' lang='lat' dir='ltr'>aas</span> <span class='ocrx_word' id='word_1_2' title='bbox 589 254 813 326; x_wconf 79' lang='lat' dir='ltr'>envansus</span> <span class='ocrx_word' id='word_1_3' title='bbox 834 252 1067 319; x_wconf 74' lang='lat' dir='ltr'>rotronem.</span> 
     </span>
    </p>
   </div>
   <div class='ocr_carea' id='block_1_2' title="bbox 278 406 1368 677">
    <p class='ocr_par' dir='ltr' id='par_1_2' title="bbox 278 406 1368 677">
     <span class='ocr_line' id='line_1_2' title="bbox 278 406 1368 491; baseline -0.004 -18"><span class='ocrx_word' id='word_1_4' title='bbox 278 418 546 485; x_wconf 82' lang='lat' dir='ltr'>orumruercatum,</span> <span class='ocrx_word' id='word_1_5' title='bbox 557 410 700 485; x_wconf 82' lang='lat' dir='ltr'>venimus,</span> <span class='ocrx_word' id='word_1_6' title='bbox 710 421 741 474; x_wconf 91' lang='lat' dir='ltr'>et</span> <span class='ocrx_word' id='word_1_7' title='bbox 753 410 914 491; x_wconf 69' lang='lat' dir='ltr'>egressiac</span> <span class='ocrx_word' id='word_1_8' title='bbox 924 411 1024 490; x_wconf 85' lang='lat' dir='ltr'>pransi</span> <span class='ocrx_word' id='word_1_9' title='bbox 1036 426 1148 482; x_wconf 80' lang='lat' dir='ltr'>semus,</span> <span class='ocrx_word' id='word_1_10' title='bbox 1158 406 1198 471; x_wconf 84' lang='lat' dir='ltr'>ad</span> <span class='ocrx_word' id='word_1_11' title='bbox 1207 406 1368 482; x_wconf 82' lang='lat' dir='ltr'>meaccedit</span> 
     </span>
     <span class='ocr_line' id='line_1_3' title="bbox 279 500 1368 585; baseline -0.002 -20"><span class='ocrx_word' id='word_1_12' title='bbox 279 518 433 575; x_wconf 83' lang='lat' dir='ltr'>nautarum</span> <span class='ocrx_word' id='word_1_13' title='bbox 448 524 525 571; x_wconf 86' lang='lat' dir='ltr'>unus</span> <span class='ocrx_word' id='word_1_14' title='bbox 536 504 673 565; x_wconf 77' lang='lat' dir='ltr'><strong>Callicles</strong></span> <span class='ocrx_word' id='word_1_15' title='bbox 684 503 851 585; x_wconf 86' lang='lat' dir='ltr'>Epitrephis</span> <span class='ocrx_word' id='word_1_16' title='bbox 864 504 899 565; x_wconf 87' lang='lat' dir='ltr'>F.</span> <span class='ocrx_word' id='word_1_17' title='bbox 911 502 1073 576; x_wconf 73' lang='lat' dir='ltr'>Thriasius,</span> <span class='ocrx_word' id='word_1_18' title='bbox 1085 520 1205 574; x_wconf 78' lang='lat' dir='ltr'>macram</span> <span class='ocrx_word' id='word_1_19' title='bbox 1216 500 1252 563; x_wconf 90' lang='lat' dir='ltr'>de</span> <span class='ocrx_word' id='word_1_20' title='bbox 1265 521 1295 563; x_wconf 87' lang='lat' dir='ltr'>re</span> <span class='ocrx_word' id='word_1_21' title='bbox 1308 520 1368 581; x_wconf 78' lang='lat' dir='ltr'>qua</span> 
     </span>
     <span class='ocr_line' id='line_1_4' title="bbox 278 594 1368 677; baseline -0.006 -18"><span class='ocrx_word' id='word_1_22' title='bbox 278 617 344 659; x_wconf 89' lang='lat' dir='ltr'>mea</span> <span class='ocrx_word' id='word_1_23' title='bbox 357 598 512 667; x_wconf 84' lang='lat' dir='ltr'>interesset</span> <span class='ocrx_word' id='word_1_24' title='bbox 528 598 739 659; x_wconf 83' lang='lat' dir='ltr'>collocuturus.</span> <span class='ocrx_word' id='word_1_25' title='bbox 781 597 858 657; x_wconf 83' lang='lat' dir='ltr'>Cum</span> <span class='ocrx_word' id='word_1_26' title='bbox 878 598 976 658; x_wconf 90' lang='lat' dir='ltr'>dicere</span> <span class='ocrx_word' id='word_1_27' title='bbox 992 596 1207 677; x_wconf 63' lang='lat' dir='ltr'>justisseme</span> <span class='ocrx_word' id='word_1_28' title='bbox 1227 594 1296 655; x_wconf 89' lang='lat' dir='ltr'>mihi</span> <span class='ocrx_word' id='word_1_29' title='bbox 1308 614 1368 673; x_wconf 81' lang='lat' dir='ltr'>gra·</span> 
     </span>
    </p>
   </div>
   <div class='ocr_carea' id='block_1_3' title="bbox 277 689 1446 771">
    <p class='ocr_par' dir='ltr' id='par_1_3' title="bbox 277 689 1446 771">
     <span class='ocr_line' id='line_1_5' title="bbox 277 689 1446 771; baseline -0.001 -20"><span class='ocrx_word' id='word_1_30' title='bbox 277 692 348 751; x_wconf 89' lang='lat' dir='ltr'>tiam</span> <span class='ocrx_word' id='word_1_31' title='bbox 370 692 530 753; x_wconf 87' lang='lat' dir='ltr'>relaturum</span> <span class='ocrx_word' id='word_1_32' title='bbox 544 692 586 751; x_wconf 89' lang='lat' dir='ltr'>ait</span> <span class='ocrx_word' id='word_1_33' title='bbox 598 700 741 771; x_wconf 89' lang='lat' dir='ltr'>quantum</span> <span class='ocrx_word' id='word_1_34' title='bbox 756 700 865 771; x_wconf 82' lang='lat' dir='ltr'>posset,</span> <span class='ocrx_word' id='word_1_35' title='bbox 879 690 960 770; x_wconf 91' lang='lat' dir='ltr'>quod</span> <span class='ocrx_word' id='word_1_36' title='bbox 978 689 1033 750; x_wconf 91' lang='lat' dir='ltr'>sibi</span> <span class='ocrx_word' id='word_1_37' title='bbox 1055 690 1086 749; x_wconf 86' lang='lat' dir='ltr'>irs</span> <span class='ocrx_word' id='word_1_38' title='bbox 1104 697 1236 769; x_wconf 77' lang='lat' dir='ltr'>egestate</span> <span class='ocrx_word' id='word_1_39' title='bbox 1256 706 1368 748; x_wconf 90' lang='lat' dir='ltr'>succur·</span> <span class='ocrx_word' id='word_1_40' title='bbox 1445 744 1446 750; x_wconf 74' lang='grc'>,</span> 
     </span>
    </p>
   </div>
   <div class='ocr_carea' id='block_1_4' title="bbox 274 782 1367 1235">
    <p class='ocr_par' dir='ltr' id='par_1_4' title="bbox 274 782 1367 1235">
     <span class='ocr_line' id='line_1_6' title="bbox 276 782 1367 864; baseline -0.004 -19"><span class='ocrx_word' id='word_1_41' title='bbox 276 785 399 845; x_wconf 89' lang='lat' dir='ltr'>riseem..</span> <span class='ocrx_word' id='word_1_42' title='bbox 429 783 523 858; x_wconf 88' lang='lat' dir='ltr'>Tune,</span> <span class='ocrx_word' id='word_1_43' title='bbox 537 782 641 863; x_wconf 81' lang='lat' dir='ltr'>inquit,</span> <span class='ocrx_word' id='word_1_44' title='bbox 654 784 718 846; x_wconf 77' lang='lat' dir='ltr'>haec</span> <span class='ocrx_word' id='word_1_45' title='bbox 733 782 880 864; x_wconf 81' lang='lat' dir='ltr'>nauigatio</span> <span class='ocrx_word' id='word_1_46' title='bbox 893 784 953 845; x_wconf 91' lang='lat' dir='ltr'>scis</span> <span class='ocrx_word' id='word_1_47' title='bbox 965 802 1025 863; x_wconf 87' lang='lat' dir='ltr'>qua</span> <span class='ocrx_word' id='word_1_48' title='bbox 1037 782 1075 842; x_wconf 89' lang='lat' dir='ltr'>de</span> <span class='ocrx_word' id='word_1_49' title='bbox 1096 800 1189 842; x_wconf 88' lang='lat' dir='ltr'>causa</span> <span class='ocrx_word' id='word_1_50' title='bbox 1201 800 1296 861; x_wconf 89' lang='lat' dir='ltr'>quove</span> <span class='ocrx_word' id='word_1_51' title='bbox 1308 800 1367 841; x_wconf 91' lang='lat' dir='ltr'>sus·</span> 
     </span>
     <span class='ocr_line' id='line_1_7' title="bbox 276 873 1366 958; baseline -0.006 -21"><span class='ocrx_word' id='word_1_52' title='bbox 276 876 424 958; x_wconf 76' lang='lat' dir='ltr'>cipiatur?</span> <span class='ocrx_word' id='word_1_53' title='bbox 445 878 521 937; x_wconf 88' lang='lat' dir='ltr'>Cum</span> <span class='ocrx_word' id='word_1_54' title='bbox 545 873 763 957; x_wconf 78' lang='lat' dir='ltr'>respondissem</span> <span class='ocrx_word' id='word_1_55' title='bbox 781 898 829 939; x_wconf 90' lang='lat' dir='ltr'>me</span> <span class='ocrx_word' id='word_1_56' title='bbox 843 876 968 951; x_wconf 88' lang='lat' dir='ltr'>nescire,</span> <span class='ocrx_word' id='word_1_57' title='bbox 986 894 1054 956; x_wconf 82' lang='lat' dir='ltr'>ego,</span> <span class='ocrx_word' id='word_1_58' title='bbox 1079 875 1184 955; x_wconf 86' lang='lat' dir='ltr'>inquit,</span> <span class='ocrx_word' id='word_1_59' title='bbox 1198 875 1252 934; x_wconf 89' lang='lat' dir='ltr'>tihi</span> <span class='ocrx_word' id='word_1_60' title='bbox 1269 874 1366 935; x_wconf 89' lang='lat' dir='ltr'>dicam.</span> 
     </span>
     <span class='ocr_line' id='line_1_8' title="bbox 277 968 1366 1049; baseline -0.004 -20"><span class='ocrx_word' id='word_1_61' title='bbox 277 969 320 1029; x_wconf 73' lang='lat' dir='ltr'>&#39;le</span> <span class='ocrx_word' id='word_1_62' title='bbox 340 988 410 1030; x_wconf 86' lang='lat' dir='ltr'>vero</span> <span class='ocrx_word' id='word_1_63' title='bbox 430 968 531 1029; x_wconf 76' lang='lat' dir='ltr'>andita</span> <span class='ocrx_word' id='word_1_64' title='bbox 542 970 715 1049; x_wconf 86' lang='lat' dir='ltr'>reprudens</span> <span class='ocrx_word' id='word_1_65' title='bbox 736 968 811 1030; x_wconf 90' lang='lat' dir='ltr'>inire</span> <span class='ocrx_word' id='word_1_66' title='bbox 829 968 987 1031; x_wconf 75' lang='lat' dir='ltr'>eonsilium</span> <span class='ocrx_word' id='word_1_67' title='bbox 1003 968 1168 1047; x_wconf 80' lang='lat' dir='ltr'>oportebitr</span> <span class='ocrx_word' id='word_1_68' title='bbox 1188 977 1325 1027; x_wconf 78' lang='lat' dir='ltr'>recurras</span> <span class='ocrx_word' id='word_1_69' title='bbox 1339 987 1366 1026; x_wconf 92' lang='lat' dir='ltr'>es</span> 
     </span>
     <span class='ocr_line' id='line_1_9' title="bbox 275 1060 1367 1143; baseline 0 -20"><span class='ocrx_word' id='word_1_70' title='bbox 275 1061 424 1123; x_wconf 86' lang='lat' dir='ltr'>hominem</span> <span class='ocrx_word' id='word_1_71' title='bbox 437 1061 579 1133; x_wconf 81' lang='lat' dir='ltr'>exsulem,</span> <span class='ocrx_word' id='word_1_72' title='bbox 598 1082 687 1142; x_wconf 87' lang='lat' dir='ltr'>quem</span> <span class='ocrx_word' id='word_1_73' title='bbox 700 1062 895 1125; x_wconf 76' lang='lat' dir='ltr'>Athenienses</span> <span class='ocrx_word' id='word_1_74' title='bbox 914 1063 959 1123; x_wconf 91' lang='lat' dir='ltr'>his</span> <span class='ocrx_word' id='word_1_75' title='bbox 978 1061 1083 1143; x_wconf 87' lang='lat' dir='ltr'>capitis</span> <span class='ocrx_word' id='word_1_76' title='bbox 1101 1062 1288 1134; x_wconf 75' lang='lat' dir='ltr'>damnarunt,</span> <span class='ocrx_word' id='word_1_77' title='bbox 1306 1060 1367 1123; x_wconf 72' lang='lat' dir='ltr'>css</span> 
     </span>
     <span class='ocr_line' id='line_1_10' title="bbox 274 1145 1367 1235; baseline -0.001 -21"><span class='ocrx_word' id='word_1_78' title='bbox 274 1153 419 1234; x_wconf 77' lang='lat' dir='ltr'>listratum</span> <span class='ocrx_word' id='word_1_79' title='bbox 433 1154 580 1215; x_wconf 83' lang='lat' dir='ltr'>Methone</span> <span class='ocrx_word' id='word_1_80' title='bbox 591 1154 721 1216; x_wconf 78' lang='lat' dir='ltr'>Thasum</span> <span class='ocrx_word' id='word_1_81' title='bbox 736 1155 776 1216; x_wconf 81' lang='lat' dir='ltr'>ad</span> <span class='ocrx_word' id='word_1_82' title='bbox 787 1154 1009 1216; x_wconf 81' lang='lat' dir='ltr'>Timomsehum</span> <span class='ocrx_word' id='word_1_83' title='bbox 1023 1174 1176 1235; x_wconf 78' lang='lat' dir='ltr'>generum,</span> <span class='ocrx_word' id='word_1_84' title='bbox 1195 1162 1229 1213; x_wconf 90' lang='lat' dir='ltr'>ut</span> <span class='ocrx_word' id='word_1_85' title='bbox 1248 1172 1319 1233; x_wconf 73' lang='lat' dir='ltr'>ego,</span> <span class='ocrx_word' id='word_1_86' title='bbox 1328 1145 1367 1213; x_wconf 67' lang='lat' dir='ltr'>ie‘-</span> 
     </span>
    </p>
   </div>
   <div class='ocr_carea' id='block_1_5' title="bbox 275 1245 1446 1423">
    <p class='ocr_par' dir='ltr' id='par_1_5' title="bbox 275 1245 1446 1423">
     <span class='ocr_line' id='line_1_11' title="bbox 276 1245 1446 1334; baseline 0.002 -29"><span class='ocrx_word' id='word_1_87' title='bbox 276 1246 380 1325; x_wconf 66' lang='lat' dir='ltr'>quite</span> <span class='ocrx_word' id='word_1_88' title='bbox 401 1246 529 1328; x_wconf 81' lang='lat' dir='ltr'>Callippi</span> <span class='ocrx_word' id='word_1_89' title='bbox 550 1246 648 1327; x_wconf 89' lang='lat' dir='ltr'>pueris</span> <span class='ocrx_word' id='word_1_90' title='bbox 667 1245 777 1307; x_wconf 82' lang='lat' dir='ltr'>audiri.</span> <span class='ocrx_word' id='word_1_91' title='bbox 817 1247 863 1323; x_wconf 73' lang='lat' dir='ltr'>Trr</span> <span class='ocrx_word' id='word_1_92' title='bbox 877 1248 977 1328; x_wconf 79' lang='lat' dir='ltr'>igitur,</span> <span class='ocrx_word' id='word_1_93' title='bbox 991 1248 1116 1327; x_wconf 84' lang='lat' dir='ltr'>sisapis,</span> <span class='ocrx_word' id='word_1_94' title='bbox 1128 1246 1367 1310; x_wconf 56' lang='lat' dir='ltr'>seminemus*</span> <span class='ocrx_word' id='word_1_95' title='bbox 1445 1305 1446 1334; x_wconf 22' lang='grc' dir='ltr'><strong>ἶ</strong></span> 
     </span>
     <span class='ocr_line' id='line_1_12' title="bbox 275 1340 1446 1423; baseline 0 -22"><span class='ocrx_word' id='word_1_96' title='bbox 275 1340 335 1401; x_wconf 87' lang='lat' dir='ltr'>lem</span> <span class='ocrx_word' id='word_1_97' title='bbox 343 1362 450 1402; x_wconf 79' lang='lat' dir='ltr'>narem</span> <span class='ocrx_word' id='word_1_98' title='bbox 460 1342 660 1403; x_wconf 72' lang='lat' dir='ltr'>conscendere</span> <span class='ocrx_word' id='word_1_99' title='bbox 673 1342 752 1402; x_wconf 80' lang='lat' dir='ltr'>sines</span> <span class='ocrx_word' id='word_1_100' title='bbox 762 1361 772 1402; x_wconf 77' lang='lat' dir='ltr'>r</span> <span class='ocrx_word' id='word_1_101' title='bbox 782 1342 915 1403; x_wconf 79' lang='lat' dir='ltr'>estenim</span> <span class='ocrx_word' id='word_1_102' title='bbox 925 1342 1246 1423; x_wconf 75' lang='lat' dir='ltr'>legrhusiuterdietnrs.</span> <span class='ocrx_word' id='word_1_103' title='bbox 1262 1340 1367 1411; x_wconf 80' lang='lat' dir='ltr'>Quibus</span> <span class='ocrx_word' id='word_1_104' title='bbox 1445 1345 1446 1360; x_wconf 68' lang='lat'>³</span> 
     </span>
    </p>
   </div>
   <div class='ocr_carea' id='block_1_6' title="bbox 275 1434 1366 1515">
    <p class='ocr_par' dir='ltr' id='par_1_6' title="bbox 275 1434 1366 1515">
     <span class='ocr_line' id='line_1_13' title="bbox 275 1434 1366 1515; baseline 0.004 -22"><span class='ocrx_word' id='word_1_105' title='bbox 275 1452 364 1514; x_wconf 74' lang='lat' dir='ltr'>egea</span> <span class='ocrx_word' id='word_1_106' title='bbox 381 1434 501 1495; x_wconf 85' lang='lat' dir='ltr'>Callicle</span> <span class='ocrx_word' id='word_1_107' title='bbox 525 1434 634 1495; x_wconf 86' lang='lat' dir='ltr'>auditis</span> <span class='ocrx_word' id='word_1_108' title='bbox 651 1434 764 1495; x_wconf 86' lang='lat' dir='ltr'>accedo</span> <span class='ocrx_word' id='word_1_109' title='bbox 781 1434 820 1495; x_wconf 84' lang='lat' dir='ltr'>ad</span> <span class='ocrx_word' id='word_1_110' title='bbox 839 1434 1017 1515; x_wconf 78' lang='lat' dir='ltr'>Callippum,</span> <span class='ocrx_word' id='word_1_111' title='bbox 1036 1450 1161 1513; x_wconf 82' lang='lat' dir='ltr'>euntqrre</span> <span class='ocrx_word' id='word_1_112' title='bbox 1181 1452 1268 1513; x_wconf 73' lang='lat' dir='ltr'>rogo,</span> <span class='ocrx_word' id='word_1_113' title='bbox 1289 1452 1366 1515; x_wconf 75' lang='lat' dir='ltr'>quor·</span> 
     </span>
    </p>
   </div>
   <div class='ocr_carea' id='block_1_7' title="bbox 145 1526 1366 1607">
    <p class='ocr_par' dir='ltr' id='par_1_7' title="bbox 145 1526 1366 1607">
     <span class='ocr_line' id='line_1_14' title="bbox 145 1526 1366 1607; baseline 0.002 -20"><span class='ocrx_word' id='word_1_114' title='bbox 145 1552 151 1565; x_wconf 95' lang='lat'><strong>·</strong></span> <span class='ocrx_word' id='word_1_115' title='bbox 276 1546 344 1587; x_wconf 84' lang='lat' dir='ltr'>sum</span> <span class='ocrx_word' id='word_1_116' title='bbox 356 1528 485 1607; x_wconf 81' lang='lat' dir='ltr'>naviget,</span> <span class='ocrx_word' id='word_1_117' title='bbox 499 1546 616 1607; x_wconf 81' lang='lat' dir='ltr'>quaque</span> <span class='ocrx_word' id='word_1_118' title='bbox 629 1527 668 1588; x_wconf 89' lang='lat' dir='ltr'>de</span> <span class='ocrx_word' id='word_1_119' title='bbox 682 1546 784 1589; x_wconf 85' lang='lat' dir='ltr'>causa.</span> <span class='ocrx_word' id='word_1_120' title='bbox 823 1527 869 1588; x_wconf 83' lang='lat' dir='ltr'>Eo</span> <span class='ocrx_word' id='word_1_121' title='bbox 882 1548 952 1589; x_wconf 82' lang='lat' dir='ltr'>vero</span> <span class='ocrx_word' id='word_1_122' title='bbox 969 1548 1018 1589; x_wconf 89' lang='lat' dir='ltr'>me</span> <span class='ocrx_word' id='word_1_123' title='bbox 1030 1526 1181 1589; x_wconf 73' lang='lat' dir='ltr'>deridente</span> <span class='ocrx_word' id='word_1_124' title='bbox 1194 1537 1226 1587; x_wconf 82' lang='lat' dir='ltr'>et</span> <span class='ocrx_word' id='word_1_125' title='bbox 1246 1545 1366 1589; x_wconf 68' lang='lat' dir='ltr'>esen·</span> 
     </span>
    </p>
   </div>
   <div class='ocr_carea' id='block_1_8' title="bbox 243 1619 1367 2443">
    <p class='ocr_par' dir='ltr' id='par_1_8' title="bbox 243 1619 1367 2443">
     <span class='ocr_line' id='line_1_15' title="bbox 276 1619 1367 1701; baseline -0.002 -17"><span class='ocrx_word' id='word_1_126' title='bbox 276 1620 407 1684; x_wconf 85' lang='lat' dir='ltr'>minante</span> <span class='ocrx_word' id='word_1_127' title='bbox 430 1640 498 1699; x_wconf 79' lang='lat' dir='ltr'>qum</span> <span class='ocrx_word' id='word_1_128' title='bbox 517 1640 571 1681; x_wconf 90' lang='lat' dir='ltr'>nec</span> <span class='ocrx_word' id='word_1_129' title='bbox 592 1619 648 1701; x_wconf 85' lang='lat' dir='ltr'>ipsi</span> <span class='ocrx_word' id='word_1_130' title='bbox 670 1620 952 1701; x_wconf 79' lang='lat' dir='ltr'>ignoratis-neque</span> <span class='ocrx_word' id='word_1_131' title='bbox 977 1622 1056 1682; x_wconf 82' lang='lat' dir='ltr'>enim</span> <span class='ocrx_word' id='word_1_132' title='bbox 1079 1640 1141 1682; x_wconf 87' lang='lat' dir='ltr'>non</span> <span class='ocrx_word' id='word_1_133' title='bbox 1165 1620 1281 1701; x_wconf 79' lang='lat' dir='ltr'>experti</span> <span class='ocrx_word' id='word_1_134' title='bbox 1296 1621 1367 1682; x_wconf 53' lang='lat' dir='ltr'>«ess</span> 
     </span>
     <span class='ocr_line' id='line_1_16' title="bbox 277 1712 1367 1793; baseline 0.005 -20"><span class='ocrx_word' id='word_1_135' title='bbox 277 1712 404 1793; x_wconf 80' lang='lat' dir='ltr'>uetippi</span> <span class='ocrx_word' id='word_1_136' title='bbox 425 1712 627 1793; x_wconf 54' lang='lat' dir='ltr'>ingenium-7</span> <span class='ocrx_word' id='word_1_137' title='bbox 650 1715 677 1773; x_wconf 91' lang='lat' dir='ltr'>ei</span> <span class='ocrx_word' id='word_1_138' title='bbox 693 1713 771 1788; x_wconf 88' lang='lat' dir='ltr'>dico,</span> <span class='ocrx_word' id='word_1_139' title='bbox 792 1714 883 1775; x_wconf 78' lang='lat' dir='ltr'>audie</span> <span class='ocrx_word' id='word_1_140' title='bbox 900 1725 930 1775; x_wconf 89' lang='lat' dir='ltr'>te</span> <span class='ocrx_word' id='word_1_141' title='bbox 953 1714 1091 1793; x_wconf 76' lang='lat' dir='ltr'>navigare</span> <span class='ocrx_word' id='word_1_142' title='bbox 1112 1713 1152 1774; x_wconf 84' lang='lat' dir='ltr'>ad</span> <span class='ocrx_word' id='word_1_143' title='bbox 1174 1713 1367 1777; x_wconf 66' lang='lat' dir='ltr'>estimatus</span> 
     </span>
     <span class='ocr_line' id='line_1_17' title="bbox 277 1805 1366 1886; baseline 0.005 -22"><span class='ocrx_word' id='word_1_144' title='bbox 277 1806 493 1866; x_wconf 88' lang='lat' dir='ltr'>adducendum.</span> <span class='ocrx_word' id='word_1_145' title='bbox 535 1805 599 1885; x_wconf 83' lang='lat' dir='ltr'>Ego</span> <span class='ocrx_word' id='word_1_146' title='bbox 614 1825 683 1867; x_wconf 84' lang='lat' dir='ltr'>vero</span> <span class='ocrx_word' id='word_1_147' title='bbox 697 1806 845 1867; x_wconf 85' lang='lat' dir='ltr'>neminem</span> <span class='ocrx_word' id='word_1_148' title='bbox 859 1806 994 1867; x_wconf 81' lang='lat' dir='ltr'>exsulem</span> <span class='ocrx_word' id='word_1_149' title='bbox 1003 1854 1006 1861; x_wconf 95' lang='lat'>.</span> <span class='ocrx_word' id='word_1_150' title='bbox 1015 1807 1131 1880; x_wconf 83' lang='lat' dir='ltr'>veham,</span> <span class='ocrx_word' id='word_1_151' title='bbox 1144 1824 1242 1886; x_wconf 87' lang='lat' dir='ltr'>neque</span> <span class='ocrx_word' id='word_1_152' title='bbox 1257 1807 1297 1869; x_wconf 78' lang='lat' dir='ltr'>ari</span> <span class='ocrx_word' id='word_1_153' title='bbox 1308 1824 1366 1869; x_wconf 69' lang='lat' dir='ltr'>eu</span> 
     </span>
     <span class='ocr_line' id='line_1_18' title="bbox 276 1899 1366 1979; baseline -0.002 -20"><span class='ocrx_word' id='word_1_154' title='bbox 276 1899 440 1978; x_wconf 83' lang='lat' dir='ltr'>navigabo:</span> <span class='ocrx_word' id='word_1_155' title='bbox 460 1899 543 1979; x_wconf 82' lang='lat' dir='ltr'>leges</span> <span class='ocrx_word' id='word_1_156' title='bbox 557 1899 634 1959; x_wconf 85' lang='lat' dir='ltr'>enim</span> <span class='ocrx_word' id='word_1_157' title='bbox 649 1919 709 1959; x_wconf 91' lang='lat' dir='ltr'>non</span> <span class='ocrx_word' id='word_1_158' title='bbox 723 1900 825 1959; x_wconf 91' lang='lat' dir='ltr'>sinunt</span> <span class='ocrx_word' id='word_1_159' title='bbox 840 1899 990 1978; x_wconf 87' lang='lat' dir='ltr'>suscipere</span> <span class='ocrx_word' id='word_1_160' title='bbox 1004 1900 1095 1959; x_wconf 91' lang='lat' dir='ltr'>ullum</span> <span class='ocrx_word' id='word_1_161' title='bbox 1106 1899 1250 1973; x_wconf 83' lang='lat' dir='ltr'>exsulem,</span> <span class='ocrx_word' id='word_1_162' title='bbox 1265 1909 1315 1959; x_wconf 89' lang='lat' dir='ltr'>aut</span> <span class='ocrx_word' id='word_1_163' title='bbox 1325 1917 1366 1957; x_wconf 88' lang='lat' dir='ltr'>eo·</span> 
     </span>
     <span class='ocr_line' id='line_1_19' title="bbox 243 1990 1365 2073; baseline -0.008 -16"><span class='ocrx_word' id='word_1_164' title='bbox 243 2032 253 2057; x_wconf 69' lang='lat' dir='ltr'>r</span> <span class='ocrx_word' id='word_1_165' title='bbox 276 1992 343 2053; x_wconf 88' lang='lat' dir='ltr'>dero</span> <span class='ocrx_word' id='word_1_166' title='bbox 363 1991 482 2051; x_wconf 88' lang='lat' dir='ltr'>crimine</span> <span class='ocrx_word' id='word_1_167' title='bbox 503 1992 597 2052; x_wconf 89' lang='lat' dir='ltr'>teneri</span> <span class='ocrx_word' id='word_1_168' title='bbox 613 1993 722 2072; x_wconf 88' lang='lat' dir='ltr'>jubent</span> <span class='ocrx_word' id='word_1_169' title='bbox 744 2012 813 2053; x_wconf 87' lang='lat' dir='ltr'>eum</span> <span class='ocrx_word' id='word_1_170' title='bbox 831 1993 880 2072; x_wconf 89' lang='lat' dir='ltr'>qui</span> <span class='ocrx_word' id='word_1_171' title='bbox 900 1992 1063 2073; x_wconf 90' lang='lat' dir='ltr'>susceperit</span> <span class='ocrx_word' id='word_1_172' title='bbox 1074 2012 1133 2072; x_wconf 90' lang='lat' dir='ltr'>quo</span> <span class='ocrx_word' id='word_1_173' title='bbox 1147 1992 1227 2071; x_wconf 87' lang='lat' dir='ltr'>ipsos</span> <span class='ocrx_word' id='word_1_174' title='bbox 1247 1990 1365 2053; x_wconf 86' lang='lat' dir='ltr'>exsules.</span> 
     </span>
     <span class='ocr_line' id='line_1_20' title="bbox 276 2077 1365 2164; baseline 0.001 -21"><span class='ocrx_word' id='word_1_175' title='bbox 276 2084 418 2145; x_wconf 85' lang='lat' dir='ltr'>Revertar</span> <span class='ocrx_word' id='word_1_176' title='bbox 427 2084 516 2163; x_wconf 85' lang='lat' dir='ltr'>igitur</span> <span class='ocrx_word' id='word_1_177' title='bbox 524 2104 591 2144; x_wconf 90' lang='lat' dir='ltr'>cum</span> <span class='ocrx_word' id='word_1_178' title='bbox 600 2077 675 2145; x_wconf 76' lang='lat' dir='ltr'>nave&#39;</span> <span class='ocrx_word' id='word_1_179' title='bbox 683 2084 721 2145; x_wconf 86' lang='lat' dir='ltr'>ad</span> <span class='ocrx_word' id='word_1_180' title='bbox 732 2085 853 2145; x_wconf 89' lang='lat' dir='ltr'>ducem:</span> <span class='ocrx_word' id='word_1_181' title='bbox 876 2104 1002 2164; x_wconf 90' lang='lat' dir='ltr'>cumque</span> <span class='ocrx_word' id='word_1_182' title='bbox 1013 2085 1260 2149; x_wconf 88' lang='lat' dir='ltr'>conscendissent</span> <span class='ocrx_word' id='word_1_183' title='bbox 1269 2094 1365 2155; x_wconf 82' lang='lat' dir='ltr'>naute,</span> 
     </span>
     <span class='ocr_line' id='line_1_21' title="bbox 275 2176 1365 2258; baseline -0.006 -17"><span class='ocrx_word' id='word_1_184' title='bbox 275 2180 501 2258; x_wconf 74' lang='lat' dir='ltr'>gubernatorem</span> <span class='ocrx_word' id='word_1_185' title='bbox 510 2178 603 2258; x_wconf 79' lang='lat' dir='ltr'>jubeo</span> <span class='ocrx_word' id='word_1_186' title='bbox 616 2178 709 2239; x_wconf 86' lang='lat' dir='ltr'>redire</span> <span class='ocrx_word' id='word_1_187' title='bbox 735 2179 877 2241; x_wconf 86' lang='lat' dir='ltr'>Thasum.</span> <span class='ocrx_word' id='word_1_188' title='bbox 918 2178 1101 2257; x_wconf 70' lang='lat' dir='ltr'>liafrsgante</span> <span class='ocrx_word' id='word_1_189' title='bbox 1123 2177 1264 2258; x_wconf 74' lang='lat' dir='ltr'>Collippo</span> <span class='ocrx_word' id='word_1_190' title='bbox 1281 2187 1311 2239; x_wconf 83' lang='lat' dir='ltr'>et</span> <span class='ocrx_word' id='word_1_191' title='bbox 1323 2176 1365 2255; x_wconf 86' lang='lat' dir='ltr'>ju·</span> 
     </span>
     <span class='ocr_line' id='line_1_22' title="bbox 274 2267 1364 2350; baseline -0.006 -16"><span class='ocrx_word' id='word_1_192' title='bbox 274 2274 374 2337; x_wconf 82' lang='lat' dir='ltr'>teste</span> <span class='ocrx_word' id='word_1_193' title='bbox 387 2272 526 2349; x_wconf 78' lang='lat' dir='ltr'>nauigare</span> <span class='ocrx_word' id='word_1_194' title='bbox 551 2270 581 2329; x_wconf 91' lang='lat' dir='ltr'>in</span> <span class='ocrx_word' id='word_1_195' title='bbox 603 2270 821 2344; x_wconf 83' lang='lat' dir='ltr'>Macedoniam,</span> <span class='ocrx_word' id='word_1_196' title='bbox 842 2292 902 2350; x_wconf 91' lang='lat' dir='ltr'>quo</span> <span class='ocrx_word' id='word_1_197' title='bbox 922 2270 982 2331; x_wconf 85' lang='lat' dir='ltr'>dux</span> <span class='ocrx_word' id='word_1_198' title='bbox 1001 2270 1150 2350; x_wconf 77' lang='lat' dir='ltr'>jussisses,</span> <span class='ocrx_word' id='word_1_199' title='bbox 1169 2267 1364 2350; x_wconf 84' lang='lat' dir='ltr'>respondetei</span> 
     </span>
     <span class='ocr_line' id='line_1_23' title="bbox 275 2362 1364 2443; baseline -0.005 -18"><span class='ocrx_word' id='word_1_200' title='bbox 275 2362 452 2441; x_wconf 82' lang='lat' dir='ltr'>Posidippus</span> <span class='ocrx_word' id='word_1_201' title='bbox 474 2363 661 2441; x_wconf 83' lang='lat' dir='ltr'>gubernator,</span> <span class='ocrx_word' id='word_1_202' title='bbox 676 2382 723 2423; x_wconf 87' lang='lat' dir='ltr'>me</span> <span class='ocrx_word' id='word_1_203' title='bbox 738 2373 771 2429; x_wconf 88' lang='lat' dir='ltr'>et</span> <span class='ocrx_word' id='word_1_204' title='bbox 782 2364 954 2443; x_wconf 74' lang='lat' dir='ltr'>prefectum</span> <span class='ocrx_word' id='word_1_205' title='bbox 966 2382 1032 2423; x_wconf 90' lang='lat' dir='ltr'>esse</span> <span class='ocrx_word' id='word_1_206' title='bbox 1046 2362 1158 2426; x_wconf 87' lang='lat' dir='ltr'>triremi</span> <span class='ocrx_word' id='word_1_207' title='bbox 1170 2373 1202 2425; x_wconf 90' lang='lat' dir='ltr'>et</span> <span class='ocrx_word' id='word_1_208' title='bbox 1215 2363 1364 2424; x_wconf 81' lang='lat' dir='ltr'>rationibus</span> 
     </span>
    </p>
   </div>
   <div class='ocr_carea' id='block_1_9' title="bbox 275 2454 1445 2535">
    <p class='ocr_par' dir='ltr' id='par_1_9' title="bbox 275 2454 1445 2535">
     <span class='ocr_line' id='line_1_24' title="bbox 275 2454 1445 2535; baseline -0.006 -15"><span class='ocrx_word' id='word_1_209' title='bbox 275 2454 433 2520; x_wconf 78' lang='lat' dir='ltr'>reddendis</span> <span class='ocrx_word' id='word_1_210' title='bbox 447 2455 616 2530; x_wconf 86' lang='lat' dir='ltr'>obnoxium,</span> <span class='ocrx_word' id='word_1_211' title='bbox 629 2466 661 2518; x_wconf 87' lang='lat' dir='ltr'>et</span> <span class='ocrx_word' id='word_1_212' title='bbox 681 2477 714 2516; x_wconf 89' lang='lat' dir='ltr'>se</span> <span class='ocrx_word' id='word_1_213' title='bbox 736 2456 904 2520; x_wconf 80' lang='lat' dir='ltr'>mercedem</span> <span class='ocrx_word' id='word_1_214' title='bbox 922 2477 941 2518; x_wconf 91' lang='lat' dir='ltr'>a</span> <span class='ocrx_word' id='word_1_215' title='bbox 957 2472 1006 2528; x_wconf 73' lang='lat' dir='ltr'>ne</span> <span class='ocrx_word' id='word_1_216' title='bbox 1029 2454 1170 2535; x_wconf 79' lang='lat' dir='ltr'>accipere.</span> <span class='ocrx_word' id='word_1_217' title='bbox 1213 2454 1363 2535; x_wconf 72' lang='lat' dir='ltr'>Nauigatu-</span> <span class='ocrx_word' id='word_1_218' title='bbox 1444 2459 1445 2485; x_wconf 65' lang='lat'>¹</span> 
     </span>
    </p>
   </div>
   <div class='ocr_carea' id='block_1_10' title="bbox 236 2549 1364 3097">
    <p class='ocr_par' dir='ltr' id='par_1_10' title="bbox 236 2549 1083 2636">
     <span class='ocr_line' id='line_1_25' title="bbox 236 2549 1083 2636; baseline -0.001 -27"><span class='ocrx_word' id='word_1_219' title='bbox 236 2629 241 2636; x_wconf 24' lang='grc' dir='ltr'>ι</span> <span class='ocrx_word' id='word_1_220' title='bbox 275 2569 341 2611; x_wconf 79' lang='lat' dir='ltr'>rum</span> <span class='ocrx_word' id='word_1_221' title='bbox 354 2550 443 2628; x_wconf 77' lang='lat' dir='ltr'>igitur</span> <span class='ocrx_word' id='word_1_222' title='bbox 452 2549 582 2614; x_wconf 79' lang='lat' dir='ltr'>Thasum</span> <span class='ocrx_word' id='word_1_223' title='bbox 599 2549 637 2612; x_wconf 87' lang='lat' dir='ltr'>ad</span> <span class='ocrx_word' id='word_1_224' title='bbox 651 2549 769 2623; x_wconf 89' lang='lat' dir='ltr'>ducem,</span> <span class='ocrx_word' id='word_1_225' title='bbox 782 2571 841 2631; x_wconf 90' lang='lat' dir='ltr'>quo</span> <span class='ocrx_word' id='word_1_226' title='bbox 853 2569 911 2629; x_wconf 86' lang='lat' dir='ltr'>ego</span> <span class='ocrx_word' id='word_1_227' title='bbox 918 2549 1083 2630; x_wconf 85' lang='lat' dir='ltr'>jussissem.</span> 
     </span>
    </p>

    <p class='ocr_par' dir='ltr' id='par_1_11' title="bbox 274 2641 1364 3097">
     <span class='ocr_line' id='line_1_26' title="bbox 320 2641 1363 2716; baseline -0.004 -13"><span class='ocrx_word' id='word_1_228' title='bbox 320 2644 366 2703; x_wconf 88' lang='grc'>14.</span> <span class='ocrx_word' id='word_1_229' title='bbox 388 2641 533 2704; x_wconf 85' lang='lat' dir='ltr'>Postridie</span> <span class='ocrx_word' id='word_1_230' title='bbox 546 2662 614 2704; x_wconf 85' lang='lat' dir='ltr'>cuar</span> <span class='ocrx_word' id='word_1_231' title='bbox 628 2641 757 2703; x_wconf 76' lang='lat' dir='ltr'>&#39;lhasum</span> <span class='ocrx_word' id='word_1_232' title='bbox 770 2642 960 2716; x_wconf 88' lang='lat' dir='ltr'>redissemus,</span> <span class='ocrx_word' id='word_1_233' title='bbox 973 2642 1099 2703; x_wconf 89' lang='lat' dir='ltr'>accersit</span> <span class='ocrx_word' id='word_1_234' title='bbox 1109 2661 1158 2702; x_wconf 88' lang='lat' dir='ltr'>me</span> <span class='ocrx_word' id='word_1_235' title='bbox 1166 2641 1363 2706; x_wconf 81' lang='lat' dir='ltr'>Timomachus</span> 
     </span>
     <span class='ocr_line' id='line_1_27' title="bbox 274 2734 1364 2818; baseline 0 -23"><span class='ocrx_word' id='word_1_236' title='bbox 274 2737 306 2799; x_wconf 83' lang='lat' dir='ltr'>iu</span> <span class='ocrx_word' id='word_1_237' title='bbox 318 2755 405 2796; x_wconf 87' lang='lat' dir='ltr'>suum</span> <span class='ocrx_word' id='word_1_238' title='bbox 417 2735 617 2807; x_wconf 83' lang='lat' dir='ltr'>diversorium,</span> <span class='ocrx_word' id='word_1_239' title='bbox 632 2736 713 2816; x_wconf 87' lang='lat' dir='ltr'>quod</span> <span class='ocrx_word' id='word_1_240' title='bbox 724 2746 878 2798; x_wconf 88' lang='lat' dir='ltr'>eratextra</span> <span class='ocrx_word' id='word_1_241' title='bbox 887 2736 1004 2800; x_wconf 82' lang='lat' dir='ltr'>moenia.</span> <span class='ocrx_word' id='word_1_242' title='bbox 1046 2736 1112 2818; x_wconf 70' lang='lat' dir='ltr'>Ego</span> <span class='ocrx_word' id='word_1_243' title='bbox 1121 2754 1191 2799; x_wconf 85' lang='lat' dir='ltr'>vero</span> <span class='ocrx_word' id='word_1_244' title='bbox 1205 2755 1246 2799; x_wconf 88' lang='lat' dir='ltr'>na</span> <span class='ocrx_word' id='word_1_245' title='bbox 1255 2734 1364 2797; x_wconf 75' lang='lat' dir='ltr'>vincies</span> 
     </span>
     <span class='ocr_line' id='line_1_28' title="bbox 274 2825 1364 2909; baseline 0 -21"><span class='ocrx_word' id='word_1_246' title='bbox 274 2829 391 2906; x_wconf 74' lang='lat' dir='ltr'>timens,</span> <span class='ocrx_word' id='word_1_247' title='bbox 403 2829 433 2890; x_wconf 92' lang='lat' dir='ltr'>in</span> <span class='ocrx_word' id='word_1_248' title='bbox 455 2826 631 2892; x_wconf 87' lang='lat' dir='ltr'>calumniam</span> <span class='ocrx_word' id='word_1_249' title='bbox 651 2828 800 2890; x_wconf 87' lang='lat' dir='ltr'>adductus</span> <span class='ocrx_word' id='word_1_250' title='bbox 822 2849 842 2890; x_wconf 77' lang='lat' dir='ltr'>a</span> <span class='ocrx_word' id='word_1_251' title='bbox 863 2829 1012 2909; x_wconf 85' lang='lat' dir='ltr'>Callippo,</span> <span class='ocrx_word' id='word_1_252' title='bbox 1033 2827 1097 2907; x_wconf 89' lang='lat' dir='ltr'>ipse</span> <span class='ocrx_word' id='word_1_253' title='bbox 1117 2848 1179 2892; x_wconf 89' lang='lat' dir='ltr'>non</span> <span class='ocrx_word' id='word_1_254' title='bbox 1199 2847 1300 2908; x_wconf 87' lang='lat' dir='ltr'>pareo,</span> <span class='ocrx_word' id='word_1_255' title='bbox 1320 2825 1364 2888; x_wconf 84' lang='lat' dir='ltr'>sed</span> 
     </span>
     <span class='ocr_line' id='line_1_29' title="bbox 274 2921 1363 3003; baseline -0.011 -15"><span class='ocrx_word' id='word_1_256' title='bbox 274 2922 408 2988; x_wconf 81' lang='lat' dir='ltr'>ministro</span> <span class='ocrx_word' id='word_1_257' title='bbox 426 2923 504 2995; x_wconf 71' lang='lat' dir='ltr'>deo,</span> <span class='ocrx_word' id='word_1_258' title='bbox 526 2923 550 2982; x_wconf 91' lang='lat' dir='ltr'>si</span> <span class='ocrx_word' id='word_1_259' title='bbox 566 2923 638 3002; x_wconf 82' lang='lat' dir='ltr'>quid</span> <span class='ocrx_word' id='word_1_260' title='bbox 660 2941 778 2984; x_wconf 88' lang='lat' dir='ltr'>mecum</span> <span class='ocrx_word' id='word_1_261' title='bbox 794 2943 883 3003; x_wconf 81' lang='lat' dir='ltr'>agere</span> <span class='ocrx_word' id='word_1_262' title='bbox 904 2923 1002 2996; x_wconf 80' lang='lat' dir='ltr'>vellet,</span> <span class='ocrx_word' id='word_1_263' title='bbox 1020 2941 1068 2984; x_wconf 81' lang='lat' dir='ltr'>me</span> <span class='ocrx_word' id='word_1_264' title='bbox 1083 2922 1114 2982; x_wconf 86' lang='lat' dir='ltr'>in</span> <span class='ocrx_word' id='word_1_265' title='bbox 1135 2921 1200 2983; x_wconf 83' lang='lat' dir='ltr'>foro</span> <span class='ocrx_word' id='word_1_266' title='bbox 1225 2923 1363 2986; x_wconf 70' lang='lat' dir='ltr'>merus:</span> 
     </span>
     <span class='ocr_line' id='line_1_30' title="bbox 274 3014 1363 3097; baseline -0.004 -21"><span class='ocrx_word' id='word_1_267' title='bbox 274 3026 306 3076; x_wconf 92' lang='lat' dir='ltr'>et</span> <span class='ocrx_word' id='word_1_268' title='bbox 319 3036 442 3097; x_wconf 84' lang='lat' dir='ltr'>puerum</span> <span class='ocrx_word' id='word_1_269' title='bbox 455 3035 522 3078; x_wconf 82' lang='lat' dir='ltr'>curn</span> <span class='ocrx_word' id='word_1_270' title='bbox 534 3035 570 3077; x_wconf 92' lang='lat' dir='ltr'>eo</span> <span class='ocrx_word' id='word_1_271' title='bbox 583 3016 676 3090; x_wconf 81' lang='lat' dir='ltr'>mitto,</span> <span class='ocrx_word' id='word_1_272' title='bbox 690 3017 761 3078; x_wconf 85' lang='lat' dir='ltr'>utel</span> <span class='ocrx_word' id='word_1_273' title='bbox 774 3017 846 3097; x_wconf 85' lang='lat' dir='ltr'>quid</span> <span class='ocrx_word' id='word_1_274' title='bbox 859 3017 909 3078; x_wconf 88' lang='lat' dir='ltr'>ille</span> <span class='ocrx_word' id='word_1_275' title='bbox 921 3017 1087 3097; x_wconf 80' lang='lat' dir='ltr'>imperaret,</span> <span class='ocrx_word' id='word_1_276' title='bbox 1098 3014 1171 3076; x_wconf 88' lang='lat' dir='ltr'>mihi</span> <span class='ocrx_word' id='word_1_277' title='bbox 1182 3015 1363 3078; x_wconf 85' lang='lat' dir='ltr'>renunciaret</span> 
     </span>
    </p>
   </div>
   <div class='ocr_carea' id='block_1_11' title="bbox 274 3109 1444 3194">
    <p class='ocr_par' dir='ltr' id='par_1_12' title="bbox 274 3109 1444 3194">
     <span class='ocr_line' id='line_1_31' title="bbox 274 3109 1444 3194; baseline -0.003 -24"><span class='ocrx_word' id='word_1_278' title='bbox 274 3111 399 3194; x_wconf 88' lang='lat' dir='ltr'>Propter</span> <span class='ocrx_word' id='word_1_279' title='bbox 410 3112 465 3172; x_wconf 88' lang='lat' dir='ltr'>has</span> <span class='ocrx_word' id='word_1_280' title='bbox 480 3131 587 3172; x_wconf 88' lang='lat' dir='ltr'>causas</span> <span class='ocrx_word' id='word_1_281' title='bbox 607 3129 680 3190; x_wconf 87' lang='lat' dir='ltr'>quar</span> <span class='ocrx_word' id='word_1_282' title='bbox 694 3111 756 3171; x_wconf 88' lang='lat' dir='ltr'>dixi</span> <span class='ocrx_word' id='word_1_283' title='bbox 769 3111 863 3183; x_wconf 83' lang='lat' dir='ltr'>vohis,</span> <span class='ocrx_word' id='word_1_284' title='bbox 876 3111 1086 3171; x_wconf 86' lang='lat' dir='ltr'>Timomachus</span> <span class='ocrx_word' id='word_1_285' title='bbox 1099 3131 1158 3170; x_wconf 89' lang='lat' dir='ltr'>non</span> <span class='ocrx_word' id='word_1_286' title='bbox 1173 3111 1275 3191; x_wconf 79' lang='lat' dir='ltr'>coegit</span> <span class='ocrx_word' id='word_1_287' title='bbox 1288 3109 1363 3170; x_wconf 88' lang='lat' dir='ltr'>istun</span> <span class='ocrx_word' id='word_1_288' title='bbox 1443 3168 1444 3193; x_wconf 30' lang='lat'>2</span> 
     </span>
    </p>
   </div>
   <div class='ocr_carea' id='block_1_12' title="bbox 272 3203 1363 3655">
    <p class='ocr_par' dir='ltr' id='par_1_13' title="bbox 272 3203 1363 3655">
     <span class='ocr_line' id='line_1_32' title="bbox 272 3203 1362 3287; baseline -0.004 -21"><span class='ocrx_word' id='word_1_289' title='bbox 272 3207 404 3287; x_wconf 80' lang='lat' dir='ltr'>occipere</span> <span class='ocrx_word' id='word_1_290' title='bbox 418 3225 543 3274; x_wconf 73' lang='lat' dir='ltr'>narem:</span> <span class='ocrx_word' id='word_1_291' title='bbox 565 3215 764 3285; x_wconf 83' lang='lat' dir='ltr'>praetereaque</span> <span class='ocrx_word' id='word_1_292' title='bbox 783 3204 847 3283; x_wconf 86' lang='lat' dir='ltr'>ipse</span> <span class='ocrx_word' id='word_1_293' title='bbox 859 3203 927 3264; x_wconf 85' lang='lat' dir='ltr'>navi</span> <span class='ocrx_word' id='word_1_294' title='bbox 939 3204 982 3263; x_wconf 91' lang='lat' dir='ltr'>uti</span> <span class='ocrx_word' id='word_1_295' title='bbox 998 3203 1091 3265; x_wconf 83' lang='lat' dir='ltr'>voluit</span> <span class='ocrx_word' id='word_1_296' title='bbox 1100 3203 1211 3284; x_wconf 88' lang='lat' dir='ltr'>optime</span> <span class='ocrx_word' id='word_1_297' title='bbox 1225 3205 1362 3264; x_wconf 82' lang='lat' dir='ltr'>instructa</span> 
     </span>
     <span class='ocr_line' id='line_1_33' title="bbox 275 3277 1363 3378; baseline 0.003 -22"><span class='ocrx_word' id='word_1_298' title='bbox 275 3277 352 3360; x_wconf 74' lang='lat' dir='ltr'>Nam</span> <span class='ocrx_word' id='word_1_299' title='bbox 375 3297 578 3377; x_wconf 81' lang='lat' dir='ltr'>Thrasylocho</span> <span class='ocrx_word' id='word_1_300' title='bbox 593 3297 790 3378; x_wconf 80' lang='lat' dir='ltr'>Anagyrasio,</span> <span class='ocrx_word' id='word_1_301' title='bbox 808 3296 893 3376; x_wconf 87' lang='lat' dir='ltr'>cujus</span> <span class='ocrx_word' id='word_1_302' title='bbox 913 3294 980 3376; x_wconf 89' lang='lat' dir='ltr'>ipse</span> <span class='ocrx_word' id='word_1_303' title='bbox 994 3294 1112 3355; x_wconf 76' lang='lat' dir='ltr'>triremi</span> <span class='ocrx_word' id='word_1_304' title='bbox 1123 3293 1363 3373; x_wconf 60' lang='lat' dir='ltr'>reteneamu-</span> 
     </span>
     <span class='ocr_line' id='line_1_34' title="bbox 272 3386 1362 3469; baseline -0.008 -15"><span class='ocrx_word' id='word_1_305' title='bbox 272 3388 380 3454; x_wconf 78' lang='lat' dir='ltr'>studet</span> <span class='ocrx_word' id='word_1_306' title='bbox 391 3399 426 3450; x_wconf 89' lang='lat' dir='ltr'>ut</span> <span class='ocrx_word' id='word_1_307' title='bbox 447 3388 584 3469; x_wconf 86' lang='lat' dir='ltr'>Callippo</span> <span class='ocrx_word' id='word_1_308' title='bbox 601 3390 807 3469; x_wconf 71' lang='lat' dir='ltr'>prefecturam</span> <span class='ocrx_word' id='word_1_309' title='bbox 820 3389 983 3467; x_wconf 70' lang='lat' dir='ltr'>locetque</span> <span class='ocrx_word' id='word_1_310' title='bbox 1000 3386 1154 3467; x_wconf 86' lang='lat' dir='ltr'>Callippus</span> <span class='ocrx_word' id='word_1_311' title='bbox 1165 3407 1247 3452; x_wconf 83' lang='lat' dir='ltr'>nare</span> <span class='ocrx_word' id='word_1_312' title='bbox 1265 3387 1362 3467; x_wconf 77' lang='lat' dir='ltr'>puu&#39;tus</span> 
     </span>
     <span class='ocr_line' id='line_1_35' title="bbox 274 3480 1363 3559; baseline -0.004 -17"><span class='ocrx_word' id='word_1_313' title='bbox 274 3499 330 3542; x_wconf 78' lang='lat' dir='ltr'>sac</span> <span class='ocrx_word' id='word_1_314' title='bbox 341 3481 484 3546; x_wconf 89' lang='lat' dir='ltr'>arbitratu</span> <span class='ocrx_word' id='word_1_315' title='bbox 494 3482 696 3546; x_wconf 76' lang='lat' dir='ltr'>Callistratum</span> <span class='ocrx_word' id='word_1_316' title='bbox 705 3481 953 3543; x_wconf 84' lang='lat' dir='ltr'>circumrehcret:</span> <span class='ocrx_word' id='word_1_317' title='bbox 974 3480 1038 3559; x_wconf 85' lang='lat' dir='ltr'>ipse</span> <span class='ocrx_word' id='word_1_318' title='bbox 1050 3499 1130 3552; x_wconf 79' lang='lat' dir='ltr'>vero,</span> <span class='ocrx_word' id='word_1_319' title='bbox 1144 3501 1213 3542; x_wconf 85' lang='lat' dir='ltr'>mee</span> <span class='ocrx_word' id='word_1_320' title='bbox 1222 3481 1363 3544; x_wconf 80' lang='lat' dir='ltr'>noricen-</span> 
     </span>
     <span class='ocr_line' id='line_1_36' title="bbox 273 3574 1361 3655; baseline -0.005 -19"><span class='ocrx_word' id='word_1_321' title='bbox 273 3593 387 3647; x_wconf 82' lang='lat' dir='ltr'>scensa,</span> <span class='ocrx_word' id='word_1_322' title='bbox 397 3575 500 3655; x_wconf 80' lang='lat' dir='ltr'>quouis</span> <span class='ocrx_word' id='word_1_323' title='bbox 515 3575 686 3654; x_wconf 78' lang='lat' dir='ltr'>obnavigat,</span> <span class='ocrx_word' id='word_1_324' title='bbox 696 3576 792 3636; x_wconf 88' lang='lat' dir='ltr'>donec</span> <span class='ocrx_word' id='word_1_325' title='bbox 805 3576 837 3634; x_wconf 89' lang='lat' dir='ltr'>in</span> <span class='ocrx_word' id='word_1_326' title='bbox 847 3575 1072 3655; x_wconf 86' lang='lat' dir='ltr'>Hellespontum</span> <span class='ocrx_word' id='word_1_327' title='bbox 1082 3574 1276 3652; x_wconf 78' lang='lat' dir='ltr'>pervenisset.</span> <span class='ocrx_word' id='word_1_328' title='bbox 1297 3574 1361 3634; x_wconf 75' lang='lat' dir='ltr'>cun</span> 
     </span>
    </p>
   </div>
   <div class='ocr_carea' id='block_1_13' title="bbox 271 3664 1408 3840">
    <p class='ocr_par' dir='ltr' id='par_1_14' title="bbox 271 3664 1408 3840">
     <span class='ocr_line' id='line_1_37' title="bbox 273 3664 1408 3749; baseline -0.006 -19"><span class='ocrx_word' id='word_1_329' title='bbox 273 3674 371 3730; x_wconf 78' lang='lat' dir='ltr'>auten</span> <span class='ocrx_word' id='word_1_330' title='bbox 385 3668 411 3728; x_wconf 89' lang='lat' dir='ltr'>ei</span> <span class='ocrx_word' id='word_1_331' title='bbox 425 3667 591 3728; x_wconf 82' lang='lat' dir='ltr'>triremibus</span> <span class='ocrx_word' id='word_1_332' title='bbox 599 3668 662 3748; x_wconf 85' lang='lat' dir='ltr'>jam</span> <span class='ocrx_word' id='word_1_333' title='bbox 676 3687 737 3728; x_wconf 85' lang='lat' dir='ltr'>non</span> <span class='ocrx_word' id='word_1_334' title='bbox 749 3679 826 3728; x_wconf 86' lang='lat' dir='ltr'>esset</span> <span class='ocrx_word' id='word_1_335' title='bbox 841 3688 927 3747; x_wconf 83' lang='lat' dir='ltr'>opus,</span> <span class='ocrx_word' id='word_1_336' title='bbox 939 3667 1049 3749; x_wconf 82' lang='lat' dir='ltr'>Lycino</span> <span class='ocrx_word' id='word_1_337' title='bbox 1063 3667 1243 3730; x_wconf 86' lang='lat' dir='ltr'>Pallenense</span> <span class='ocrx_word' id='word_1_338' title='bbox 1256 3664 1362 3730; x_wconf 74' lang='lat' dir='ltr'>uoces</span> <span class='ocrx_word' id='word_1_339' title='bbox 1404 3676 1408 3680; x_wconf 82' lang='grc'><em>’</em></span> 
     </span>
     <span class='ocr_line' id='line_1_38' title="bbox 271 3757 1385 3840; baseline -0.008 -18"><span class='ocrx_word' id='word_1_340' title='bbox 271 3777 366 3822; x_wconf 72' lang='lat' dir='ltr'>mecm</span> <span class='ocrx_word' id='word_1_341' title='bbox 386 3779 490 3821; x_wconf 84' lang='lat' dir='ltr'>narem</span> <span class='ocrx_word' id='word_1_342' title='bbox 503 3759 660 3833; x_wconf 89' lang='lat' dir='ltr'>collocato,</span> <span class='ocrx_word' id='word_1_343' title='bbox 671 3761 727 3840; x_wconf 72' lang='lat' dir='ltr'>*qui</span> <span class='ocrx_word' id='word_1_344' title='bbox 748 3758 906 3840; x_wconf 85' lang='lat' dir='ltr'>pecuniam</span> <span class='ocrx_word' id='word_1_345' title='bbox 920 3760 1051 3840; x_wconf 86' lang='lat' dir='ltr'>quotidie</span> <span class='ocrx_word' id='word_1_346' title='bbox 1069 3761 1168 3820; x_wconf 86' lang='lat' dir='ltr'>nautis</span> <span class='ocrx_word' id='word_1_347' title='bbox 1181 3761 1281 3833; x_wconf 77' lang='lat' dir='ltr'>duret,</span> <span class='ocrx_word' id='word_1_348' title='bbox 1295 3757 1361 3820; x_wconf 83' lang='lat' dir='ltr'>ahira</span> <span class='ocrx_word' id='word_1_349' title='bbox 1382 3769 1385 3785; x_wconf 90' lang='grc'><em>·</em></span> 
     </span>
    </p>
   </div>
   <div class='ocr_carea' id='block_1_14' title="bbox 270 3841 1362 4494">
    <p class='ocr_par' dir='ltr' id='par_1_15' title="bbox 271 3841 1062 3933">
     <span class='ocr_line' id='line_1_39' title="bbox 271 3841 1062 3933; baseline -0.006 -17"><span class='ocrx_word' id='word_1_350' title='bbox 271 3850 451 3916; x_wconf 79' lang='lat' dir='ltr'>dntuutnme</span> <span class='ocrx_word' id='word_1_351' title='bbox 460 3854 555 3933; x_wconf 73' lang='lat' dir='ltr'>jubet.</span> <span class='ocrx_word' id='word_1_352' title='bbox 574 3841 591 3860; x_wconf 67' lang='grc'><em>’</em></span> <span class='ocrx_word' id='word_1_353' title='bbox 1058 3909 1062 3918; x_wconf 86' lang='grc'>,</span> 
     </span>
    </p>

    <p class='ocr_par' dir='ltr' id='par_1_16' title="bbox 270 3941 1362 4494">
     <span class='ocr_line' id='line_1_40' title="bbox 276 3941 1362 4028; baseline -0.005 -22"><span class='ocrx_word' id='word_1_354' title='bbox 276 3989 279 3998; x_wconf 82' lang='grc'><em>.</em></span> <span class='ocrx_word' id='word_1_355' title='bbox 297 4005 300 4010; x_wconf 90' lang='grc'>,</span> <span class='ocrx_word' id='word_1_356' title='bbox 316 3948 362 4006; x_wconf 75' lang='lat' dir='ltr'>ld.</span> <span class='ocrx_word' id='word_1_357' title='bbox 385 3946 420 4008; x_wconf 87' lang='lat' dir='ltr'>ln</span> <span class='ocrx_word' id='word_1_358' title='bbox 442 3965 478 4008; x_wconf 82' lang='lat' dir='ltr'>ao</span> <span class='ocrx_word' id='word_1_359' title='bbox 495 3946 599 4006; x_wconf 85' lang='lat' dir='ltr'>itinere</span> <span class='ocrx_word' id='word_1_360' title='bbox 612 3945 724 4006; x_wconf 87' lang='lat' dir='ltr'>Tenedi</span> <span class='ocrx_word' id='word_1_361' title='bbox 745 3965 812 4006; x_wconf 88' lang='lat' dir='ltr'>eum</span> <span class='ocrx_word' id='word_1_362' title='bbox 830 3965 974 4019; x_wconf 85' lang='lat' dir='ltr'>essemus,</span> <span class='ocrx_word' id='word_1_363' title='bbox 987 3962 1055 4007; x_wconf 89' lang='lat' dir='ltr'>cum</span> <span class='ocrx_word' id='word_1_364' title='bbox 1065 3966 1161 4026; x_wconf 86' lang='lat' dir='ltr'>neque</span> <span class='ocrx_word' id='word_1_365' title='bbox 1175 3947 1311 4028; x_wconf 85' lang='lat' dir='ltr'>Lycinus,</span> <span class='ocrx_word' id='word_1_366' title='bbox 1322 3941 1362 4004; x_wconf 89' lang='lat' dir='ltr'>cui</span> 
     </span>
     <span class='ocr_line' id='line_1_41' title="bbox 271 4036 1362 4118; baseline -0.007 -14"><span class='ocrx_word' id='word_1_367' title='bbox 271 4036 481 4104; x_wconf 74' lang='lat' dir='ltr'>&#39;dinomachus</span> <span class='ocrx_word' id='word_1_368' title='bbox 503 4037 533 4096; x_wconf 91' lang='lat' dir='ltr'>id</span> <span class='ocrx_word' id='word_1_369' title='bbox 558 4038 722 4110; x_wconf 81' lang='lat' dir='ltr'>mandarat,</span> <span class='ocrx_word' id='word_1_370' title='bbox 747 4038 844 4098; x_wconf 86' lang='lat' dir='ltr'>nautis</span> <span class='ocrx_word' id='word_1_371' title='bbox 864 4039 1044 4118; x_wconf 75' lang='lat' dir='ltr'>stipendium</span> <span class='ocrx_word' id='word_1_372' title='bbox 1068 4038 1313 4118; x_wconf 75' lang='lat' dir='ltr'>solveret-qaod</span> <span class='ocrx_word' id='word_1_373' title='bbox 1335 4055 1362 4096; x_wconf 85' lang='lat' dir='ltr'>aa</span> 
     </span>
     <span class='ocr_line' id='line_1_42' title="bbox 270 4129 1361 4211; baseline -0.003 -19"><span class='ocrx_word' id='word_1_374' title='bbox 270 4148 406 4198; x_wconf 72' lang='lat' dir='ltr'>namneus</span> <span class='ocrx_word' id='word_1_375' title='bbox 430 4149 490 4192; x_wconf 84' lang='lat' dir='ltr'>uon</span> <span class='ocrx_word' id='word_1_376' title='bbox 510 4129 634 4202; x_wconf 85' lang='lat' dir='ltr'>habere,</span> <span class='ocrx_word' id='word_1_377' title='bbox 655 4132 708 4190; x_wconf 91' lang='lat' dir='ltr'>sed</span> <span class='ocrx_word' id='word_1_378' title='bbox 732 4131 883 4210; x_wconf 82' lang='lat' dir='ltr'>Mitylenis</span> <span class='ocrx_word' id='word_1_379' title='bbox 907 4143 1099 4211; x_wconf 80' lang='lat' dir='ltr'>accepturum</span> <span class='ocrx_word' id='word_1_380' title='bbox 1120 4152 1187 4192; x_wconf 84' lang='lat' dir='ltr'>esse</span> <span class='ocrx_word' id='word_1_381' title='bbox 1209 4132 1361 4198; x_wconf 46' lang='lat' dir='ltr'>diceret-n</span> 
     </span>
     <span class='ocr_line' id='line_1_43' title="bbox 270 4225 1361 4308; baseline -0.001 -19"><span class='ocrx_word' id='word_1_382' title='bbox 270 4225 528 4307; x_wconf 67' lang='lat' dir='ltr'>saqmmittsttus</span> <span class='ocrx_word' id='word_1_383' title='bbox 551 4236 630 4288; x_wconf 86' lang='lat' dir='ltr'>esset</span> <span class='ocrx_word' id='word_1_384' title='bbox 653 4226 731 4288; x_wconf 85' lang='lat' dir='ltr'>uude</span> <span class='ocrx_word' id='word_1_385' title='bbox 754 4236 951 4288; x_wconf 81' lang='lat' dir='ltr'>commeatum</span> <span class='ocrx_word' id='word_1_386' title='bbox 965 4239 1106 4299; x_wconf 83' lang='lat' dir='ltr'>emerent,</span> <span class='ocrx_word' id='word_1_387' title='bbox 1120 4238 1151 4288; x_wconf 88' lang='lat' dir='ltr'>et</span> <span class='ocrx_word' id='word_1_388' title='bbox 1166 4228 1262 4308; x_wconf 84' lang='lat' dir='ltr'>jejuni</span> <span class='ocrx_word' id='word_1_389' title='bbox 1277 4241 1361 4288; x_wconf 70' lang='lat' dir='ltr'>resset</span> 
     </span>
     <span class='ocr_line' id='line_1_44' title="bbox 272 4319 1360 4400; baseline -0.004 -20"><span class='ocrx_word' id='word_1_390' title='bbox 272 4337 358 4394; x_wconf 74' lang='lat' dir='ltr'>agere</span> <span class='ocrx_word' id='word_1_391' title='bbox 372 4340 431 4384; x_wconf 87' lang='lat' dir='ltr'>nun</span> <span class='ocrx_word' id='word_1_392' title='bbox 445 4328 583 4398; x_wconf 87' lang='lat' dir='ltr'>possent:</span> <span class='ocrx_word' id='word_1_393' title='bbox 605 4338 703 4378; x_wconf 89' lang='lat' dir='ltr'>rursus</span> <span class='ocrx_word' id='word_1_394' title='bbox 718 4339 775 4398; x_wconf 71' lang='lat' dir='ltr'>ego</span> <span class='ocrx_word' id='word_1_395' title='bbox 787 4319 902 4380; x_wconf 80' lang='lat' dir='ltr'>civibus</span> <span class='ocrx_word' id='word_1_396' title='bbox 917 4321 1041 4382; x_wconf 86' lang='lat' dir='ltr'>testibus</span> <span class='ocrx_word' id='word_1_397' title='bbox 1058 4321 1206 4393; x_wconf 88' lang='lat' dir='ltr'>adhibitis,</span> <span class='ocrx_word' id='word_1_398' title='bbox 1221 4319 1360 4400; x_wconf 70' lang='lat' dir='ltr'>Polycles·</span> 
     </span>
     <span class='ocr_line' id='line_1_45' title="bbox 270 4408 1361 4494; baseline 0.004 -24"><span class='ocrx_word' id='word_1_399' title='bbox 270 4408 380 4470; x_wconf 72' lang='lat' dir='ltr'>Tenedi</span> <span class='ocrx_word' id='word_1_400' title='bbox 394 4432 559 4490; x_wconf 78' lang='lat' dir='ltr'>aggressus,</span> <span class='ocrx_word' id='word_1_401' title='bbox 572 4421 603 4471; x_wconf 91' lang='lat' dir='ltr'>et</span> <span class='ocrx_word' id='word_1_402' title='bbox 617 4432 722 4492; x_wconf 77' lang='lat' dir='ltr'>narem</span> <span class='ocrx_word' id='word_1_403' title='bbox 736 4413 880 4494; x_wconf 86' lang='lat' dir='ltr'>accipere,</span> <span class='ocrx_word' id='word_1_404' title='bbox 894 4426 929 4477; x_wconf 89' lang='lat' dir='ltr'>ut</span> <span class='ocrx_word' id='word_1_405' title='bbox 944 4436 1156 4492; x_wconf 83' lang='lat' dir='ltr'>successorem,</span> <span class='ocrx_word' id='word_1_406' title='bbox 1170 4427 1201 4477; x_wconf 80' lang='lat' dir='ltr'>st</span> <span class='ocrx_word' id='word_1_407' title='bbox 1211 4415 1285 4478; x_wconf 84' lang='lat' dir='ltr'>miti</span> <span class='ocrx_word' id='word_1_408' title='bbox 1303 4410 1361 4474; x_wconf 87' lang='lat' dir='ltr'>red·</span> 
     </span>
    </p>
   </div>
   <div class='ocr_carea' id='block_1_15' title="bbox 0 0 1488 4950">
    <p class='ocr_par' dir='ltr' id='par_1_17' title="bbox 0 0 1488 4950">
     <span class='ocr_line' id='line_1_46' title="bbox 0 0 1488 4950; baseline 0 2"><span class='ocrx_word' id='word_1_409' title='bbox 0 0 1488 4950; x_wconf 95' lang='lat' dir='ltr'> </span> 
     </span>
    </p>
   </div>
  </div>
 </body>
</html>
