2967 4950
456 320 675 385 ADVERSUS
697 322 932 387 rouretum.
1180 332 1239 391 697

131 460 289 558 impensas
303 475 560 563 mihi-restitueret
580 477 655 538 Hoec
666 496 712 539 me
726 480 853 553 dicente,
863 478 979 540 fabulas
991 482 1168 541 me'norrare
1180 482 1241 542 nte:

133 574 210 633 bat:
229 570 291 630 dux
305 580 405 630 autem
419 568 516 630 navim
530 572 729 633 conscendere
743 592 791 632 me
799 574 934 653 jubebat,
953 582 984 634 et
995 592 1097 633 secum
1117 575 1240 636 solvere.

136 664 186 725 Ac
196 669 233 725 ¹ut
246 682 313 724 eum
328 662 392 725 haee
404 663 593 755 respondisse
608 674 733 739 constet,
746 666 813 745 lege
827 665 895 725 mihi
906 665 1119 727 testimonium.

543 881 854 965 TESTIMONIUM.
891 957 894 963 Ι

188 1028 238 1086 ll.
259 1025 362 1087 Dicam
375 1024 459 1087 vobis
472 1025 559 1086 etiam
573 1024 689 1105 signum
702 1025 836 1095 euidens,
852 1032 886 1084 ut
899 1024 997 1085 sciatis
1011 1024 1158 1105 insignem
1170 1026 1242 1088 mihi
1261 1028 1265 1033 ’

138 1121 254 1185 tecum
275 1138 348 1179 esse·
362 1118 506 1199 injuriam.
548 1118 626 1179 Nam
641 1118 769 1199 Hagniae
783 1128 814 1177 et
827 1116 954 1177 Praxicli
967 1118 1022 1177 sub
1034 1116 1114 1177 idem
1126 1128 1242 1203 tempus

139 1212 208 1273 dati
218 1230 403 1272 successores
414 1221 493 1283 sunt,
508 1210 707 1273 Mnesilochus
715 1209 899 1271 Perithoedes
908 1218 937 1269 et
948 1208 1148 1272 Phrasicrides
1162 1214 1243 1275 Ana-

140 1304 288 1386 phlystius
296 1324 305 1373 ;
326 1304 512 1365 Phrasicride
526 1313 624 1364 autem
636 1303 796 1373 adnarem
814 1322 873 1362 non
886 1302 1028 1382 proiecto,
1042 1302 1243 1369 Mnesilochus

142 1396 275 1457 Thasum
288 1397 368 1457 uenit
385 1396 465 1456 stab
480 1395 599 1475 Hagnia
613 1395 757 1457 triremem
770 1396 913 1477 suscepit,
927 1406 959 1456 et
976 1395 1125 1475 impensas
1138 1398 1243 1477 reliqui

141 1489 283 1569 temporis
297 1488 531 1567 solsitHagnioe,
544 1507 618 1568 quas
632 1509 684 1570 pro
698 1490 740 1551 eis
753 1500 874 1569 rogatus
886 1488 1007 1563 fecerat,
1021 1498 1052 1549 et
1064 1500 1244 1551 armamenta

142 1580 288 1643 conduxit
298 1580 479 1661 ab'Hagnia,
494 1580 600 1661 etipse
613 1580 721 1641 triremi
734 1584 867 1661 prefuit:
889 1582 1006 1654 deinde,
1027 1584 1078 1663 qui
1093 1606 1110 1649 a
1124 1582 1242 1666 Phrasi·

142 1676 226 1738 cride
239 1674 318 1735 missi
332 1684 423 1748 erant,
433 1674 454 1733 ii
466 1685 497 1735 et
508 1675 705 1754 impensarum
717 1686 832 1757 portem
846 1677 1036 1739 reddiderunt
1046 1680 1243 1754 Mnesilocho,

142 1778 176 1829 ot
185 1768 333 1848 deinceps
342 1777 477 1847 sumptus
492 1784 566 1846 quos
577 1767 660 1829 navio
673 1768 841 1847 requirebat
853 1788 913 1829 una
925 1770 1136 1833 sustinuerunt.
1179 1773 1243 1838 Ho-

142 1859 594 1939 rummihilegetestimonium.
806 1872 809 1879 ·
1096 1859 1101 1870 '

515 2159 518 2168 s
540 2070 850 2143 rnsrruouruu.

145 2333 297 2413 suscipere
310 2350 415 2393 navem
429 2350 489 2393 non
510 2333 649 2413 coegerit,
664 2334 715 2413 qui
729 2330 882 2395 successor
895 2335 1013 2396 arl'eam
1026 2329 1163 2410 venisset,
1176 2338 1245 2398 cum
1271 2336 1275 2342 ’

143 2428 229 2508 leges
243 2426 274 2486 id
287 2435 347 2486 tam
361 2444 458 2487 severe
472 2426 661 2508 praejcipianti
691 2428 789 2508 Hujus
801 2448 872 2508 ergo
894 2430 936 2488 rei
956 2448 1076 2489 causam
1089 2430 1245 2511 perspicue

143 2541 200 2584 vos
215 2519 356 2581 edocebo.
397 2519 613 2594 Timomachus,
627 2520 760 2594 ludices,
774 2520 882 2581 triremi
895 2522 987 2581 voluit
999 2523 1038 2582 ad
1052 2523 1151 2588 omnia
1168 2526 1245 2584 Mne

143 2615 291 2675 instructa
313 2611 367 2671 uti.
409 2611 525 2672 Sciebat
538 2622 636 2673 autem
660 2611 767 2685 istum,·
781 2613 888 2673 triremi
907 2625 1039 2694 accepta,
1062 2616 1138 2676 male
1158 2609 1245 2677 suum
1287 2691 1289 2695 .

144 2725 255 2767 munus
276 2703 438 2773 obiturum
460 2719 554 2783 neque
578 2704 625 2765 vel
647 2707 795 2784 impensas
813 2706 969 2781 iacturum,
982 2709 1030 2768 vel
1052 2709 1191 2770 militibus
1210 2731 1245 2772 ac

144 2798 305 2879 remigibus
328 2795 400 2856 meir
421 2815 676 2877 usurumsneque
698 2797 774 2858 enim
796 2799 950 2878 quisquam
971 2802 1051 2880 apud
1074 2817 1244 2865 eum‘man-

145 2893 244 2954 sisset.
286 2889 433 2950 Praeterea
448 2890 553 2950 sicum
572 2909 630 2950 non
645 2891 854 2970 datapecunia
868 2893 1006 2972 navigare
1018 2895 1165 2974 jussisset,
1184 2918 1245 2958 non

143 2985 200 3064 ita,
213 2993 249 3044 ut
260 3003 318 3055 me,
328 2981 504 3055 soluturum,
519 2983 572 3043 sed
584 2983 739 3042 molestum
752 2983 806 3044 sibi
820 2984 960 3044 futurum.
1002 2987 1054 3045 Ad
1068 2987 1133 3047 haec
1146 2981 1245 3049 mutu·

144 3087 215 3138 atus
230 3077 267 3134 ab
279 3095 314 3135 eo
328 3084 390 3135 erat
402 3073 522 3154 triginta
539 3075 641 3149 minas,
659 3095 695 3136 ea
712 3075 879 3136 conditione
897 3096 937 3138 ne
956 3097 1024 3137 eum
1042 3097 1145 3140 navem
1165 3084 1246 3145 acci«

144 3188 219 3252 pere
232 3176 357 3246 cogeret.
412 3187 416 3190 ·
739 3186 742 3194 ·
933 3191 936 3195 ·
986 3186 989 3192 ’
1120 3185 1128 3196 ’
1196 3244 1198 3246 ,
1233 3169 1238 3197 ·’

190 3264 238 3322 13.
260 3261 327 3330 Qua
349 3269 446 3320 autem
461 3258 499 3319 de
512 3277 604 3319 causa
622 3259 691 3318 mihi
707 3261 830 3321 maxime
851 3263 949 3339 iratus
963 3261 1052 3322 firerit
1070 3281 1175 3343 meque
1200 3267 1244 3327 in··

145 3364 278 3418 sectatus
292 3353 341 3426 sit,
354 3363 553 3430 necunquam
576 3352 646 3411 mihi
665 3354 711 3412 vel
734 3373 796 3414 una
815 3353 906 3414 dere
929 3353 1048 3415 dicendi
1069 3354 1244 3436 potestatem

142 3447 257 3518 fecerit,
272 3445 426 3526 perspicue
443 3445 524 3504 vobis
537 3444 706 3525 explicabo,
721 3455 755 3506 ut
770 3446 870 3507 sciatis
889 3467 938 3507 me
950 3465 1011 3508 non
1031 3448 1138 3511 iecisse
1152 3451 1245 3531 pluris

142 3541 195 3602 illo
208 3549 340 3618 tempore
358 3535 404 3596 vel
424 3535 516 3596 otium
537 3555 642 3608 meum,
656 3536 702 3595 vel
720 3537 797 3598 illius
813 3539 984 3618 potentiam,
998 3541 1243 3623 quam'populum

133 3626 356 3694 'Atheniensem
370 3637 400 3689 et
406 3627 509 3708 leges:
532 3629 585 3688 sed
598 3649 684 3709 eoquo
693 3631 798 3692 tulisse
809 3631 906 3692 animo
920 3632 1101 3694 etiactorum
1110 3634 1244 3716 injuriam

142 3737 173 3789 et
183 3722 390 3787 contumeliam
403 3722 569 3794 verborum,
583 3741 651 3801 quoe
663 3723 733 3782 mihi
746 3725 839 3784 multo
852 3735 936 3784 erant
948 3725 1081 3806 graviora
1093 3727 1242 3808 impensis.
1264 3738 1267 3744 ’

141 3821 186 3880 Ut
198 3817 276 3880 enim
289 3813 380 3876 Thasi
392 3811 495 3875 classis
507 3816 683 3889 morabatur,
694 3809 868 3877 aMethona
880 3819 951 3878 urbe
966 3819 1152 3881 Macedoniis
1161 3823 1243 3884 navi-

140 3910 211 3972 cula
223 3907 305 3970 renit
319 3906 461 3977 Thasum,
484 3925 550 3985 quae
571 3905 719 3966 hominem
732 3907 858 3968 vehebat
878 3917 910 3968 et
929 3899 1027 3970 literas
1041 3931 1059 3971 a
1073 3909 1244 3976 Callistrato

142 4003 184 4065 ad
195 4000 426 4072 Timomachum,
441 3999 547 4078 quibus
561 3993 690 4079 petebat,
707 4011 740 4059 ut
758 4021 814 4080 ego
833 4012 939 4083 postea
957 4005 1072 4080 rescivi,
1085 4008 1141 4068 sibi
1159 4010 1242 4069 trire-

139 4115 219 4158 mem
240 4090 488 4174 expeditissimam
509 4090 594 4163 mitti,
614 4111 673 4172 quo
692 4092 730 4152 ad
747 4113 820 4158 :eum
842 4095 963 4156 veniret.
996 4095 1159 4160 ‘Postridie
1173 4094 1244 4160 cum'

140 4187 236 4269 prima
247 4185 316 4248 lucc
329 4183 458 4244 minister
470 4183 572 4244 aderat
583 4185 633 4262 qui
652 4205 698 4244 me
714 4197 821 4247 nautas
834 4188 865 4248 iu
877 4209 983 4250 navem
997 4200 1104 4253 vocare
1115 4193 1243 4270 juberet.

141 4283 222 4355 Qua,
241 4299 310 4342 cum
323 4278 412 4358 plena
425 4287 511 4351 esset,
528 4297 690 4340 conscensa
702 4280 856 4363 Collippus
869 4281 1002 4343 Philonis
1017 4285 1051 4344 F.
1065 4285 1243 4348 AExonensis

138 4371 331 4456 gubernatori
347 4371 458 4433 indicat
472 4371 798 4436 versusMacedoniam
820 4395 887 4437 esse
905 4378 1113 4457 navigandum.
1155 4379 1243 4442 Post*
1282 4395 1285 4399 “

138 4470 229 4551 quani
243 4473 342 4528 autem
362 4465 401 4529 sd
419 4463 559 4546 oppidum
573 4465 722 4546 quoddam
734 4458 771 4527 in
782 4469 919 4551 opposita
940 4470 1117 4547 continente,
1135 4470 1242 4535 'lbasi-

699 4563 754 4620 4u
