2967 4950
250 300 289 356 so
598 293 645 353 rs
666 291 1008 354 crrsrrrrosren.

726 499 869 610 deors
903 559 911 580 ,

251 707 327 767 Cum
340 707 430 786 igitur
441 724 494 764 vos
509 705 661 784 decepturi
670 704 780 777 dicent,
793 703 975 783 adscriptum
986 722 1053 762 esse
1060 703 1119 782 legi
1128 703 1217 764 licere
1227 704 1356 784 aliquem

250 819 361 861 corona
379 799 501 882 donare,
515 799 538 857 si
553 799 681 878 populns
702 798 829 871 sciverit,
848 797 937 858 facite
958 798 1042 856 robis
1061 798 1090 856 in
1108 807 1236 858 mentem
1257 800 1359 859 veniat

249 893 406 971 subjicere,
428 893 480 952 itn
507 911 612 967 seue,
638 891 668 951 si
696 911 770 970 qua
797 901 831 952 te
858 891 933 952 elie
960 885 1096 950 civiter
1122 893 1354 960 coronetur

250 985 309 1044 sin
336 983 513 1065 populus
541 981 829 1054 Atheniensis,
855 982 1103 1061 designatus
1136 982 1209 1041 tibi
1237 983 1354 1042 locus

199 1099 205 1109 1‘
248 1088 322 1156 est,
349 1077 415 1155 ubi
441 1077 480 1136 id
508 1075 597 1136 fieri
621 1087 821 1154 oportent
865 1075 1140 1136 Interdictum
1168 1075 1246 1134 tibi
1284 1085 1354 1147 est,

238 1189 298 1230 ne
322 1178 438 1229 extra
461 1168 685 1229 concionem
707 1167 957 1246 preediceris.
993 1168 1124 1228 Nemea
1143 1168 1237 1228 verba
1256 1168 1355 1226 alibi

250 1272 381 1348 autern
407 1281 604 1340 nusquam
627 1261 697 1339 quid
720 1261 777 1320 sibi
797 1261 899 1333 velint,
926 1269 1021 1322 totum
1050 1260 1128 1322 diem
1156 1261 1241 1320 dicas
1268 1261 1354 1322 licet:

248 1374 401 1432 nunquam
422 1363 501 1416 certe
514 1354 655 1414 ostendes
676 1362 704 1411 te
725 1354 875 1415 decretum
897 1353 1046 1432 scripsisse
1067 1353 1183 1432 legibus
1199 1363 1354 1414 consente-

251 1467 351 1509 neum.
787 1507 793 1518 ,

291 1542 340 1600 19.
362 1539 470 1600 Restat
483 1558 563 1598 nuno
576 1539 647 1600 mihi
660 1534 858 1601 accusationis
871 1559 952 1618 pers,
966 1539 997 1598 in
1016 1559 1076 1618 qua
1088 1539 1248 1618 plurimum
1267 1539 1354 1600 studii

248 1633 375 1694 colloco.
398 1633 443 1692 Ea
462 1651 550 1711 porro
564 1642 611 1693 est
625 1652 726 1706 causa,
739 1643 860 1712 propter
881 1651 971 1711 quem
991 1632 1081 1698 istum
1102 1652 1213 1694 corona
1233 1633 1355 1712 dignum

162 1725 166 1732 ’
250 1726 404 1786 arbitratur
419 1725 576 1801 Ctesiphon.
606 1726 741 1786 Itaenim
755 1727 785 1785 in
801 1726 922 1788 decreto
936 1726 1055 1789 scribit:
1076 1734 1114 1785 et
1133 1743 1354 1804 prreconenr

251 1819 288 1877 in
311 1818 475 1897 theatro
501 1818 805 1881 coramGraecis
832 1819 1103 1897 pronuntiare,
1128 1818 1355 1878 Demosthe·

251 1930 339 1970 nem
365 1931 384 1970 a
409 1913 557 1992 populo
584 1912 815 1973 Atheniensi
843 1927 988 1972 corone
1016 1910 1154 1969 donari
1179 1911 1354 1972 virtutis

249 2021 345 2082 ergo
369 2023 412 2064 ac
435 2005 697 2062 fortitudinis
723 2012 765 2060 et
788 2000 870 2080 quod
887 2001 1356 2082 estomniumrnaximumqnia

250 2095 382 2157 illast
402 2094 539 2154 dicere
563 2103 594 2153 et
613 2093 755 2154 facere
783 2113 859 2152 non
885 2093 1067 2154 desistet
1094 2113 1178 2172 quae
1207 2097 1354 2180 populo

251 2198 345 2250 sunt
363 2187 596 2247 utilissima.
623 2187 693 2246 Jem
712 2207 782 2247 vero
801 2187 924 2269 simplex
939 2188 1059 2252 omnino
1072 2189 1103 2246 in
1116 2198 1269 2266 posterum
1290 2191 1356 2252 mihi

162 2339 168 2352 ⁴
250 2282 306 2343 erit
328 2281 432 2351 oratio,
454 2280 598 2359 vobisque
619 2279 809 2356 audientibus
829 2279 980 2344 intellectu
997 2299 1033 2345 uc
1049 2279 1187 2358 judicatu
1208 2266 1374 2345 feodlimn.¹

251 2375 304 2434 Me
319 2373 398 2433 enim
413 2373 464 2452 qui
484 2391 593 2433 accuso
607 2372 721 2434 scilicet
733 2372 888 2432 ostendere
904 2381 1030 2450 oportet,
1052 2371 1144 2434 falses
1166 2389 1233 2438 esse
1254 2375 1355 2436 laudes

136 2479 139 2486 “
250 2461 318 2545 qnae
334 2465 531 2527 Demostheni
548 2465 727 2540 tribuuntur,
740 2486 870 2547 eumque
881 2484 979 2543 neque
992 2465 1102 2546 optime
1115 2467 1213 2533 dicere
1227 2486 1355 2549 usqum

249 2559 382 2637 cepisse,
398 2578 495 2637 neque
504 2561 569 2636 jum
581 2559 661 2620 iniis
674 2560 799 2639 agendis
813 2580 881 2639 qum
892 2559 1002 2621 civitati
1016 2570 1139 2639 prosunt
1158 2579 1353 2639 personemus.

252 2650 341 2719 Quod
355 2651 381 2709 si
393 2651 459 2712 haec
472 2651 599 2724 evicero,
612 2652 680 2731 jure
693 2654 829 2713 nimirum
842 2672 935 2713 causa
948 2648 1036 2713 cadet
1050 2652 1232 2731 Ctesiphon:
1256 2674 1353 2715 omnes

250 2742 328 2805 enim
355 2742 437 2821 leges
457 2752 568 2816 vetant,
588 2764 627 2804 ne
650 2745 715 2823 quis
739 2745 770 2805 in
800 2746 927 2805 decretis
948 2744 1075 2823 publicis
1096 2744 1174 2818 falsa
1194 2749 1354 2825 perscribat

251 2833 370 2912 scripte.
392 2833 458 2894 Reo
469 2844 569 2894 autem
582 2835 670 2913 hujus
687 2837 866 2897 contrarium
880 2845 927 2897 est
939 2836 1168 2901 ostendendum.
1196 2839 1260 2897 Vos
1273 2841 1354 2901 nohis

251 2926 330 2990 eritis
343 2946 444 2987 eorum
465 2946 533 3005 quse
546 2928 682 3006 utrinque
700 2925 834 2993 dicentur
849 2928 978 3008 judices.
1006 2929 1105 3008 Atque
1126 2930 1169 2989 ite
1188 2931 1310 3009 quidem
1323 2950 1353 2993 se

251 3039 299 3079 rer
315 3019 416 3079 habet.

291 3114 342 3171 20.
362 3112 521 3171 Enimvero
540 3121 633 3172 totam
647 3112 857 3176 Demosthenis
873 3113 962 3176 vitam
980 3122 1118 3197 excutere
1138 3114 1284 3193 longioris
1298 3135 1352 3195 ego

249 3204 472 3283 orationisopus
481 3224 548 3278 esse
557 3206 691 3266 arbitror.
707 3205 787 3273 Quid
796 3207 874 3267 enim
884 3224 962 3268 nuuc
971 3207 1280 3280 istecommemorem,
1291 3228 1354 3287 quoe

247 3296 291 3356 illi
303 3297 334 3357 in
345 3297 462 3357 actione
472 3296 600 3357 vulneris
614 3298 798 3370 ecciderunt,
808 3318 875 3359 eum
887 3299 919 3361 in
931 3299 1121 3379 Areopagum
1132 3299 1237 3361 citarit
1245 3302 1354 3362 Demo·

249 3390 357 3452 melem
371 3390 583 3461 Paeaniensem,
598 3390 807 3453 consobrinum
822 3410 921 3465 suum,
932 3401 1026 3471 utque
1040 3393 1096 3469 ipre
1112 3392 1165 3452 siu·
1178 3403 1273 3475 caput
1285 3394 1354 3459 iret

250 3481 346 3544 derit?
366 3482 437 3560 quid
448 3502 485 3543 ee
496 3502 564 3562 qum
578 3482 609 3544 in
618 3483 815 3562 Cephisodoti
823 3484 1008 3563 prefectum,
1022 3486 1163 3551 classem
1174 3486 1355 3567 Heflespon·

183 3647 187 3653 ι
250 3584 315 3637 tum
323 3573 658 3653 profectaemtigerurt,
667 3596 728 3655 quo
737 3568 867 3655 tempore
877 3576 1103 3651 Demosthenes,
1113 3597 1182 3640 cum
1190 3591 1356 3643 unusessoe

249 3686 287 3731 ex
299 3666 479 3740 trierarchis,
490 3676 521 3729 et
533 3687 589 3728 sua
600 3687 675 3733 nare
688 3669 795 3733 ducens
804 3670 1044 3743 circumveheret‚
1055 3685 1116 3733 uua'
1128 3690 1196 3734 curn
1207 3690 1245 3735 ee
1256 3692 1355 3749 vem

247 3769 338 3830 retur,
349 3759 537 3831 sacrificaret,
546 3759 661 3833 libaret,
672 3780 800 3839 eumque
809 3760 951 3825 honorem
959 3772 1116 3841 propterea
1126 3763 1207 3841 quod
1217 3774 1356 3842 paternus

249 3852 277 3913 ei
287 3851 398 3916 amicus
412 3862 474 3915 erat
482 3864 722 3931 consequeretur,
733 3872 794 3917 non
807 3854 1191 3929 nemorumnemorum
1203 3856 1287 3921 lesse
1295 3876 1358 3919 rus·

242 3946 363 4026 jestetis
372 3946 478 4014 reusin
483 3947 741 4027 judiciumeepitis
751 3948 998 4035 essetedductps
1006 3958 1209 4015 accusatorem
1218 3950 1354 4029 seseqjus

154 4048 158 4056 ’
249 4040 399 4120 profiteri?
420 4041 492 4119 quid
505 4061 621 4121 eaque
634 4041 693 4121 ipsi
703 4060 772 4119 curn
798 4042 1135 4113 Midiar'uteroessrrust,
1150 4052 1180 4103 et
1200 4042 1355 4123 colaphos,

163 4140 166 4146 '
189 4165 191 4172 s
249 4152 325 4211 quos
338 4134 369 4202 in
382 4132 536 4199 orchestra
547 4134 639 4198 chero
648 4134 808 4213 praelectus
820 4136 945 4218 accepit,
954 4145 1046 4215 utque
1055 4146 1088 4199 st
1099 4134 1303 4215 injurium-sihi
1316 4136 1357 4199 te

246 4236 328 4289 ctam
336 4238 368 4287 et
376 4228 479 4307 populi
487 4228 574 4291 simul
580 4228 723 4305 judicium
733 4228 962 4313 demostenem,
972 4230 1124 4310 intemplo
1133 4230 1358 4295 Bsoeeioonea

245 4316 372 4381 »rudiam
386 4321 618 4398 pronuntiatum,
630 4321 751 4398 triginta
765 4322 853 4385 minis
866 4322 1055 4385 vendiderit?
1077 4322 1153 4386 Hrcr
1165 4322 1254 4401 igitur
1267 4333 1357 4403 atque

180 4425 183 4430 ·
251 4405 372 4473 altahir
392 4413 501 4476 similis
519 4423 598 4479 recte
625 4413 700 4474 mihi
717 4414 820 4477 videor
838 4435 906 4507 esse
926 4416 1044 4479 silentio
1068 4416 1281 4497 preterimus
1300 4435 1358 4482 nto
