<?xml version="1.0" encoding="UTF-8"?>
<!DOCTYPE html PUBLIC "-//W3C//DTD XHTML 1.0 Transitional//EN"
    "http://www.w3.org/TR/xhtml1/DTD/xhtml1-transitional.dtd">
<html xmlns="http://www.w3.org/1999/xhtml" xml:lang="en" lang="en">
 <head>
  <title>
</title>
<meta http-equiv="Content-Type" content="text/html;charset=utf-8" />
  <meta name='ocr-system' content='tesseract 3.04.00' />
  <meta name='ocr-capabilities' content='ocr_page ocr_carea ocr_par ocr_line ocrx_word'/>
</head>
<body>
  <div class='ocr_page' id='page_1' title='image "./demosthenisetsc06ulpigoog_0390.png"; bbox 0 0 2967 4950; ppageno 0'>
   <div class='ocr_carea' id='block_1_1' title="bbox 255 309 1123 430">
    <p class='ocr_par' dir='ltr' id='par_1_1' title="bbox 255 309 1123 430">
     <span class='ocr_line' id='line_1_1' title="bbox 255 309 1123 430; baseline 0.002 -42"><span class='ocrx_word' id='word_1_1' title='bbox 255 333 293 389; x_wconf 86' lang='lat'>30</span> <span class='ocrx_word' id='word_1_2' title='bbox 526 367 529 374; x_wconf 77' lang='lat'><strong><em>‚</em></strong></span> <span class='ocrx_word' id='word_1_3' title='bbox 571 328 744 430; x_wconf 75' lang='lat' dir='ltr'>unsrun</span> <span class='ocrx_word' id='word_1_4' title='bbox 768 331 1036 392; x_wconf 79' lang='lat' dir='ltr'>rrnnncuun.</span> <span class='ocrx_word' id='word_1_5' title='bbox 1119 309 1123 321; x_wconf 87' lang='lat'>&#39;</span> 
     </span>
    </p>
   </div>
   <div class='ocr_carea' id='block_1_2' title="bbox 240 485 1457 570">
    <p class='ocr_par' dir='ltr' id='par_1_2' title="bbox 240 485 1457 570">
     <span class='ocr_line' id='line_1_2' title="bbox 240 485 1457 570; baseline -0.003 -24"><span class='ocrx_word' id='word_1_6' title='bbox 240 487 371 570; x_wconf 77' lang='lat' dir='ltr'>¹minime</span> <span class='ocrx_word' id='word_1_7' title='bbox 390 504 460 548; x_wconf 89' lang='lat' dir='ltr'>curo</span> <span class='ocrx_word' id='word_1_8' title='bbox 473 488 579 548; x_wconf 81' lang='lat' dir='ltr'>faciam</span> <span class='ocrx_word' id='word_1_9' title='bbox 593 490 782 549; x_wconf 84' lang='lat' dir='ltr'>mentionem.</span> <span class='ocrx_word' id='word_1_10' title='bbox 804 488 878 553; x_wconf 78' lang='lat' dir='ltr'>Quis</span> <span class='ocrx_word' id='word_1_11' title='bbox 897 487 975 546; x_wconf 77' lang='lat' dir='ltr'>erum</span> <span class='ocrx_word' id='word_1_12' title='bbox 995 491 1125 545; x_wconf 80' lang='lat' dir='ltr'>vestrum</span> <span class='ocrx_word' id='word_1_13' title='bbox 1139 485 1351 563; x_wconf 61' lang='lat' dir='ltr'>Diophanem,</span> <span class='ocrx_word' id='word_1_14' title='bbox 1456 530 1457 553; x_wconf 72' lang='lat'>,</span> 
     </span>
    </p>
   </div>
   <div class='ocr_carea' id='block_1_3' title="bbox 201 570 1351 660">
    <p class='ocr_par' dir='ltr' id='par_1_3' title="bbox 201 570 1351 660">
     <span class='ocr_line' id='line_1_3' title="bbox 201 570 1351 660; baseline -0.003 -21"><span class='ocrx_word' id='word_1_15' title='bbox 201 588 205 600; x_wconf 65' lang='lat'><em>¹</em></span> <span class='ocrx_word' id='word_1_16' title='bbox 253 582 304 658; x_wconf 91' lang='lat' dir='ltr'>qui</span> <span class='ocrx_word' id='word_1_17' title='bbox 318 570 408 640; x_wconf 66' lang='lat' dir='ltr'>orbus&#39;</span> <span class='ocrx_word' id='word_1_18' title='bbox 420 581 593 660; x_wconf 89' lang='lat' dir='ltr'>appellatur,</span> <span class='ocrx_word' id='word_1_19' title='bbox 605 601 665 639; x_wconf 91' lang='lat' dir='ltr'>non</span> <span class='ocrx_word' id='word_1_20' title='bbox 677 581 778 640; x_wconf 75' lang='lat' dir='ltr'>noviti</span> <span class='ocrx_word' id='word_1_21' title='bbox 799 580 859 645; x_wconf 80' lang='lat' dir='ltr'>oui</span> <span class='ocrx_word' id='word_1_22' title='bbox 872 579 1016 658; x_wconf 79' lang='lat' dir='ltr'><strong>hospitem</strong></span> <span class='ocrx_word' id='word_1_23' title='bbox 1031 579 1069 638; x_wconf 91' lang='lat' dir='ltr'>ad</span> <span class='ocrx_word' id='word_1_24' title='bbox 1088 588 1246 657; x_wconf 72' lang='lat' dir='ltr'>pretorem</span> <span class='ocrx_word' id='word_1_25' title='bbox 1256 577 1351 647; x_wconf 81' lang='lat' dir='ltr'><strong>traxit,</strong></span> 
     </span>
    </p>
   </div>
   <div class='ocr_carea' id='block_1_4' title="bbox 255 670 1457 752">
    <p class='ocr_par' dir='ltr' id='par_1_4' title="bbox 255 670 1457 752">
     <span class='ocr_line' id='line_1_4' title="bbox 255 670 1457 752; baseline -0.004 -20"><span class='ocrx_word' id='word_1_26' title='bbox 255 673 486 750; x_wconf 74' lang='lat' dir='ltr'>cujus‘assessor</span> <span class='ocrx_word' id='word_1_27' title='bbox 500 673 554 730; x_wconf 87' lang='lat' dir='ltr'>fuit</span> <span class='ocrx_word' id='word_1_28' title='bbox 569 673 727 752; x_wconf 88' lang='lat' dir='ltr'>Aristopho</span> <span class='ocrx_word' id='word_1_29' title='bbox 739 672 925 732; x_wconf 87' lang='lat' dir='ltr'>Azeniensis:</span> <span class='ocrx_word' id='word_1_30' title='bbox 948 682 1124 749; x_wconf 87' lang='lat' dir='ltr'><strong>conquestus</strong></span> <span class='ocrx_word' id='word_1_31' title='bbox 1136 691 1169 729; x_wconf 90' lang='lat' dir='ltr'>se</span> <span class='ocrx_word' id='word_1_32' title='bbox 1178 670 1352 748; x_wconf 85' lang='lat' dir='ltr'>quatuorab</span> <span class='ocrx_word' id='word_1_33' title='bbox 1456 676 1457 683; x_wconf 77' lang='grc'>’</span> 
     </span>
    </p>
   </div>
   <div class='ocr_carea' id='block_1_5' title="bbox 250 761 1352 844">
    <p class='ocr_par' dir='ltr' id='par_1_5' title="bbox 250 761 1352 844">
     <span class='ocr_line' id='line_1_5' title="bbox 250 761 1352 844; baseline -0.002 -21"><span class='ocrx_word' id='word_1_34' title='bbox 250 765 303 834; x_wconf 60' lang='lat' dir='ltr'>,illo</span> <span class='ocrx_word' id='word_1_35' title='bbox 318 766 463 825; x_wconf 81' lang='lat' dir='ltr'><strong>drachmis</strong></span> <span class='ocrx_word' id='word_1_36' title='bbox 484 767 600 824; x_wconf 90' lang='lat' dir='ltr'>obeam</span> <span class='ocrx_word' id='word_1_37' title='bbox 617 785 677 824; x_wconf 89' lang='lat' dir='ltr'>rem</span> <span class='ocrx_word' id='word_1_38' title='bbox 698 765 862 844; x_wconf 80' lang='lat' dir='ltr'>promissis,</span> <span class='ocrx_word' id='word_1_39' title='bbox 882 762 1029 822; x_wconf 86' lang='lat' dir='ltr'>fraudari:</span> <span class='ocrx_word' id='word_1_40' title='bbox 1052 774 1082 821; x_wconf 90' lang='lat' dir='ltr'>et</span> <span class='ocrx_word' id='word_1_41' title='bbox 1106 763 1188 840; x_wconf 89' lang='lat' dir='ltr'>leges</span> <span class='ocrx_word' id='word_1_42' title='bbox 1210 761 1352 833; x_wconf 82' lang='lat' dir='ltr'>recitarit,</span> 
     </span>
    </p>
   </div>
   <div class='ocr_carea' id='block_1_6' title="bbox 250 854 1457 1397">
    <p class='ocr_par' dir='ltr' id='par_1_6' title="bbox 250 854 1457 1397">
     <span class='ocr_line' id='line_1_6' title="bbox 253 854 1457 938; baseline -0.003 -22"><span class='ocrx_word' id='word_1_43' title='bbox 253 877 319 936; x_wconf 79' lang='lat' dir='ltr'>quoe</span> <span class='ocrx_word' id='word_1_44' title='bbox 331 867 485 937; x_wconf 73' lang='lat' dir='ltr'>pretorem</span> <span class='ocrx_word' id='word_1_45' title='bbox 500 858 675 938; x_wconf 88' lang='lat' dir='ltr'>pupillorum</span> <span class='ocrx_word' id='word_1_46' title='bbox 690 875 789 917; x_wconf 89' lang='lat' dir='ltr'>curam</span> <span class='ocrx_word' id='word_1_47' title='bbox 803 877 904 936; x_wconf 83' lang='lat' dir='ltr'>gerere</span> <span class='ocrx_word' id='word_1_48' title='bbox 918 857 1027 936; x_wconf 84' lang='lat' dir='ltr'>jubent</span> <span class='ocrx_word' id='word_1_49' title='bbox 1037 876 1055 919; x_wconf 70' lang='lat' dir='ltr'>z,</span> <span class='ocrx_word' id='word_1_50' title='bbox 1067 856 1209 934; x_wconf 81' lang='lat' dir='ltr'>neglectis</span> <span class='ocrx_word' id='word_1_51' title='bbox 1223 854 1270 927; x_wconf 91' lang='lat' dir='ltr'>iis,</span> <span class='ocrx_word' id='word_1_52' title='bbox 1285 872 1352 933; x_wconf 81' lang='lat' dir='ltr'>quae</span> <span class='ocrx_word' id='word_1_53' title='bbox 1456 866 1457 885; x_wconf 66' lang='lat'>¹</span> 
     </span>
     <span class='ocr_line' id='line_1_7' title="bbox 255 946 1457 1028; baseline -0.002 -20"><span class='ocrx_word' id='word_1_54' title='bbox 255 951 405 1010; x_wconf 82' lang='lat' dir='ltr'>modestiae</span> <span class='ocrx_word' id='word_1_55' title='bbox 425 951 544 1010; x_wconf 81' lang='lat' dir='ltr'>tuendae</span> <span class='ocrx_word' id='word_1_56' title='bbox 563 971 653 1010; x_wconf 87' lang='lat' dir='ltr'>causa</span> <span class='ocrx_word' id='word_1_57' title='bbox 672 951 740 1027; x_wconf 83' lang='lat' dir='ltr'>latae</span> <span class='ocrx_word' id='word_1_58' title='bbox 762 960 840 1010; x_wconf 83' lang='lat' dir='ltr'>sunt.</span> <span class='ocrx_word' id='word_1_59' title='bbox 874 950 952 1008; x_wconf 79' lang='lat' dir='ltr'>Eum</span> <span class='ocrx_word' id='word_1_60' title='bbox 972 968 1043 1028; x_wconf 86' lang='lat' dir='ltr'>ergo</span> <span class='ocrx_word' id='word_1_61' title='bbox 1062 949 1207 1025; x_wconf 78' lang='lat' dir='ltr'>quianon</span> <span class='ocrx_word' id='word_1_62' title='bbox 1226 946 1352 1007; x_wconf 67' lang='lat' dir='ltr'>oderat?</span> <span class='ocrx_word' id='word_1_63' title='bbox 1439 969 1457 1025; x_wconf 46' lang='grc' dir='ltr'>ῃ</span> 
     </span>
     <span class='ocr_line' id='line_1_8' title="bbox 253 1033 1351 1122; baseline -0.002 -22"><span class='ocrx_word' id='word_1_64' title='bbox 253 1041 327 1110; x_wconf 88' lang='lat' dir='ltr'>Quis</span> <span class='ocrx_word' id='word_1_65' title='bbox 341 1042 446 1101; x_wconf 87' lang='lat' dir='ltr'>civium</span> <span class='ocrx_word' id='word_1_66' title='bbox 462 1062 519 1101; x_wconf 91' lang='lat' dir='ltr'>non</span> <span class='ocrx_word' id='word_1_67' title='bbox 534 1033 720 1102; x_wconf 78' lang='lat' dir='ltr'>aversabatur</span> <span class='ocrx_word' id='word_1_68' title='bbox 736 1043 978 1122; x_wconf 88' lang='lat' dir='ltr'>Cephisodorum,</span> <span class='ocrx_word' id='word_1_69' title='bbox 993 1041 1044 1120; x_wconf 94' lang='lat' dir='ltr'>qui</span> <span class='ocrx_word' id='word_1_70' title='bbox 1061 1039 1190 1100; x_wconf 89' lang='lat' dir='ltr'>Molonis</span> <span class='ocrx_word' id='word_1_71' title='bbox 1204 1040 1240 1099; x_wconf 83' lang='lat' dir='ltr'>F.</span> <span class='ocrx_word' id='word_1_72' title='bbox 1259 1041 1351 1099; x_wconf 88' lang='lat' dir='ltr'>nomi·</span> 
     </span>
     <span class='ocr_line' id='line_1_9' title="bbox 253 1131 1457 1214; baseline -0.002 -22"><span class='ocrx_word' id='word_1_73' title='bbox 253 1135 388 1206; x_wconf 80' lang='lat' dir='ltr'>nubatur,</span> <span class='ocrx_word' id='word_1_74' title='bbox 405 1134 485 1212; x_wconf 90' lang='lat' dir='ltr'>quod</span> <span class='ocrx_word' id='word_1_75' title='bbox 508 1135 694 1214; x_wconf 82' lang='lat' dir='ltr'>pulcherrimi</span> <span class='ocrx_word' id='word_1_76' title='bbox 717 1135 877 1213; x_wconf 88' lang='lat' dir='ltr'>adspectus</span> <span class='ocrx_word' id='word_1_77' title='bbox 899 1133 1076 1212; x_wconf 83' lang='lat' dir='ltr'>elegantiam</span> <span class='ocrx_word' id='word_1_78' title='bbox 1097 1133 1220 1191; x_wconf 88' lang='lat' dir='ltr'>summis</span> <span class='ocrx_word' id='word_1_79' title='bbox 1239 1131 1351 1210; x_wconf 83' lang='lat' dir='ltr'>probris</span> <span class='ocrx_word' id='word_1_80' title='bbox 1456 1148 1457 1157; x_wconf 59' lang='lat'>¹</span> 
     </span>
     <span class='ocr_line' id='line_1_10' title="bbox 250 1225 1352 1304; baseline -0.004 -18"><span class='ocrx_word' id='word_1_81' title='bbox 250 1227 483 1286; x_wconf 75' lang='lat' dir='ltr'>contaminarat?</span> <span class='ocrx_word' id='word_1_82' title='bbox 505 1227 566 1286; x_wconf 87' lang='lat' dir='ltr'>Aut</span> <span class='ocrx_word' id='word_1_83' title='bbox 577 1227 786 1297; x_wconf 82' lang='lat' dir='ltr'>Mnesitheum,</span> <span class='ocrx_word' id='word_1_84' title='bbox 806 1225 977 1304; x_wconf 85' lang='lat' dir='ltr'>quiMagiri</span> <span class='ocrx_word' id='word_1_85' title='bbox 990 1225 1100 1303; x_wconf 80' lang='lat' dir='ltr'>(coqui)</span> <span class='ocrx_word' id='word_1_86' title='bbox 1117 1225 1152 1283; x_wconf 88' lang='lat' dir='ltr'>F.</span> <span class='ocrx_word' id='word_1_87' title='bbox 1168 1225 1285 1294; x_wconf 86' lang='lat' dir='ltr'>dicitnr,</span> <span class='ocrx_word' id='word_1_88' title='bbox 1302 1233 1352 1282; x_wconf 87' lang='lat' dir='ltr'>aut</span> 
     </span>
     <span class='ocr_line' id='line_1_11' title="bbox 254 1317 1457 1397; baseline -0.001 -21"><span class='ocrx_word' id='word_1_89' title='bbox 254 1318 362 1377; x_wconf 86' lang='lat' dir='ltr'>multos</span> <span class='ocrx_word' id='word_1_90' title='bbox 377 1318 461 1390; x_wconf 88' lang='lat' dir='ltr'>alios,</span> <span class='ocrx_word' id='word_1_91' title='bbox 478 1339 603 1397; x_wconf 88' lang='lat' dir='ltr'>quorum</span> <span class='ocrx_word' id='word_1_92' title='bbox 625 1319 699 1377; x_wconf 89' lang='lat' dir='ltr'>ultro</span> <span class='ocrx_word' id='word_1_93' title='bbox 719 1317 899 1378; x_wconf 71' lang='lat' dir='ltr'>obliviscor?</span> <span class='ocrx_word' id='word_1_94' title='bbox 920 1317 1024 1396; x_wconf 89' lang='lat' dir='ltr'>Neque</span> <span class='ocrx_word' id='word_1_95' title='bbox 1044 1317 1123 1376; x_wconf 86' lang='lat' dir='ltr'>enim</span> <span class='ocrx_word' id='word_1_96' title='bbox 1135 1334 1237 1378; x_wconf 87' lang='lat' dir='ltr'>eorum</span> <span class='ocrx_word' id='word_1_97' title='bbox 1250 1337 1350 1395; x_wconf 77' lang='lat' dir='ltr'>quern</span> <span class='ocrx_word' id='word_1_98' title='bbox 1456 1340 1457 1383; x_wconf 73' lang='lat' dir='ltr'>l</span> 
     </span>
    </p>
   </div>
   <div class='ocr_carea' id='block_1_7' title="bbox 251 1408 1350 1488">
    <p class='ocr_par' dir='ltr' id='par_1_7' title="bbox 251 1388 1457 1497">
     <span class='ocr_line' id='line_1_12' title="bbox 251 1408 1350 1488; baseline 0 -20"><span class='ocrx_word' id='word_1_99' title='bbox 251 1409 323 1470; x_wconf 89' lang='lat' dir='ltr'>libet</span> <span class='ocrx_word' id='word_1_100' title='bbox 337 1412 440 1470; x_wconf 86' lang='lat' dir='ltr'>acerbe</span> <span class='ocrx_word' id='word_1_101' title='bbox 449 1421 479 1470; x_wconf 92' lang='lat' dir='ltr'>et</span> <span class='ocrx_word' id='word_1_102' title='bbox 492 1411 663 1470; x_wconf 87' lang='lat' dir='ltr'>nominatim</span> <span class='ocrx_word' id='word_1_103' title='bbox 674 1429 825 1470; x_wconf 87' lang='lat' dir='ltr'>recensere</span> <span class='ocrx_word' id='word_1_104' title='bbox 837 1409 922 1468; x_wconf 86' lang='lat' dir='ltr'>volo:</span> <span class='ocrx_word' id='word_1_105' title='bbox 945 1408 998 1488; x_wconf 89' lang='lat' dir='ltr'>sed</span> <span class='ocrx_word' id='word_1_106' title='bbox 1008 1408 1103 1468; x_wconf 88' lang='lat' dir='ltr'>multo</span> <span class='ocrx_word' id='word_1_107' title='bbox 1113 1409 1207 1488; x_wconf 86' lang='lat' dir='ltr'>magis</span> <span class='ocrx_word' id='word_1_108' title='bbox 1216 1410 1350 1487; x_wconf 82' lang='lat' dir='ltr'>optarim,</span> 
     </span>
    </p>
   </div>
   <div class='ocr_carea' id='block_1_8' title="bbox 251 1500 1457 1762">
    <p class='ocr_par' dir='ltr' id='par_1_8' title="bbox 251 1500 1457 1762">
     <span class='ocr_line' id='line_1_13' title="bbox 251 1500 1457 1580; baseline 0 -22"><span class='ocrx_word' id='word_1_109' title='bbox 251 1500 279 1558; x_wconf 90' lang='lat' dir='ltr'>in</span> <span class='ocrx_word' id='word_1_110' title='bbox 296 1503 426 1562; x_wconf 84' lang='lat' dir='ltr'>oratioue</span> <span class='ocrx_word' id='word_1_111' title='bbox 437 1522 481 1561; x_wconf 91' lang='lat' dir='ltr'>me</span> <span class='ocrx_word' id='word_1_112' title='bbox 490 1501 591 1562; x_wconf 86' lang='lat' dir='ltr'>talium</span> <span class='ocrx_word' id='word_1_113' title='bbox 605 1501 751 1562; x_wconf 83' lang='lat' dir='ltr'>factorum</span> <span class='ocrx_word' id='word_1_114' title='bbox 763 1501 866 1580; x_wconf 89' lang='lat' dir='ltr'>iuopia</span> <span class='ocrx_word' id='word_1_115' title='bbox 875 1501 1019 1573; x_wconf 88' lang='lat' dir='ltr'>laborare,</span> <span class='ocrx_word' id='word_1_116' title='bbox 1028 1521 1082 1579; x_wconf 93' lang='lat' dir='ltr'>pro</span> <span class='ocrx_word' id='word_1_117' title='bbox 1088 1521 1158 1560; x_wconf 88' lang='lat' dir='ltr'>mea</span> <span class='ocrx_word' id='word_1_118' title='bbox 1168 1521 1243 1579; x_wconf 83' lang='lat' dir='ltr'>erga,</span> <span class='ocrx_word' id='word_1_119' title='bbox 1249 1503 1350 1560; x_wconf 88' lang='lat' dir='ltr'>urbem</span> <span class='ocrx_word' id='word_1_120' title='bbox 1456 1504 1457 1575; x_wconf 68' lang='lat' dir='ltr'>l</span> 
     </span>
     <span class='ocr_line' id='line_1_14' title="bbox 251 1592 1457 1685; baseline 0.001 -33"><span class='ocrx_word' id='word_1_121' title='bbox 251 1593 465 1653; x_wconf 83' lang='lat' dir='ltr'>benevolentia.</span> <span class='ocrx_word' id='word_1_122' title='bbox 497 1592 556 1652; x_wconf 86' lang='lat' dir='ltr'>Sed</span> <span class='ocrx_word' id='word_1_123' title='bbox 571 1594 640 1671; x_wconf 92' lang='lat' dir='ltr'>quia</span> <span class='ocrx_word' id='word_1_124' title='bbox 653 1603 843 1685; x_wconf 77' lang='lat' dir='ltr'>utrorumque</span> <span class='ocrx_word' id='word_1_125' title='bbox 854 1593 998 1671; x_wconf 87' lang='lat' dir='ltr'>quosdam</span> <span class='ocrx_word' id='word_1_126' title='bbox 1017 1593 1135 1654; x_wconf 87' lang='lat' dir='ltr'>delectu</span> <span class='ocrx_word' id='word_1_127' title='bbox 1150 1595 1252 1654; x_wconf 89' lang='lat' dir='ltr'>habito</span> <span class='ocrx_word' id='word_1_128' title='bbox 1271 1610 1351 1653; x_wconf 86' lang='lat' dir='ltr'>com·</span> <span class='ocrx_word' id='word_1_129' title='bbox 1456 1654 1457 1661; x_wconf 9' lang='grc' dir='ltr'>χ</span> 
     </span>
     <span class='ocr_line' id='line_1_15' title="bbox 252 1683 1457 1762; baseline 0.002 -20"><span class='ocrx_word' id='word_1_130' title='bbox 252 1684 485 1755; x_wconf 84' lang='lat' dir='ltr'>memoravimus,</span> <span class='ocrx_word' id='word_1_131' title='bbox 507 1685 628 1742; x_wconf 89' lang='lat' dir='ltr'>seorsim</span> <span class='ocrx_word' id='word_1_132' title='bbox 642 1703 694 1744; x_wconf 89' lang='lat' dir='ltr'>eos</span> <span class='ocrx_word' id='word_1_133' title='bbox 715 1684 765 1762; x_wconf 89' lang='lat' dir='ltr'>qni</span> <span class='ocrx_word' id='word_1_134' title='bbox 778 1684 1010 1744; x_wconf 86' lang='lat' dir='ltr'>ob‘modestiam</span> <span class='ocrx_word' id='word_1_135' title='bbox 1027 1683 1198 1760; x_wconf 85' lang='lat' dir='ltr'>diliguntur,</span> <span class='ocrx_word' id='word_1_136' title='bbox 1214 1705 1266 1744; x_wconf 87' lang='lat' dir='ltr'>eos</span> <span class='ocrx_word' id='word_1_137' title='bbox 1282 1686 1351 1743; x_wconf 86' lang='lat' dir='ltr'>item</span> <span class='ocrx_word' id='word_1_138' title='bbox 1456 1696 1457 1719; x_wconf 54' lang='lat' dir='ltr'>l</span> 
     </span>
    </p>
   </div>
   <div class='ocr_carea' id='block_1_9' title="bbox 251 1775 1351 1855">
    <p class='ocr_par' dir='ltr' id='par_1_9' title="bbox 251 1775 1351 1855">
     <span class='ocr_line' id='line_1_16' title="bbox 251 1775 1351 1855; baseline 0.002 -21"><span class='ocrx_word' id='word_1_139' title='bbox 251 1776 381 1847; x_wconf 87' lang='lat' dir='ltr'>seorsim,</span> <span class='ocrx_word' id='word_1_140' title='bbox 400 1775 449 1855; x_wconf 90' lang='lat' dir='ltr'>qui</span> <span class='ocrx_word' id='word_1_141' title='bbox 463 1777 634 1855; x_wconf 88' lang='lat' dir='ltr'>semetipsos</span> <span class='ocrx_word' id='word_1_142' title='bbox 648 1775 774 1835; x_wconf 86' lang='lat' dir='ltr'>violant:</span> <span class='ocrx_word' id='word_1_143' title='bbox 797 1797 848 1836; x_wconf 82' lang='lat' dir='ltr'>uos</span> <span class='ocrx_word' id='word_1_144' title='bbox 864 1781 926 1849; x_wconf 88' lang='lat' dir='ltr'>jam</span> <span class='ocrx_word' id='word_1_145' title='bbox 943 1776 981 1834; x_wconf 88' lang='lat' dir='ltr'>ad</span> <span class='ocrx_word' id='word_1_146' title='bbox 998 1776 1188 1852; x_wconf 66' lang='lat' dir='ltr'>quaestionem</span> <span class='ocrx_word' id='word_1_147' title='bbox 1208 1775 1287 1834; x_wconf 87' lang='lat' dir='ltr'>hunc</span> <span class='ocrx_word' id='word_1_148' title='bbox 1305 1777 1351 1836; x_wconf 87' lang='lat' dir='ltr'>re-</span> 
     </span>
    </p>
   </div>
   <div class='ocr_carea' id='block_1_10' title="bbox 240 1867 1457 1946">
    <p class='ocr_par' dir='ltr' id='par_1_10' title="bbox 240 1867 1457 1946">
     <span class='ocr_line' id='line_1_17' title="bbox 240 1867 1457 1946; baseline -0.003 -16"><span class='ocrx_word' id='word_1_149' title='bbox 240 1869 420 1946; x_wconf 85' lang='lat' dir='ltr'>spondeatis</span> <span class='ocrx_word' id='word_1_150' title='bbox 434 1869 505 1927; x_wconf 90' lang='lat' dir='ltr'>mihi</span> <span class='ocrx_word' id='word_1_151' title='bbox 518 1869 616 1941; x_wconf 88' lang='lat' dir='ltr'>velim,</span> <span class='ocrx_word' id='word_1_152' title='bbox 630 1869 660 1932; x_wconf 85' lang='lat' dir='ltr'>ih</span> <span class='ocrx_word' id='word_1_153' title='bbox 677 1879 745 1928; x_wconf 79' lang='lat' dir='ltr'>utro</span> <span class='ocrx_word' id='word_1_154' title='bbox 767 1867 955 1926; x_wconf 85' lang='lat' dir='ltr'>Timarchum</span> <span class='ocrx_word' id='word_1_155' title='bbox 974 1867 1074 1933; x_wconf 85' lang='lat' dir='ltr'>ordine</span> <span class='ocrx_word' id='word_1_156' title='bbox 1097 1867 1273 1927; x_wconf 73' lang='lat' dir='ltr'>collocetis?</span> <span class='ocrx_word' id='word_1_157' title='bbox 1295 1869 1351 1928; x_wconf 85' lang='lat' dir='ltr'>Eo-</span> <span class='ocrx_word' id='word_1_158' title='bbox 1456 1872 1457 1915; x_wconf 57' lang='lat' dir='ltr'>i</span> 
     </span>
    </p>
   </div>
   <div class='ocr_carea' id='block_1_11' title="bbox 205 1953 1351 2132">
    <p class='ocr_par' dir='ltr' id='par_1_11' title="bbox 205 1953 1351 2132">
     <span class='ocr_line' id='line_1_18' title="bbox 251 1953 1351 2038; baseline 0.001 -19"><span class='ocrx_word' id='word_1_159' title='bbox 251 1979 353 2020; x_wconf 87' lang='lat' dir='ltr'>rumne</span> <span class='ocrx_word' id='word_1_160' title='bbox 367 1961 416 2038; x_wconf 90' lang='lat' dir='ltr'>qui</span> <span class='ocrx_word' id='word_1_161' title='bbox 430 1960 601 2038; x_wconf 88' lang='lat' dir='ltr'>diliguntur,</span> <span class='ocrx_word' id='word_1_162' title='bbox 616 1979 653 2020; x_wconf 89' lang='lat' dir='ltr'>an</span> <span class='ocrx_word' id='word_1_163' title='bbox 668 1959 717 2038; x_wconf 89' lang='lat' dir='ltr'>qui</span> <span class='ocrx_word' id='word_1_164' title='bbox 740 1953 912 2038; x_wconf 76' lang='lat' dir='ltr'>proscortis</span> <span class='ocrx_word' id='word_1_165' title='bbox 930 1957 1126 2036; x_wconf 69' lang='lat' dir='ltr'>subiguntur?</span> <span class='ocrx_word' id='word_1_166' title='bbox 1148 1958 1194 2017; x_wconf 91' lang='lat' dir='ltr'>Ne</span> <span class='ocrx_word' id='word_1_167' title='bbox 1208 1958 1300 2036; x_wconf 86' lang='lat' dir='ltr'>igitur</span> <span class='ocrx_word' id='word_1_168' title='bbox 1317 1979 1351 2020; x_wconf 89' lang='lat' dir='ltr'>ea</span> 
     </span>
     <span class='ocr_line' id='line_1_19' title="bbox 205 2051 1350 2132; baseline 0.002 -22"><span class='ocrx_word' id='word_1_169' title='bbox 205 2109 207 2126; x_wconf 64' lang='lat'>,</span> <span class='ocrx_word' id='word_1_170' title='bbox 250 2072 339 2130; x_wconf 87' lang='lat' dir='ltr'>quam</span> <span class='ocrx_word' id='word_1_171' title='bbox 360 2053 495 2132; x_wconf 82' lang='lat' dir='ltr'>delegisti</span> <span class='ocrx_word' id='word_1_172' title='bbox 515 2053 610 2112; x_wconf 87' lang='lat' dir='ltr'>classe</span> <span class='ocrx_word' id='word_1_173' title='bbox 623 2051 801 2130; x_wconf 84' lang='lat' dir='ltr'>relicta,pro</span> <span class='ocrx_word' id='word_1_174' title='bbox 817 2051 973 2130; x_wconf 78' lang='lat' dir='ltr'>transfuga</span> <span class='ocrx_word' id='word_1_175' title='bbox 988 2051 1023 2110; x_wconf 86' lang='lat' dir='ltr'>iu</span> <span class='ocrx_word' id='word_1_176' title='bbox 1044 2056 1137 2129; x_wconf 71' lang='lat' dir='ltr'>coetus</span> <span class='ocrx_word' id='word_1_177' title='bbox 1157 2052 1350 2130; x_wconf 88' lang='lat' dir='ltr'>ingenuorum</span> 
     </span>
    </p>
   </div>
   <div class='ocr_carea' id='block_1_12' title="bbox 142 2145 1457 2308">
    <p class='ocr_par' dir='ltr' id='par_1_12' title="bbox 142 2145 1457 2308">
     <span class='ocr_line' id='line_1_20' title="bbox 142 2145 512 2204; baseline 0.011 -4"><span class='ocrx_word' id='word_1_178' title='bbox 142 2157 163 2200; x_wconf 84' lang='grc'>.·</span> <span class='ocrx_word' id='word_1_179' title='bbox 250 2145 337 2204; x_wconf 89' lang='lat' dir='ltr'>irrum</span> <span class='ocrx_word' id='word_1_180' title='bbox 361 2145 410 2203; x_wconf 89' lang='lat' dir='ltr'>ito.</span> <span class='ocrx_word' id='word_1_181' title='bbox 510 2184 512 2189; x_wconf 69' lang='lat'>,</span> 
     </span>
     <span class='ocr_line' id='line_1_21' title="bbox 292 2165 1457 2308; baseline 0.001 -14"><span class='ocrx_word' id='word_1_182' title='bbox 292 2165 451 2300; x_wconf 73' lang='lat' dir='ltr'>32.pQuod</span> <span class='ocrx_word' id='word_1_183' title='bbox 466 2236 490 2293; x_wconf 89' lang='lat' dir='ltr'>si</span> <span class='ocrx_word' id='word_1_184' title='bbox 514 2235 612 2294; x_wconf 87' lang='lat' dir='ltr'>dicere</span> <span class='ocrx_word' id='word_1_185' title='bbox 633 2234 820 2305; x_wconf 83' lang='lat' dir='ltr'>instituerint,</span> <span class='ocrx_word' id='word_1_186' title='bbox 839 2254 899 2293; x_wconf 90' lang='lat' dir='ltr'>non</span> <span class='ocrx_word' id='word_1_187' title='bbox 921 2233 950 2292; x_wconf 91' lang='lat' dir='ltr'>in</span> <span class='ocrx_word' id='word_1_188' title='bbox 972 2242 1134 2294; x_wconf 84' lang='lat' dir='ltr'>scortorum</span> <span class='ocrx_word' id='word_1_189' title='bbox 1148 2251 1277 2308; x_wconf 39' lang='lat' dir='ltr'>&#39;numero</span> <span class='ocrx_word' id='word_1_190' title='bbox 1296 2236 1349 2294; x_wconf 90' lang='lat' dir='ltr'>ha·</span> <span class='ocrx_word' id='word_1_191' title='bbox 1456 2232 1457 2239; x_wconf 59' lang='lat'><em>&#39;</em></span> 
     </span>
    </p>
   </div>
   <div class='ocr_carea' id='block_1_13' title="bbox 248 2325 1349 2407">
    <p class='ocr_par' dir='ltr' id='par_1_13' title="bbox 248 2325 1349 2407">
     <span class='ocr_line' id='line_1_22' title="bbox 248 2325 1349 2407; baseline 0.001 -21"><span class='ocrx_word' id='word_1_192' title='bbox 248 2328 379 2388; x_wconf 89' lang='lat' dir='ltr'>bendum</span> <span class='ocrx_word' id='word_1_193' title='bbox 393 2345 469 2400; x_wconf 84' lang='lat' dir='ltr'>esse,</span> <span class='ocrx_word' id='word_1_194' title='bbox 483 2327 531 2405; x_wconf 91' lang='lat' dir='ltr'>qui</span> <span class='ocrx_word' id='word_1_195' title='bbox 546 2346 605 2398; x_wconf 88' lang='lat' dir='ltr'>non</span> <span class='ocrx_word' id='word_1_196' title='bbox 616 2347 655 2404; x_wconf 76' lang='lat' dir='ltr'>⁴err</span> <span class='ocrx_word' id='word_1_197' title='bbox 671 2327 837 2406; x_wconf 87' lang='lat' dir='ltr'>syngrapha</span> <span class='ocrx_word' id='word_1_198' title='bbox 848 2325 937 2384; x_wconf 82' lang='lat' dir='ltr'>fuerit</span> <span class='ocrx_word' id='word_1_199' title='bbox 949 2325 1238 2399; x_wconf 83' lang='lat' dir='ltr'>mercede-elocutus,</span> <span class='ocrx_word' id='word_1_200' title='bbox 1251 2348 1349 2407; x_wconf 88' lang='lat' dir='ltr'>acpo-</span> 
     </span>
    </p>
   </div>
   <div class='ocr_carea' id='block_1_14' title="bbox 250 2415 1457 2497">
    <p class='ocr_par' dir='ltr' id='par_1_14' title="bbox 250 2415 1457 2497">
     <span class='ocr_line' id='line_1_23' title="bbox 250 2415 1457 2497; baseline -0.001 -16"><span class='ocrx_word' id='word_1_201' title='bbox 250 2419 395 2491; x_wconf 82' lang='lat' dir='ltr'>etulerint,</span> <span class='ocrx_word' id='word_1_202' title='bbox 418 2429 450 2479; x_wconf 88' lang='lat' dir='ltr'>ut</span> <span class='ocrx_word' id='word_1_203' title='bbox 464 2419 578 2491; x_wconf 83' lang='lat' dir='ltr'>tabulas</span> <span class='ocrx_word' id='word_1_204' title='bbox 592 2430 631 2479; x_wconf 84' lang='lat' dir='ltr'>et</span> <span class='ocrx_word' id='word_1_205' title='bbox 651 2429 739 2480; x_wconf 89' lang='lat' dir='ltr'>testes</span> <span class='ocrx_word' id='word_1_206' title='bbox 753 2415 924 2492; x_wconf 76' lang='lat' dir='ltr'>exhibeam:</span> <span class='ocrx_word' id='word_1_207' title='bbox 945 2420 1142 2497; x_wconf 43' lang='lat' dir='ltr'>vossprimum</span> <span class='ocrx_word' id='word_1_208' title='bbox 1163 2421 1350 2481; x_wconf 85' lang='lat' dir='ltr'>memineritis</span> <span class='ocrx_word' id='word_1_209' title='bbox 1456 2426 1457 2459; x_wconf 73' lang='lat'>³</span> 
     </span>
    </p>
   </div>
   <div class='ocr_carea' id='block_1_15' title="bbox 247 2505 1351 2684">
    <p class='ocr_par' dir='ltr' id='par_1_15' title="bbox 247 2505 1351 2684">
     <span class='ocr_line' id='line_1_24' title="bbox 247 2505 1351 2592; baseline -0.002 -19"><span class='ocrx_word' id='word_1_210' title='bbox 247 2513 346 2592; x_wconf 88' lang='lat' dir='ltr'>legum</span> <span class='ocrx_word' id='word_1_211' title='bbox 359 2512 396 2571; x_wconf 89' lang='lat' dir='ltr'>de</span> <span class='ocrx_word' id='word_1_212' title='bbox 409 2509 646 2591; x_wconf 86' lang='lat' dir='ltr'>impudicitia,.in</span> <span class='ocrx_word' id='word_1_213' title='bbox 660 2512 767 2590; x_wconf 89' lang='lat' dir='ltr'>quibus</span> <span class='ocrx_word' id='word_1_214' title='bbox 781 2505 892 2569; x_wconf 81' lang='lat' dir='ltr'>nnllam</span> <span class='ocrx_word' id='word_1_215' title='bbox 906 2511 1073 2589; x_wconf 88' lang='lat' dir='ltr'>pactionum</span> <span class='ocrx_word' id='word_1_216' title='bbox 1088 2511 1269 2584; x_wconf 82' lang='lat' dir='ltr'>mentionem</span> <span class='ocrx_word' id='word_1_217' title='bbox 1283 2512 1351 2571; x_wconf 81' lang='lat' dir='ltr'>lecit</span> 
     </span>
     <span class='ocr_line' id='line_1_25' title="bbox 247 2600 1349 2684; baseline 0 -23"><span class='ocrx_word' id='word_1_218' title='bbox 247 2604 407 2681; x_wconf 89' lang='lat' dir='ltr'>legislator.</span> <span class='ocrx_word' id='word_1_219' title='bbox 430 2604 534 2681; x_wconf 91' lang='lat' dir='ltr'>Neque</span> <span class='ocrx_word' id='word_1_220' title='bbox 550 2605 627 2663; x_wconf 92' lang='lat' dir='ltr'>enim</span> <span class='ocrx_word' id='word_1_221' title='bbox 642 2623 679 2662; x_wconf 89' lang='lat' dir='ltr'>an</span> <span class='ocrx_word' id='word_1_222' title='bbox 694 2604 800 2683; x_wconf 87' lang='lat' dir='ltr'>aliquis</span> <span class='ocrx_word' id='word_1_223' title='bbox 813 2623 850 2663; x_wconf 88' lang='lat' dir='ltr'>ex</span> <span class='ocrx_word' id='word_1_224' title='bbox 869 2600 1042 2684; x_wconf 87' lang='lat' dir='ltr'>syngrapha</span> <span class='ocrx_word' id='word_1_225' title='bbox 1049 2622 1081 2661; x_wconf 87' lang='lat' dir='ltr'>se</span> <span class='ocrx_word' id='word_1_226' title='bbox 1099 2602 1306 2681; x_wconf 84' lang='lat' dir='ltr'>coinquinarit,</span> <span class='ocrx_word' id='word_1_227' title='bbox 1319 2604 1349 2666; x_wconf 86' lang='lat' dir='ltr'>id</span> 
     </span>
    </p>
   </div>
   <div class='ocr_carea' id='block_1_16' title="bbox 129 2692 1349 2777">
    <p class='ocr_par' dir='ltr' id='par_1_16' title="bbox 26 2684 1349 2779">
     <span class='ocr_line' id='line_1_26' title="bbox 129 2692 1349 2777; baseline -0.002 -22.156"><span class='ocrx_word' id='word_1_228' title='bbox 129 2772 134 2777; x_wconf 17' lang='grc' dir='ltr'><strong>θ</strong></span> <span class='ocrx_word' id='word_1_229' title='bbox 245 2695 401 2773; x_wconf 87' lang='lat' dir='ltr'>spectavit,</span> <span class='ocrx_word' id='word_1_230' title='bbox 425 2695 816 2775; x_wconf 89' lang='lat' dir='ltr'>sedomnino‚quocunque</span> <span class='ocrx_word' id='word_1_231' title='bbox 835 2692 990 2753; x_wconf 85' lang='lat' dir='ltr'>moderes</span> <span class='ocrx_word' id='word_1_232' title='bbox 1012 2694 1189 2764; x_wconf 72' lang='lat' dir='ltr'>actafuerit</span> <span class='ocrx_word' id='word_1_233' title='bbox 1211 2716 1281 2754; x_wconf 87' lang='lat' dir='ltr'>eum</span> <span class='ocrx_word' id='word_1_234' title='bbox 1300 2692 1349 2775; x_wconf 88' lang='lat' dir='ltr'>qui</span> 
     </span>
    </p>
   </div>
   <div class='ocr_carea' id='block_1_17' title="bbox 168 2783 1348 2959">
    <p class='ocr_par' dir='ltr' id='par_1_17' title="bbox 168 2783 1348 2959">
     <span class='ocr_line' id='line_1_27' title="bbox 248 2783 1348 2876; baseline -0.004 -25"><span class='ocrx_word' id='word_1_235' title='bbox 248 2786 360 2856; x_wconf 85' lang='lat' dir='ltr'>fecerit,</span> <span class='ocrx_word' id='word_1_236' title='bbox 376 2787 625 2846; x_wconf 84' lang='lat' dir='ltr'>administratione</span> <span class='ocrx_word' id='word_1_237' title='bbox 643 2783 813 2866; x_wconf 56' lang='lat' dir='ltr'>&#39;reipublicae</span> <span class='ocrx_word' id='word_1_238' title='bbox 828 2789 975 2848; x_wconf 89' lang='lat' dir='ltr'>abstinere</span> <span class='ocrx_word' id='word_1_239' title='bbox 988 2788 1089 2866; x_wconf 88' lang='lat' dir='ltr'>jussit.</span> <span class='ocrx_word' id='word_1_240' title='bbox 1117 2786 1212 2876; x_wconf 83' lang='lat' dir='ltr'>ldque</span> <span class='ocrx_word' id='word_1_241' title='bbox 1236 2788 1348 2866; x_wconf 84' lang='lat' dir='ltr'>merito.</span> 
     </span>
     <span class='ocr_line' id='line_1_28' title="bbox 168 2875 1348 2959; baseline 0.002 -22"><span class='ocrx_word' id='word_1_242' title='bbox 168 2896 171 2900; x_wconf 88' lang='lat'>·</span> <span class='ocrx_word' id='word_1_243' title='bbox 250 2880 326 2939; x_wconf 89' lang='lat' dir='ltr'>Nam</span> <span class='ocrx_word' id='word_1_244' title='bbox 346 2880 395 2958; x_wconf 90' lang='lat' dir='ltr'>qui</span> <span class='ocrx_word' id='word_1_245' title='bbox 416 2880 590 2940; x_wconf 88' lang='lat' dir='ltr'>adolescens</span> <span class='ocrx_word' id='word_1_246' title='bbox 606 2882 643 2939; x_wconf 90' lang='lat' dir='ltr'>ob</span> <span class='ocrx_word' id='word_1_247' title='bbox 657 2890 756 2959; x_wconf 84' lang='lat' dir='ltr'>turpes</span> <span class='ocrx_word' id='word_1_248' title='bbox 771 2882 938 2959; x_wconf 80' lang='lat' dir='ltr'>voluptates</span> <span class='ocrx_word' id='word_1_249' title='bbox 952 2880 1076 2957; x_wconf 87' lang='lat' dir='ltr'>gloriam</span> <span class='ocrx_word' id='word_1_250' title='bbox 1095 2878 1262 2939; x_wconf 87' lang='lat' dir='ltr'>honestatis</span> <span class='ocrx_word' id='word_1_251' title='bbox 1278 2875 1348 2959; x_wconf 82' lang='lat' dir='ltr'>neg·</span> 
     </span>
    </p>
   </div>
   <div class='ocr_carea' id='block_1_18' title="bbox 220 2972 1457 3144">
    <p class='ocr_par' dir='ltr' id='par_1_18' title="bbox 220 2972 1457 3144">
     <span class='ocr_line' id='line_1_29' title="bbox 220 2972 1457 3053; baseline 0.002 -23"><span class='ocrx_word' id='word_1_252' title='bbox 220 3004 221 3015; x_wconf 31' lang='grc' dir='ltr'><strong>κ</strong></span> <span class='ocrx_word' id='word_1_253' title='bbox 250 2972 378 3045; x_wconf 85' lang='lat' dir='ltr'>lexisset,</span> <span class='ocrx_word' id='word_1_254' title='bbox 401 2994 467 3033; x_wconf 92' lang='lat' dir='ltr'>eum</span> <span class='ocrx_word' id='word_1_255' title='bbox 494 2992 553 3031; x_wconf 90' lang='lat' dir='ltr'>uon</span> <span class='ocrx_word' id='word_1_256' title='bbox 574 2974 689 3035; x_wconf 88' lang='lat' dir='ltr'>censuit</span> <span class='ocrx_word' id='word_1_257' title='bbox 712 2974 791 3053; x_wconf 25' lang='lat' dir='ltr'>legis·</span> <span class='ocrx_word' id='word_1_258' title='bbox 810 2983 923 3045; x_wconf 89' lang='lat' dir='ltr'>auctor,</span> <span class='ocrx_word' id='word_1_259' title='bbox 938 2982 1033 3031; x_wconf 83' lang='lat' dir='ltr'>aetate</span> <span class='ocrx_word' id='word_1_260' title='bbox 1052 2973 1237 3051; x_wconf 86' lang='lat' dir='ltr'>provectiore</span> <span class='ocrx_word' id='word_1_261' title='bbox 1258 2975 1349 3033; x_wconf 83' lang='lat' dir='ltr'>ullum</span> <span class='ocrx_word' id='word_1_262' title='bbox 1456 3027 1457 3052; x_wconf 18' lang='grc' dir='ltr'>ἒ</span> 
     </span>
     <span class='ocr_line' id='line_1_30' title="bbox 247 3064 1457 3144; baseline 0 -19"><span class='ocrx_word' id='word_1_263' title='bbox 247 3075 380 3144; x_wconf 82' lang='lat' dir='ltr'>oportere</span> <span class='ocrx_word' id='word_1_264' title='bbox 401 3067 544 3125; x_wconf 89' lang='lat' dir='ltr'>honorem</span> <span class='ocrx_word' id='word_1_265' title='bbox 565 3066 713 3144; x_wconf 88' lang='lat' dir='ltr'>consequi.</span> <span class='ocrx_word' id='word_1_266' title='bbox 749 3066 864 3124; x_wconf 88' lang='lat' dir='ltr'>Deinde</span> <span class='ocrx_word' id='word_1_267' title='bbox 885 3064 1005 3125; x_wconf 88' lang='lat' dir='ltr'>rationis</span> <span class='ocrx_word' id='word_1_268' title='bbox 1020 3064 1243 3143; x_wconf 85' lang='lat' dir='ltr'>istiusineptias</span> <span class='ocrx_word' id='word_1_269' title='bbox 1265 3065 1349 3126; x_wconf 77' lang='lat' dir='ltr'>facile</span> <span class='ocrx_word' id='word_1_270' title='bbox 1456 3069 1457 3090; x_wconf 68' lang='lat'>¹</span> 
     </span>
    </p>
   </div>
   <div class='ocr_carea' id='block_1_19' title="bbox 213 3157 1349 3234">
    <p class='ocr_par' dir='ltr' id='par_1_19' title="bbox 213 3157 1349 3234">
     <span class='ocr_line' id='line_1_31' title="bbox 213 3157 1349 3234; baseline 0.001 -18"><span class='ocrx_word' id='word_1_271' title='bbox 213 3174 216 3178; x_wconf 75' lang='grc'><em>’</em></span> <span class='ocrx_word' id='word_1_272' title='bbox 247 3167 294 3216; x_wconf 90' lang='lat' dir='ltr'>est</span> <span class='ocrx_word' id='word_1_273' title='bbox 306 3158 471 3217; x_wconf 89' lang='lat' dir='ltr'>ostendere.</span> <span class='ocrx_word' id='word_1_274' title='bbox 497 3158 618 3215; x_wconf 77' lang='lat' dir='ltr'>Omnes</span> <span class='ocrx_word' id='word_1_275' title='bbox 642 3158 721 3217; x_wconf 90' lang='lat' dir='ltr'>enim</span> <span class='ocrx_word' id='word_1_276' title='bbox 741 3158 877 3232; x_wconf 82' lang='lat' dir='ltr'>fatemur,</span> <span class='ocrx_word' id='word_1_277' title='bbox 900 3178 951 3215; x_wconf 88' lang='lat' dir='ltr'>nos</span> <span class='ocrx_word' id='word_1_278' title='bbox 965 3158 1126 3234; x_wconf 81' lang='lat' dir='ltr'>,pactiones</span> <span class='ocrx_word' id='word_1_279' title='bbox 1142 3157 1221 3215; x_wconf 90' lang='lat' dir='ltr'>inter</span> <span class='ocrx_word' id='word_1_280' title='bbox 1240 3178 1298 3217; x_wconf 91' lang='lat' dir='ltr'>nos</span> <span class='ocrx_word' id='word_1_281' title='bbox 1316 3178 1349 3217; x_wconf 84' lang='lat' dir='ltr'>er</span> 
     </span>
    </p>
   </div>
   <div class='ocr_carea' id='block_1_20' title="bbox 247 3247 1457 3423">
    <p class='ocr_par' dir='ltr' id='par_1_20' title="bbox 247 3247 1457 3423">
     <span class='ocr_line' id='line_1_32' title="bbox 247 3247 1457 3330; baseline -0.002 -23"><span class='ocrx_word' id='word_1_282' title='bbox 247 3248 409 3308; x_wconf 88' lang='lat' dir='ltr'>diffidentia</span> <span class='ocrx_word' id='word_1_283' title='bbox 421 3248 534 3307; x_wconf 86' lang='lat' dir='ltr'>facere:</span> <span class='ocrx_word' id='word_1_284' title='bbox 558 3256 590 3307; x_wconf 89' lang='lat' dir='ltr'>ut</span> <span class='ocrx_word' id='word_1_285' title='bbox 610 3249 662 3324; x_wconf 93' lang='lat' dir='ltr'>qni</span> <span class='ocrx_word' id='word_1_286' title='bbox 677 3267 727 3305; x_wconf 90' lang='lat' dir='ltr'>eas</span> <span class='ocrx_word' id='word_1_287' title='bbox 742 3247 873 3319; x_wconf 86' lang='lat' dir='ltr'>servarit,</span> <span class='ocrx_word' id='word_1_288' title='bbox 883 3247 996 3330; x_wconf 85' lang='lat' dir='ltr'>judicio</span> <span class='ocrx_word' id='word_1_289' title='bbox 1008 3266 1112 3325; x_wconf 86' lang='lat' dir='ltr'>poenas</span> <span class='ocrx_word' id='word_1_290' title='bbox 1127 3249 1165 3306; x_wconf 91' lang='lat' dir='ltr'>de</span> <span class='ocrx_word' id='word_1_291' title='bbox 1186 3268 1225 3307; x_wconf 92' lang='lat' dir='ltr'>eo</span> <span class='ocrx_word' id='word_1_292' title='bbox 1237 3260 1349 3323; x_wconf 85' lang='lat' dir='ltr'>sumat,</span> <span class='ocrx_word' id='word_1_293' title='bbox 1456 3281 1457 3330; x_wconf 69' lang='lat'>3</span> 
     </span>
     <span class='ocr_line' id='line_1_33' title="bbox 247 3337 1457 3423; baseline 0.004 -26"><span class='ocrx_word' id='word_1_294' title='bbox 247 3342 298 3419; x_wconf 87' lang='lat' dir='ltr'>qui</span> <span class='ocrx_word' id='word_1_295' title='bbox 321 3340 420 3399; x_wconf 38' lang='lat' dir='ltr'>fidem,</span> <span class='ocrx_word' id='word_1_296' title='bbox 429 3339 558 3417; x_wconf 85' lang='lat' dir='ltr'>fregerit.</span> <span class='ocrx_word' id='word_1_297' title='bbox 595 3339 686 3417; x_wconf 86' lang='lat' dir='ltr'>Igitur</span> <span class='ocrx_word' id='word_1_298' title='bbox 701 3338 725 3397; x_wconf 91' lang='lat' dir='ltr'>si</span> <span class='ocrx_word' id='word_1_299' title='bbox 745 3338 958 3416; x_wconf 87' lang='lat' dir='ltr'>impudicorum</span> <span class='ocrx_word' id='word_1_300' title='bbox 971 3339 1202 3418; x_wconf 85' lang='lat' dir='ltr'>actiojudiciom</span> <span class='ocrx_word' id='word_1_301' title='bbox 1225 3360 1264 3399; x_wconf 86' lang='lat' dir='ltr'>ex</span> <span class='ocrx_word' id='word_1_302' title='bbox 1283 3363 1348 3423; x_wconf 76' lang='lat' dir='ltr'>syn·</span> <span class='ocrx_word' id='word_1_303' title='bbox 1456 3337 1457 3350; x_wconf 50' lang='lat'>¹</span> 
     </span>
    </p>
   </div>
   <div class='ocr_carea' id='block_1_21' title="bbox 196 3430 1352 4528">
    <p class='ocr_par' dir='ltr' id='par_1_21' title="bbox 196 3430 1352 4528">
     <span class='ocr_line' id='line_1_34' title="bbox 247 3430 1349 3516; baseline 0.001 -23"><span class='ocrx_word' id='word_1_304' title='bbox 247 3432 361 3511; x_wconf 78' lang='lat' dir='ltr'>grapho</span> <span class='ocrx_word' id='word_1_305' title='bbox 374 3432 514 3509; x_wconf 89' lang='lat' dir='ltr'>postulat,</span> <span class='ocrx_word' id='word_1_306' title='bbox 529 3432 554 3489; x_wconf 91' lang='lat' dir='ltr'>si</span> <span class='ocrx_word' id='word_1_307' title='bbox 566 3430 678 3509; x_wconf 89' lang='lat' dir='ltr'>injuriis</span> <span class='ocrx_word' id='word_1_308' title='bbox 694 3431 874 3490; x_wconf 87' lang='lat' dir='ltr'>afficiantur:</span> <span class='ocrx_word' id='word_1_309' title='bbox 888 3450 997 3490; x_wconf 82' lang='lat' dir='ltr'>-earum</span> <span class='ocrx_word' id='word_1_310' title='bbox 1012 3432 1111 3509; x_wconf 89' lang='lat' dir='ltr'>legum</span> <span class='ocrx_word' id='word_1_311' title='bbox 1125 3450 1199 3509; x_wconf 87' lang='lat' dir='ltr'>quas</span> <span class='ocrx_word' id='word_1_312' title='bbox 1215 3432 1265 3493; x_wconf 91' lang='lat' dir='ltr'>isti</span> <span class='ocrx_word' id='word_1_313' title='bbox 1280 3455 1349 3516; x_wconf 87' lang='lat' dir='ltr'>pro-</span> 
     </span>
     <span class='ocr_line' id='line_1_35' title="bbox 247 3522 1350 3606; baseline 0.003 -22"><span class='ocrx_word' id='word_1_314' title='bbox 247 3524 356 3593; x_wconf 84' lang='lat' dir='ltr'>ferunt,</span> <span class='ocrx_word' id='word_1_315' title='bbox 370 3523 537 3602; x_wconf 84' lang='lat' dir='ltr'>praesidium</span> <span class='ocrx_word' id='word_1_316' title='bbox 551 3524 593 3582; x_wconf 92' lang='lat' dir='ltr'>eis</span> <span class='ocrx_word' id='word_1_317' title='bbox 608 3534 654 3583; x_wconf 89' lang='lat' dir='ltr'>est</span> <span class='ocrx_word' id='word_1_318' title='bbox 668 3523 820 3602; x_wconf 89' lang='lat' dir='ltr'>reliquum.</span> <span class='ocrx_word' id='word_1_319' title='bbox 853 3522 964 3602; x_wconf 80' lang='lat' dir='ltr'>Ecquae</span> <span class='ocrx_word' id='word_1_320' title='bbox 978 3533 1076 3583; x_wconf 87' lang='lat' dir='ltr'>autern</span> <span class='ocrx_word' id='word_1_321' title='bbox 1091 3524 1244 3604; x_wconf 87' lang='lat' dir='ltr'>utriusque</span> <span class='ocrx_word' id='word_1_322' title='bbox 1257 3529 1350 3606; x_wconf 88' lang='lat' dir='ltr'>possit</span> 
     </span>
     <span class='ocr_line' id='line_1_36' title="bbox 247 3614 1350 3689; baseline 0.005 -14"><span class='ocrx_word' id='word_1_323' title='bbox 247 3636 319 3677; x_wconf 85' lang='lat' dir='ltr'>esse</span> <span class='ocrx_word' id='word_1_324' title='bbox 334 3615 447 3680; x_wconf 76' lang='lat' dir='ltr'>oratio?</span> <span class='ocrx_word' id='word_1_325' title='bbox 469 3616 667 3677; x_wconf 83' lang='lat' dir='ltr'>Putateeuim</span> <span class='ocrx_word' id='word_1_326' title='bbox 682 3636 745 3687; x_wconf 90' lang='lat' dir='ltr'>vos,</span> <span class='ocrx_word' id='word_1_327' title='bbox 759 3634 902 3680; x_wconf 77' lang='lat' dir='ltr'>remmon·</span> <span class='ocrx_word' id='word_1_328' title='bbox 914 3636 933 3675; x_wconf 89' lang='lat' dir='ltr'>a</span> <span class='ocrx_word' id='word_1_329' title='bbox 954 3635 1002 3675; x_wconf 87' lang='lat' dir='ltr'>me</span> <span class='ocrx_word' id='word_1_330' title='bbox 1015 3614 1136 3689; x_wconf 80' lang='lat' dir='ltr'>narrari,</span> <span class='ocrx_word' id='word_1_331' title='bbox 1148 3617 1205 3676; x_wconf 91' lang='lat' dir='ltr'>sed</span> <span class='ocrx_word' id='word_1_332' title='bbox 1227 3638 1247 3677; x_wconf 94' lang='lat' dir='ltr'>a</span> <span class='ocrx_word' id='word_1_333' title='bbox 1269 3620 1350 3679; x_wconf 82' lang='lat' dir='ltr'>robis</span> 
     </span>
     <span class='ocr_line' id='line_1_37' title="bbox 246 3696 1349 3787; baseline 0.003 -18"><span class='ocrx_word' id='word_1_334' title='bbox 246 3696 350 3787; x_wconf 78' lang='lat' dir='ltr'>aspici.</span> <span class='ocrx_word' id='word_1_335' title='bbox 376 3709 446 3767; x_wconf 86' lang='lat' dir='ltr'>Esto</span> <span class='ocrx_word' id='word_1_336' title='bbox 461 3708 536 3767; x_wconf 91' lang='lat' dir='ltr'>enim</span> <span class='ocrx_word' id='word_1_337' title='bbox 550 3708 714 3768; x_wconf 86' lang='lat' dir='ltr'>conductor</span> <span class='ocrx_word' id='word_1_338' title='bbox 728 3727 830 3785; x_wconf 82' lang='lat' dir='ltr'>aequus</span> <span class='ocrx_word' id='word_1_339' title='bbox 844 3709 875 3767; x_wconf 91' lang='lat' dir='ltr'>in</span> <span class='ocrx_word' id='word_1_340' title='bbox 889 3716 1054 3781; x_wconf 83' lang='lat' dir='ltr'>contractu,</span> <span class='ocrx_word' id='word_1_341' title='bbox 1067 3708 1237 3782; x_wconf 83' lang='lat' dir='ltr'>conductus</span> <span class='ocrx_word' id='word_1_342' title='bbox 1250 3710 1349 3771; x_wconf 79' lang='lat' dir='ltr'>autem</span> 
     </span>
     <span class='ocr_line' id='line_1_38' title="bbox 243 3800 1349 3880; baseline 0.005 -21"><span class='ocrx_word' id='word_1_343' title='bbox 243 3800 375 3880; x_wconf 85' lang='lat' dir='ltr'>iniquus,</span> <span class='ocrx_word' id='word_1_344' title='bbox 396 3811 426 3859; x_wconf 90' lang='lat' dir='ltr'>et</span> <span class='ocrx_word' id='word_1_345' title='bbox 438 3800 627 3860; x_wconf 87' lang='lat' dir='ltr'>inconstans:</span> <span class='ocrx_word' id='word_1_346' title='bbox 646 3811 700 3879; x_wconf 81' lang='lat' dir='ltr'>aut</span> <span class='ocrx_word' id='word_1_347' title='bbox 713 3800 1268 3878; x_wconf 64' lang='lat' dir='ltr'>contraconductus1aequus„etstam</span> <span class='ocrx_word' id='word_1_348' title='bbox 1282 3800 1349 3864; x_wconf 86' lang='lat' dir='ltr'>cori-</span> 
     </span>
     <span class='ocr_line' id='line_1_39' title="bbox 223 3889 1350 3973; baseline 0.003 -20"><span class='ocrx_word' id='word_1_349' title='bbox 223 3889 227 3896; x_wconf 16' lang='lat' dir='ltr'>i</span> <span class='ocrx_word' id='word_1_350' title='bbox 248 3894 354 3966; x_wconf 90' lang='lat' dir='ltr'>ventis,</span> <span class='ocrx_word' id='word_1_351' title='bbox 375 3892 448 3952; x_wconf 90' lang='lat' dir='ltr'>alter</span> <span class='ocrx_word' id='word_1_352' title='bbox 466 3902 538 3973; x_wconf 86' lang='lat' dir='ltr'>natu</span> <span class='ocrx_word' id='word_1_353' title='bbox 549 3892 697 3973; x_wconf 86' lang='lat' dir='ltr'>grandior,</span> <span class='ocrx_word' id='word_1_354' title='bbox 711 3903 742 3952; x_wconf 92' lang='lat' dir='ltr'>et</span> <span class='ocrx_word' id='word_1_355' title='bbox 759 3893 922 3954; x_wconf 91' lang='lat' dir='ltr'>conductor</span> <span class='ocrx_word' id='word_1_356' title='bbox 939 3892 1043 3952; x_wconf 85' lang='lat' dir='ltr'>fallax.</span> <span class='ocrx_word' id='word_1_357' title='bbox 1067 3892 1130 3953; x_wconf 90' lang='lat' dir='ltr'>Vos</span> <span class='ocrx_word' id='word_1_358' title='bbox 1152 3893 1233 3973; x_wconf 89' lang='lat' dir='ltr'>ipsos</span> <span class='ocrx_word' id='word_1_359' title='bbox 1252 3907 1350 3956; x_wconf 87' lang='lat' dir='ltr'>autern</span> 
     </span>
     <span class='ocr_line' id='line_1_40' title="bbox 249 3984 1350 4067; baseline 0.004 -22"><span class='ocrx_word' id='word_1_360' title='bbox 249 4007 301 4065; x_wconf 90' lang='lat' dir='ltr'>pro</span> <span class='ocrx_word' id='word_1_361' title='bbox 317 3985 454 4046; x_wconf 87' lang='lat' dir='ltr'>tribunali</span> <span class='ocrx_word' id='word_1_362' title='bbox 468 3985 697 4063; x_wconf 85' lang='lat' dir='ltr'>sederefingite.</span> <span class='ocrx_word' id='word_1_363' title='bbox 732 3986 836 4064; x_wconf 83' lang='lat' dir='ltr'>Itaque</span> <span class='ocrx_word' id='word_1_364' title='bbox 850 3995 922 4045; x_wconf 92' lang='lat' dir='ltr'>natu</span> <span class='ocrx_word' id='word_1_365' title='bbox 934 3985 1039 4065; x_wconf 89' lang='lat' dir='ltr'>major,</span> <span class='ocrx_word' id='word_1_366' title='bbox 1059 3984 1129 4045; x_wconf 89' lang='lat' dir='ltr'>dato</span> <span class='ocrx_word' id='word_1_367' title='bbox 1142 3985 1200 4045; x_wconf 90' lang='lat' dir='ltr'>sihi</span> <span class='ocrx_word' id='word_1_368' title='bbox 1221 3997 1350 4067; x_wconf 87' lang='lat' dir='ltr'>tempore</span> 
     </span>
     <span class='ocr_line' id='line_1_41' title="bbox 246 4074 1350 4159; baseline -0.001 -20"><span class='ocrx_word' id='word_1_369' title='bbox 246 4079 423 4159; x_wconf 88' lang='lat' dir='ltr'>dicendique</span> <span class='ocrx_word' id='word_1_370' title='bbox 439 4088 595 4157; x_wconf 87' lang='lat' dir='ltr'>potestate,</span> <span class='ocrx_word' id='word_1_371' title='bbox 609 4078 723 4155; x_wconf 84' lang='lat' dir='ltr'>seriam</span> <span class='ocrx_word' id='word_1_372' title='bbox 740 4078 958 4137; x_wconf 83' lang='lat' dir='ltr'>accusationem</span> <span class='ocrx_word' id='word_1_373' title='bbox 977 4074 1120 4150; x_wconf 84' lang='lat' dir='ltr'>instituet,</span> <span class='ocrx_word' id='word_1_374' title='bbox 1141 4095 1194 4135; x_wconf 88' lang='lat' dir='ltr'>vos</span> <span class='ocrx_word' id='word_1_375' title='bbox 1216 4078 1350 4138; x_wconf 82' lang='lat' dir='ltr'>nimirum</span> 
     </span>
     <span class='ocr_line' id='line_1_42' title="bbox 196 4158 1350 4248; baseline 0 -18"><span class='ocrx_word' id='word_1_376' title='bbox 196 4182 199 4187; x_wconf 90' lang='lat'>&#39;</span> <span class='ocrx_word' id='word_1_377' title='bbox 248 4174 381 4232; x_wconf 91' lang='lat' dir='ltr'>intuens:</span> <span class='ocrx_word' id='word_1_378' title='bbox 394 4169 533 4241; x_wconf 83' lang='lat' dir='ltr'>conduxi,</span> <span class='ocrx_word' id='word_1_379' title='bbox 545 4170 752 4248; x_wconf 78' lang='lat' dir='ltr'>Athenienses,</span> <span class='ocrx_word' id='word_1_380' title='bbox 761 4168 957 4241; x_wconf 85' lang='lat' dir='ltr'>Timarchum,</span> <span class='ocrx_word' id='word_1_381' title='bbox 968 4178 1002 4228; x_wconf 92' lang='lat' dir='ltr'>ut</span> <span class='ocrx_word' id='word_1_382' title='bbox 1011 4188 1108 4246; x_wconf 83' lang='lat' dir='ltr'>meum</span> <span class='ocrx_word' id='word_1_383' title='bbox 1118 4178 1254 4229; x_wconf 89' lang='lat' dir='ltr'>scortum</span> <span class='ocrx_word' id='word_1_384' title='bbox 1260 4158 1350 4243; x_wconf 77' lang='lat' dir='ltr'>esset,</span> 
     </span>
     <span class='ocr_line' id='line_1_43' title="bbox 249 4260 1352 4342; baseline -0.003 -21"><span class='ocrx_word' id='word_1_385' title='bbox 249 4264 408 4335; x_wconf 68' lang='lat' dir='ltr'>estabula,</span> <span class='ocrx_word' id='word_1_386' title='bbox 425 4282 492 4342; x_wconf 84' lang='lat' dir='ltr'>quae</span> <span class='ocrx_word' id='word_1_387' title='bbox 513 4260 567 4320; x_wconf 88' lang='lat' dir='ltr'>sita</span> <span class='ocrx_word' id='word_1_388' title='bbox 581 4272 627 4321; x_wconf 88' lang='lat' dir='ltr'>est</span> <span class='ocrx_word' id='word_1_389' title='bbox 644 4263 722 4340; x_wconf 91' lang='lat' dir='ltr'>apud</span> <span class='ocrx_word' id='word_1_390' title='bbox 740 4261 1097 4340; x_wconf 62' lang='lat' dir='ltr'>Demosthenem-nihil</span> <span class='ocrx_word' id='word_1_391' title='bbox 1114 4261 1195 4321; x_wconf 89' lang='lat' dir='ltr'>enim</span> <span class='ocrx_word' id='word_1_392' title='bbox 1205 4263 1352 4341; x_wconf 63' lang='lat' dir='ltr'>,prohibet</span> 
     </span>
     <span class='ocr_line' id='line_1_44' title="bbox 249 4353 1352 4436; baseline 0.007 -27"><span class='ocrx_word' id='word_1_393' title='bbox 249 4355 291 4429; x_wconf 82' lang='lat' dir='ltr'>ita</span> <span class='ocrx_word' id='word_1_394' title='bbox 305 4354 525 4433; x_wconf 55' lang='lat' dir='ltr'>meir-,neque</span> <span class='ocrx_word' id='word_1_395' title='bbox 535 4374 602 4429; x_wconf 85' lang='lat' dir='ltr'>vero</span> <span class='ocrx_word' id='word_1_396' title='bbox 616 4354 665 4413; x_wconf 88' lang='lat' dir='ltr'>ille</span> <span class='ocrx_word' id='word_1_397' title='bbox 680 4365 739 4415; x_wconf 87' lang='lat' dir='ltr'>stat</span> <span class='ocrx_word' id='word_1_398' title='bbox 753 4355 1038 4436; x_wconf 46' lang='lat' dir='ltr'>pactis,-eaquegiam</span> <span class='ocrx_word' id='word_1_399' title='bbox 1046 4353 1168 4434; x_wconf 82' lang='lat' dir='ltr'>exponit</span> <span class='ocrx_word' id='word_1_400' title='bbox 1181 4354 1307 4429; x_wconf 88' lang='lat' dir='ltr'>seilicet,</span> <span class='ocrx_word' id='word_1_401' title='bbox 1316 4376 1352 4417; x_wconf 86' lang='lat' dir='ltr'>au</span> 
     </span>
     <span class='ocr_line' id='line_1_45' title="bbox 247 4439 1351 4528; baseline 0.005 -27"><span class='ocrx_word' id='word_1_402' title='bbox 247 4439 395 4521; x_wconf 73' lang='lat' dir='ltr'>judicibus</span> <span class='ocrx_word' id='word_1_403' title='bbox 408 4459 595 4525; x_wconf 46' lang='lat' dir='ltr'>serraque</span> <span class='ocrx_word' id='word_1_404' title='bbox 610 4447 661 4509; x_wconf 87' lang='lat' dir='ltr'>tali</span> <span class='ocrx_word' id='word_1_405' title='bbox 670 4447 784 4513; x_wconf 78' lang='lat' dir='ltr'>homiui</span> <span class='ocrx_word' id='word_1_406' title='bbox 798 4449 934 4511; x_wconf 74' lang='lat' dir='ltr'>facienda</span> <span class='ocrx_word' id='word_1_407' title='bbox 951 4449 1022 4509; x_wconf 84' lang='lat' dir='ltr'>sint.</span> <span class='ocrx_word' id='word_1_408' title='bbox 1053 4448 1160 4509; x_wconf 84' lang='lat' dir='ltr'>Nonae</span> <span class='ocrx_word' id='word_1_409' title='bbox 1172 4467 1244 4507; x_wconf 82' lang='lat' dir='ltr'>reru</span> <span class='ocrx_word' id='word_1_410' title='bbox 1256 4448 1285 4507; x_wconf 88' lang='lat' dir='ltr'>is</span> <span class='ocrx_word' id='word_1_411' title='bbox 1301 4449 1351 4528; x_wconf 73' lang='lat' dir='ltr'>qui</span> 
     </span>
    </p>
   </div>
   <div class='ocr_carea' id='block_1_22' title="bbox 0 0 1488 4950">
    <p class='ocr_par' dir='ltr' id='par_1_22' title="bbox 0 0 1488 4950">
     <span class='ocr_line' id='line_1_46' title="bbox 0 0 1488 4950; baseline 0 0"><span class='ocrx_word' id='word_1_412' title='bbox 0 0 1488 4950; x_wconf 95' lang='lat' dir='ltr'> </span> 
     </span>
    </p>
   </div>
  </div>
 </body>
</html>
