<?xml version="1.0" encoding="UTF-8"?>
<!DOCTYPE html PUBLIC "-//W3C//DTD XHTML 1.0 Transitional//EN"
    "http://www.w3.org/TR/xhtml1/DTD/xhtml1-transitional.dtd">
<html xmlns="http://www.w3.org/1999/xhtml" xml:lang="en" lang="en">
 <head>
  <title>
</title>
<meta http-equiv="Content-Type" content="text/html;charset=utf-8" />
  <meta name='ocr-system' content='tesseract 3.04.00' />
  <meta name='ocr-capabilities' content='ocr_page ocr_carea ocr_par ocr_line ocrx_word'/>
</head>
<body>
  <div class='ocr_page' id='page_1' title='image "./demosthenisetsc06ulpigoog_0340.png"; bbox 0 0 2967 4950; ppageno 0'>
   <div class='ocr_carea' id='block_1_1' title="bbox 288 298 941 365">
    <p class='ocr_par' dir='ltr' id='par_1_1' title="bbox 288 298 941 365">
     <span class='ocr_line' id='line_1_1' title="bbox 288 298 941 365; baseline 0.005 -5"><span class='ocrx_word' id='word_1_1' title='bbox 288 304 347 363; x_wconf 82' lang='grc'>840</span> <span class='ocrx_word' id='word_1_2' title='bbox 719 298 941 365; x_wconf 79' lang='lat' dir='ltr'>EPlS&#39;l&#39;Olr‘AE.</span> 
     </span>
    </p>
   </div>
   <div class='ocr_carea' id='block_1_2' title="bbox 192 457 1455 4523">
    <p class='ocr_par' dir='ltr' id='par_1_2' title="bbox 192 457 1455 4523">
     <span class='ocr_line' id='line_1_2' title="bbox 288 457 1359 540; baseline 0 -22"><span class='ocrx_word' id='word_1_3' title='bbox 288 466 405 518; x_wconf 71' lang='lat' dir='ltr'>atatem</span> <span class='ocrx_word' id='word_1_4' title='bbox 419 459 636 520; x_wconf 85' lang='lat' dir='ltr'>afflictationem</span> <span class='ocrx_word' id='word_1_5' title='bbox 648 460 728 520; x_wconf 86' lang='lat' dir='ltr'>illam</span> <span class='ocrx_word' id='word_1_6' title='bbox 743 461 870 540; x_wconf 75' lang='lat' dir='ltr'>corporis</span> <span class='ocrx_word' id='word_1_7' title='bbox 877 460 992 539; x_wconf 86' lang='lat' dir='ltr'>perpeti</span> <span class='ocrx_word' id='word_1_8' title='bbox 1005 457 1359 538; x_wconf 66' lang='lat' dir='ltr'>sospesne-benique</span> 
     </span>
     <span class='ocr_line' id='line_1_3' title="bbox 288 549 1360 632; baseline 0.001 -23"><span class='ocrx_word' id='word_1_9' title='bbox 288 562 318 610; x_wconf 89' lang='lat' dir='ltr'>et</span> <span class='ocrx_word' id='word_1_10' title='bbox 337 571 389 612; x_wconf 85' lang='lat' dir='ltr'>vos</span> <span class='ocrx_word' id='word_1_11' title='bbox 412 571 470 612; x_wconf 88' lang='lat' dir='ltr'>uon</span> <span class='ocrx_word' id='word_1_12' title='bbox 494 553 571 612; x_wconf 89' lang='lat' dir='ltr'>nolle</span> <span class='ocrx_word' id='word_1_13' title='bbox 594 549 745 632; x_wconf 81' lang='lat' dir='ltr'>putabam·</span> <span class='ocrx_word' id='word_1_14' title='bbox 759 553 839 612; x_wconf 89' lang='lat' dir='ltr'>illam</span> <span class='ocrx_word' id='word_1_15' title='bbox 860 552 1066 611; x_wconf 85' lang='lat' dir='ltr'>contumeliam</span> <span class='ocrx_word' id='word_1_16' title='bbox 1089 571 1139 609; x_wconf 86' lang='grc' dir='ltr'>ιιι</span> <span class='ocrx_word' id='word_1_17' title='bbox 1158 551 1360 631; x_wconf 62' lang='lat' dir='ltr'>effugandus</span> 
     </span>
     <span class='ocr_line' id='line_1_4' title="bbox 287 643 1363 725; baseline -0.002 -23"><span class='ocrx_word' id='word_1_18' title='bbox 287 663 381 722; x_wconf 86' lang='lat' dir='ltr'>neque</span> <span class='ocrx_word' id='word_1_19' title='bbox 405 664 458 704; x_wconf 87' lang='lat' dir='ltr'>vos</span> <span class='ocrx_word' id='word_1_20' title='bbox 481 646 635 725; x_wconf 89' lang='lat' dir='ltr'>quicquam</span> <span class='ocrx_word' id='word_1_21' title='bbox 654 645 776 724; x_wconf 85' lang='lat' dir='ltr'>juvabat</span> <span class='ocrx_word' id='word_1_22' title='bbox 796 655 827 703; x_wconf 91' lang='lat' dir='ltr'>et</span> <span class='ocrx_word' id='word_1_23' title='bbox 846 663 895 702; x_wconf 90' lang='lat' dir='ltr'>me</span> <span class='ocrx_word' id='word_1_24' title='bbox 908 643 1060 721; x_wconf 80' lang='lat' dir='ltr'><strong>perdebat.</strong></span> <span class='ocrx_word' id='word_1_25' title='bbox 1085 643 1155 702; x_wconf 83' lang='lat' dir='ltr'>&#39;lile</span> <span class='ocrx_word' id='word_1_26' title='bbox 1175 652 1274 702; x_wconf 85' lang='lat' dir='ltr'>autem</span> <span class='ocrx_word' id='word_1_27' title='bbox 1289 644 1363 702; x_wconf 84' lang='lat' dir='ltr'>vestri</span> 
     </span>
     <span class='ocr_line' id='line_1_5' title="bbox 287 732 1396 816; baseline -0.002 -22"><span class='ocrx_word' id='word_1_28' title='bbox 287 756 383 814; x_wconf 89' lang='lat' dir='ltr'>neque</span> <span class='ocrx_word' id='word_1_29' title='bbox 397 742 567 816; x_wconf 85' lang='lat' dir='ltr'>cujusquam</span> <span class='ocrx_word' id='word_1_30' title='bbox 588 738 707 798; x_wconf 88' lang='lat' dir='ltr'>alterius</span> <span class='ocrx_word' id='word_1_31' title='bbox 727 735 818 796; x_wconf 82' lang='lat' dir='ltr'>fuisse</span> <span class='ocrx_word' id='word_1_32' title='bbox 836 736 1123 807; x_wconf 66' lang='lat' dir='ltr'>studiosum-multis</span> <span class='ocrx_word' id='word_1_33' title='bbox 1141 732 1257 794; x_wconf 86' lang='lat' dir='ltr'>indiciis</span> <span class='ocrx_word' id='word_1_34' title='bbox 1275 735 1364 812; x_wconf 87' lang='lat' dir='ltr'>depre-</span> <span class='ocrx_word' id='word_1_35' title='bbox 1394 787 1396 792; x_wconf 89' lang='lat'>.</span> 
     </span>
     <span class='ocr_line' id='line_1_6' title="bbox 288 826 1365 906; baseline -0.004 -18"><span class='ocrx_word' id='word_1_36' title='bbox 288 828 432 889; x_wconf 88' lang='lat' dir='ltr'>hendetis.</span> <span class='ocrx_word' id='word_1_37' title='bbox 474 831 549 889; x_wconf 90' lang='lat' dir='ltr'>Nam</span> <span class='ocrx_word' id='word_1_38' title='bbox 565 831 635 889; x_wconf 90' lang='lat' dir='ltr'>etin</span> <span class='ocrx_word' id='word_1_39' title='bbox 649 831 751 890; x_wconf 90' lang='lat' dir='ltr'>urbem</span> <span class='ocrx_word' id='word_1_40' title='bbox 763 849 810 888; x_wconf 88' lang='lat' dir='ltr'>me</span> <span class='ocrx_word' id='word_1_41' title='bbox 820 829 940 900; x_wconf 88' lang='lat' dir='ltr'>contuli,</span> <span class='ocrx_word' id='word_1_42' title='bbox 954 847 1016 887; x_wconf 89' lang='lat' dir='ltr'>non</span> <span class='ocrx_word' id='word_1_43' title='bbox 1028 828 1058 886; x_wconf 91' lang='lat' dir='ltr'>in</span> <span class='ocrx_word' id='word_1_44' title='bbox 1073 846 1130 906; x_wconf 90' lang='lat' dir='ltr'>qua</span> <span class='ocrx_word' id='word_1_45' title='bbox 1142 847 1189 885; x_wconf 87' lang='lat' dir='ltr'>rue</span> <span class='ocrx_word' id='word_1_46' title='bbox 1202 826 1365 905; x_wconf 84' lang='lat' dir='ltr'>splendidis-</span> 
     </span>
     <span class='ocr_line' id='line_1_7' title="bbox 289 921 1366 1000; baseline 0 -21"><span class='ocrx_word' id='word_1_47' title='bbox 289 922 360 979; x_wconf 86' lang='lat' dir='ltr'>sime</span> <span class='ocrx_word' id='word_1_48' title='bbox 378 921 521 980; x_wconf 88' lang='lat' dir='ltr'>victurum</span> <span class='ocrx_word' id='word_1_49' title='bbox 541 922 727 994; x_wconf 87' lang='lat' dir='ltr'>confiderem,</span> <span class='ocrx_word' id='word_1_50' title='bbox 743 921 795 981; x_wconf 88' lang='lat' dir='ltr'>sed</span> <span class='ocrx_word' id='word_1_51' title='bbox 808 941 867 1000; x_wconf 90' lang='lat' dir='ltr'>quo</span> <span class='ocrx_word' id='word_1_52' title='bbox 880 922 967 981; x_wconf 88' lang='lat' dir='ltr'>etiam</span> <span class='ocrx_word' id='word_1_53' title='bbox 984 921 1108 1000; x_wconf 89' lang='lat' dir='ltr'>majores</span> <span class='ocrx_word' id='word_1_54' title='bbox 1127 932 1255 992; x_wconf 84' lang='lat' dir='ltr'>nostros,</span> <span class='ocrx_word' id='word_1_55' title='bbox 1270 921 1366 981; x_wconf 80' lang='lat' dir='ltr'>Persici</span> 
     </span>
     <span class='ocr_line' id='line_1_8' title="bbox 286 1011 1368 1089; baseline -0.001 -17"><span class='ocrx_word' id='word_1_56' title='bbox 286 1011 354 1072; x_wconf 89' lang='lat' dir='ltr'>belli</span> <span class='ocrx_word' id='word_1_57' title='bbox 376 1013 588 1072; x_wconf 87' lang='lat' dir='ltr'>discriminibus</span> <span class='ocrx_word' id='word_1_58' title='bbox 611 1013 833 1085; x_wconf 84' lang='lat' dir='ltr'>circumuentos,</span> <span class='ocrx_word' id='word_1_59' title='bbox 846 1012 962 1072; x_wconf 85' lang='lat' dir='ltr'>venisse</span> <span class='ocrx_word' id='word_1_60' title='bbox 983 1013 1122 1081; x_wconf 82' lang='lat' dir='ltr'>sciebam,</span> <span class='ocrx_word' id='word_1_61' title='bbox 1136 1021 1169 1069; x_wconf 89' lang='lat' dir='ltr'>et</span> <span class='ocrx_word' id='word_1_62' title='bbox 1192 1032 1281 1089; x_wconf 89' lang='lat' dir='ltr'>quam</span> <span class='ocrx_word' id='word_1_63' title='bbox 1297 1015 1368 1076; x_wconf 82' lang='lat' dir='ltr'>uobis</span> 
     </span>
     <span class='ocr_line' id='line_1_9' title="bbox 286 1105 1368 1184; baseline 0 -20"><span class='ocrx_word' id='word_1_64' title='bbox 286 1122 352 1164; x_wconf 89' lang='lat' dir='ltr'>esse</span> <span class='ocrx_word' id='word_1_65' title='bbox 366 1105 666 1172; x_wconf 82' lang='lat' dir='ltr'>benevolentissimam</span> <span class='ocrx_word' id='word_1_66' title='bbox 680 1106 889 1184; x_wconf 83' lang='lat' dir='ltr'>intelligebam.</span> <span class='ocrx_word' id='word_1_67' title='bbox 931 1106 987 1164; x_wconf 88' lang='lat' dir='ltr'>Est</span> <span class='ocrx_word' id='word_1_68' title='bbox 999 1114 1094 1167; x_wconf 87' lang='lat' dir='ltr'>autern</span> <span class='ocrx_word' id='word_1_69' title='bbox 1109 1105 1368 1178; x_wconf 82' lang='lat' dir='ltr'>eaTroeaeniorun,</span> 
     </span>
     <span class='ocr_line' id='line_1_10' title="bbox 287 1197 1369 1277; baseline -0.001 -20"><span class='ocrx_word' id='word_1_70' title='bbox 287 1197 336 1257; x_wconf 85' lang='lat' dir='ltr'>cui</span> <span class='ocrx_word' id='word_1_71' title='bbox 356 1217 458 1276; x_wconf 84' lang='lat' dir='ltr'>precor</span> <span class='ocrx_word' id='word_1_72' title='bbox 472 1209 512 1257; x_wconf 83' lang='lat' dir='ltr'>ut</span> <span class='ocrx_word' id='word_1_73' title='bbox 534 1198 783 1277; x_wconf 80' lang='lat' dir='ltr'>dii=potissimum</span> <span class='ocrx_word' id='word_1_74' title='bbox 804 1197 983 1257; x_wconf 86' lang='lat' dir='ltr'>immortales</span> <span class='ocrx_word' id='word_1_75' title='bbox 1006 1208 1069 1255; x_wconf 92' lang='lat' dir='ltr'>tum</span> <span class='ocrx_word' id='word_1_76' title='bbox 1090 1197 1129 1255; x_wconf 86' lang='lat' dir='ltr'>nb</span> <span class='ocrx_word' id='word_1_77' title='bbox 1147 1197 1369 1257; x_wconf 77' lang='lat' dir='ltr'>benevolentiam</span> 
     </span>
     <span class='ocr_line' id='line_1_11' title="bbox 287 1289 1369 1370; baseline 0 -22"><span class='ocrx_word' id='word_1_78' title='bbox 287 1309 357 1370; x_wconf 83' lang='lat' dir='ltr'>erga</span> <span class='ocrx_word' id='word_1_79' title='bbox 377 1310 428 1350; x_wconf 87' lang='lat' dir='ltr'>vos</span> <span class='ocrx_word' id='word_1_80' title='bbox 445 1299 507 1350; x_wconf 89' lang='lat' dir='ltr'>tum</span> <span class='ocrx_word' id='word_1_81' title='bbox 521 1293 559 1351; x_wconf 93' lang='lat' dir='ltr'>ob</span> <span class='ocrx_word' id='word_1_82' title='bbox 572 1291 680 1350; x_wconf 89' lang='lat' dir='ltr'>collata</span> <span class='ocrx_word' id='word_1_83' title='bbox 694 1292 723 1349; x_wconf 87' lang='lat' dir='ltr'>in</span> <span class='ocrx_word' id='word_1_84' title='bbox 737 1311 784 1350; x_wconf 89' lang='lat' dir='ltr'>me</span> <span class='ocrx_word' id='word_1_85' title='bbox 797 1289 937 1350; x_wconf 78' lang='lat' dir='ltr'>beneficia</span> <span class='ocrx_word' id='word_1_86' title='bbox 957 1293 1033 1350; x_wconf 89' lang='lat' dir='ltr'>bene</span> <span class='ocrx_word' id='word_1_87' title='bbox 1043 1289 1137 1357; x_wconf 77' lang='lat' dir='ltr'>⁴velint</span> <span class='ocrx_word' id='word_1_88' title='bbox 1148 1308 1263 1363; x_wconf 73' lang='lat' dir='ltr'>omnes,</span> <span class='ocrx_word' id='word_1_89' title='bbox 1275 1290 1369 1349; x_wconf 90' lang='lat' dir='ltr'>deinde</span> 
     </span>
     <span class='ocr_line' id='line_1_12' title="bbox 287 1380 1370 1486; baseline -0.002 -44"><span class='ocrx_word' id='word_1_90' title='bbox 287 1393 362 1443; x_wconf 88' lang='lat' dir='ltr'>utet</span> <span class='ocrx_word' id='word_1_91' title='bbox 375 1403 431 1462; x_wconf 86' lang='lat' dir='ltr'>ego</span> <span class='ocrx_word' id='word_1_92' title='bbox 445 1403 463 1442; x_wconf 85' lang='lat' dir='ltr'>a</span> <span class='ocrx_word' id='word_1_93' title='bbox 477 1384 558 1442; x_wconf 86' lang='lat' dir='ltr'>vobis</span> <span class='ocrx_word' id='word_1_94' title='bbox 573 1394 763 1442; x_wconf 86' lang='lat' dir='ltr'>conservatus</span> <span class='ocrx_word' id='word_1_95' title='bbox 774 1383 899 1461; x_wconf 79' lang='lat' dir='ltr'>gratiam</span> <span class='ocrx_word' id='word_1_96' title='bbox 911 1382 1019 1441; x_wconf 87' lang='lat' dir='ltr'>referre</span> <span class='ocrx_word' id='word_1_97' title='bbox 1034 1380 1154 1486; x_wconf 87' lang='lat' dir='ltr'>possim.</span> <span class='ocrx_word' id='word_1_98' title='bbox 1196 1383 1232 1440; x_wconf 83' lang='lat' dir='ltr'>ln</span> <span class='ocrx_word' id='word_1_99' title='bbox 1246 1401 1370 1461; x_wconf 79' lang='lat' dir='ltr'>quacun</span> 
     </span>
     <span class='ocr_line' id='line_1_13' title="bbox 285 1473 1371 1561; baseline 0 -28"><span class='ocrx_word' id='word_1_100' title='bbox 285 1475 404 1554; x_wconf 88' lang='lat' dir='ltr'>quidam</span> <span class='ocrx_word' id='word_1_101' title='bbox 420 1474 601 1561; x_wconf 81' lang='lat' dir='ltr'>gratificandi</span> <span class='ocrx_word' id='word_1_102' title='bbox 616 1474 684 1534; x_wconf 88' lang='lat' dir='ltr'>mihi</span> <span class='ocrx_word' id='word_1_103' title='bbox 700 1475 807 1547; x_wconf 88' lang='lat' dir='ltr'>studio,</span> <span class='ocrx_word' id='word_1_104' title='bbox 820 1494 873 1534; x_wconf 91' lang='lat' dir='ltr'>vos</span> <span class='ocrx_word' id='word_1_105' title='bbox 887 1474 946 1535; x_wconf 86' lang='lat' dir='ltr'>ob&#39;</span> <span class='ocrx_word' id='word_1_106' title='bbox 938 1485 1026 1537; x_wconf 81' lang='lat' dir='ltr'>istum</span> <span class='ocrx_word' id='word_1_107' title='bbox 1041 1474 1073 1532; x_wconf 89' lang='lat' dir='ltr'>in</span> <span class='ocrx_word' id='word_1_108' title='bbox 1092 1492 1140 1532; x_wconf 88' lang='lat' dir='ltr'>me</span> <span class='ocrx_word' id='word_1_109' title='bbox 1160 1473 1319 1532; x_wconf 84' lang='lat' dir='ltr'>admissum</span> <span class='ocrx_word' id='word_1_110' title='bbox 1332 1495 1371 1533; x_wconf 90' lang='lat' dir='ltr'>er·</span> 
     </span>
     <span class='ocr_line' id='line_1_14' title="bbox 286 1553 1369 1646; baseline -0.003 -19"><span class='ocrx_word' id='word_1_111' title='bbox 286 1585 380 1628; x_wconf 84' lang='lat' dir='ltr'>rorem</span> <span class='ocrx_word' id='word_1_112' title='bbox 404 1553 615 1645; x_wconf 86' lang='lat' dir='ltr'>reprehendere</span> <span class='ocrx_word' id='word_1_113' title='bbox 631 1577 817 1640; x_wconf 83' lang='lat' dir='ltr'>conarentur,</span> <span class='ocrx_word' id='word_1_114' title='bbox 836 1587 894 1646; x_wconf 84' lang='lat' dir='ltr'>ego</span> <span class='ocrx_word' id='word_1_115' title='bbox 909 1586 1023 1628; x_wconf 87' lang='lat' dir='ltr'>summa</span> <span class='ocrx_word' id='word_1_116' title='bbox 1036 1584 1094 1645; x_wconf 88' lang='lat' dir='ltr'>qua</span> <span class='ocrx_word' id='word_1_117' title='bbox 1106 1585 1154 1625; x_wconf 90' lang='lat' dir='ltr'>me</span> <span class='ocrx_word' id='word_1_118' title='bbox 1175 1565 1289 1626; x_wconf 77' lang='lat' dir='ltr'>decuit</span> <span class='ocrx_word' id='word_1_119' title='bbox 1285 1571 1369 1644; x_wconf 77' lang='lat' dir='ltr'>aqui</span> 
     </span>
     <span class='ocr_line' id='line_1_15' title="bbox 287 1658 1371 1740; baseline 0 -22"><span class='ocrx_word' id='word_1_120' title='bbox 287 1669 408 1718; x_wconf 82' lang='lat' dir='ltr'>tatevos</span> <span class='ocrx_word' id='word_1_121' title='bbox 419 1658 546 1720; x_wconf 84' lang='lat' dir='ltr'>defendi.</span> <span class='ocrx_word' id='word_1_122' title='bbox 571 1660 701 1740; x_wconf 87' lang='lat' dir='ltr'>Eamque</span> <span class='ocrx_word' id='word_1_123' title='bbox 714 1663 754 1721; x_wconf 93' lang='lat' dir='ltr'>ob</span> <span class='ocrx_word' id='word_1_124' title='bbox 767 1679 893 1720; x_wconf 88' lang='lat' dir='ltr'>causam</span> <span class='ocrx_word' id='word_1_125' title='bbox 899 1660 929 1718; x_wconf 92' lang='lat' dir='ltr'>in</span> <span class='ocrx_word' id='word_1_126' title='bbox 939 1658 1163 1738; x_wconf 84' lang='lat' dir='ltr'>primisfactum</span> <span class='ocrx_word' id='word_1_127' title='bbox 1171 1677 1238 1717; x_wconf 84' lang='lat' dir='ltr'>esse</span> <span class='ocrx_word' id='word_1_128' title='bbox 1250 1659 1371 1724; x_wconf 82' lang='lat' dir='ltr'>arbitror,</span> 
     </span>
     <span class='ocr_line' id='line_1_16' title="bbox 288 1751 1372 1832; baseline -0.002 -22"><span class='ocrx_word' id='word_1_129' title='bbox 288 1761 322 1810; x_wconf 90' lang='lat' dir='ltr'>ut</span> <span class='ocrx_word' id='word_1_130' title='bbox 343 1751 413 1809; x_wconf 90' lang='lat' dir='ltr'>mihi</span> <span class='ocrx_word' id='word_1_131' title='bbox 433 1751 525 1812; x_wconf 90' lang='lat' dir='ltr'>honos</span> <span class='ocrx_word' id='word_1_132' title='bbox 546 1754 664 1832; x_wconf 91' lang='lat' dir='ltr'>publice</span> <span class='ocrx_word' id='word_1_133' title='bbox 688 1753 852 1824; x_wconf 76' lang='lat' dir='ltr'>haberetur.</span> <span class='ocrx_word' id='word_1_134' title='bbox 896 1753 973 1812; x_wconf 85' lang='lat' dir='ltr'>Cum</span> <span class='ocrx_word' id='word_1_135' title='bbox 992 1771 1061 1812; x_wconf 82' lang='lat' dir='ltr'>vero</span> <span class='ocrx_word' id='word_1_136' title='bbox 1083 1751 1238 1812; x_wconf 89' lang='lat' dir='ltr'>hominum</span> <span class='ocrx_word' id='word_1_137' title='bbox 1256 1753 1372 1811; x_wconf 71' lang='lat' dir='ltr'>beneio</span> 
     </span>
     <span class='ocr_line' id='line_1_17' title="bbox 286 1843 1372 1925; baseline -0.003 -23"><span class='ocrx_word' id='word_1_138' title='bbox 286 1843 404 1904; x_wconf 89' lang='lat' dir='ltr'>lentiam</span> <span class='ocrx_word' id='word_1_139' title='bbox 425 1843 567 1923; x_wconf 83' lang='lat' dir='ltr'>insignem</span> <span class='ocrx_word' id='word_1_140' title='bbox 584 1845 701 1925; x_wconf 87' lang='lat' dir='ltr'>quidem</span> <span class='ocrx_word' id='word_1_141' title='bbox 721 1845 811 1918; x_wconf 89' lang='lat' dir='ltr'>illam,</span> <span class='ocrx_word' id='word_1_142' title='bbox 835 1845 889 1904; x_wconf 88' lang='lat' dir='ltr'>sed</span> <span class='ocrx_word' id='word_1_143' title='bbox 911 1844 988 1904; x_wconf 81' lang='lat' dir='ltr'>vires</span> <span class='ocrx_word' id='word_1_144' title='bbox 1011 1846 1040 1905; x_wconf 92' lang='lat' dir='ltr'>in</span> <span class='ocrx_word' id='word_1_145' title='bbox 1063 1843 1221 1923; x_wconf 71' lang='lat' dir='ltr'>prasentia</span> <span class='ocrx_word' id='word_1_146' title='bbox 1242 1863 1308 1902; x_wconf 88' lang='lat' dir='ltr'>esse</span> <span class='ocrx_word' id='word_1_147' title='bbox 1321 1843 1372 1900; x_wconf 77' lang='lat' dir='ltr'>›rni-</span> 
     </span>
     <span class='ocr_line' id='line_1_18' title="bbox 287 1936 1372 2017; baseline 0 -23"><span class='ocrx_word' id='word_1_148' title='bbox 287 1955 384 2008; x_wconf 87' lang='lat' dir='ltr'>norcs,</span> <span class='ocrx_word' id='word_1_149' title='bbox 407 1955 564 2012; x_wconf 86' lang='lat' dir='ltr'>cernerem,</span> <span class='ocrx_word' id='word_1_150' title='bbox 586 1938 736 2017; x_wconf 83' lang='lat' dir='ltr'>digressus</span> <span class='ocrx_word' id='word_1_151' title='bbox 756 1939 789 1998; x_wconf 90' lang='lat' dir='ltr'>in</span> <span class='ocrx_word' id='word_1_152' title='bbox 809 1937 940 2017; x_wconf 87' lang='lat' dir='ltr'>Neptuni</span> <span class='ocrx_word' id='word_1_153' title='bbox 962 1936 1102 2016; x_wconf 83' lang='lat' dir='ltr'>templum</span> <span class='ocrx_word' id='word_1_154' title='bbox 1122 1936 1153 1995; x_wconf 90' lang='lat' dir='ltr'>in</span> <span class='ocrx_word' id='word_1_155' title='bbox 1175 1936 1313 1996; x_wconf 88' lang='lat' dir='ltr'>Calauria</span> <span class='ocrx_word' id='word_1_156' title='bbox 1330 1955 1372 1994; x_wconf 87' lang='lat' dir='ltr'>me</span> 
     </span>
     <span class='ocr_line' id='line_1_19' title="bbox 252 2029 1372 2110; baseline 0 -22"><span class='ocrx_word' id='word_1_157' title='bbox 252 2065 256 2075; x_wconf 72' lang='lat'><em>‹</em></span> <span class='ocrx_word' id='word_1_158' title='bbox 288 2029 412 2103; x_wconf 88' lang='lat' dir='ltr'>contuli,-</span> <span class='ocrx_word' id='word_1_159' title='bbox 422 2050 482 2090; x_wconf 89' lang='lat' dir='ltr'>non</span> <span class='ocrx_word' id='word_1_160' title='bbox 500 2031 586 2091; x_wconf 87' lang='lat' dir='ltr'>modo</span> <span class='ocrx_word' id='word_1_161' title='bbox 603 2031 697 2110; x_wconf 78' lang='lat' dir='ltr'>,quod</span> <span class='ocrx_word' id='word_1_162' title='bbox 707 2040 828 2110; x_wconf 89' lang='lat' dir='ltr'>propter</span> <span class='ocrx_word' id='word_1_163' title='bbox 850 2031 976 2090; x_wconf 88' lang='lat' dir='ltr'>numinis</span> <span class='ocrx_word' id='word_1_164' title='bbox 997 2030 1166 2107; x_wconf 80' lang='lat' dir='ltr'>religionem</span> <span class='ocrx_word' id='word_1_165' title='bbox 1180 2048 1229 2087; x_wconf 89' lang='lat' dir='ltr'>me</span> <span class='ocrx_word' id='word_1_166' title='bbox 1245 2029 1283 2088; x_wconf 92' lang='lat' dir='ltr'>ibi</span> <span class='ocrx_word' id='word_1_167' title='bbox 1295 2029 1372 2088; x_wconf 84' lang='lat' dir='ltr'>tutio·</span> 
     </span>
     <span class='ocr_line' id='line_1_20' title="bbox 288 2121 1371 2203; baseline -0.001 -24"><span class='ocrx_word' id='word_1_168' title='bbox 288 2140 350 2180; x_wconf 90' lang='lat' dir='ltr'>rem</span> <span class='ocrx_word' id='word_1_169' title='bbox 367 2123 433 2183; x_wconf 76' lang='lat' dir='ltr'>‚fore</span> <span class='ocrx_word' id='word_1_170' title='bbox 452 2123 717 2203; x_wconf 88' lang='lat' dir='ltr'>spero-necenim</span> <span class='ocrx_word' id='word_1_171' title='bbox 731 2123 763 2181; x_wconf 92' lang='lat' dir='ltr'>id</span> <span class='ocrx_word' id='word_1_172' title='bbox 777 2123 963 2201; x_wconf 84' lang='lat' dir='ltr'>exploratum</span> <span class='ocrx_word' id='word_1_173' title='bbox 976 2122 1091 2182; x_wconf 87' lang='lat' dir='ltr'>habeo:</span> <span class='ocrx_word' id='word_1_174' title='bbox 1112 2140 1181 2180; x_wconf 88' lang='lat' dir='ltr'>nam</span> <span class='ocrx_word' id='word_1_175' title='bbox 1194 2141 1263 2200; x_wconf 72' lang='lat' dir='ltr'>quse</span> <span class='ocrx_word' id='word_1_176' title='bbox 1284 2141 1327 2181; x_wconf 87' lang='lat' dir='ltr'>res</span> <span class='ocrx_word' id='word_1_177' title='bbox 1346 2121 1371 2179; x_wconf 91' lang='lat' dir='ltr'>in</span> 
     </span>
     <span class='ocr_line' id='line_1_21' title="bbox 287 2212 1373 2293; baseline -0.003 -19"><span class='ocrx_word' id='word_1_178' title='bbox 287 2215 567 2293; x_wconf 84' lang='lat' dir='ltr'>aliorumpotestate</span> <span class='ocrx_word' id='word_1_179' title='bbox 582 2216 645 2274; x_wconf 85' lang='lat' dir='ltr'>sitae</span> <span class='ocrx_word' id='word_1_180' title='bbox 661 2224 739 2286; x_wconf 90' lang='lat' dir='ltr'>sunt,</span> <span class='ocrx_word' id='word_1_181' title='bbox 754 2231 894 2292; x_wconf 78' lang='lat' dir='ltr'>eaespem</span> <span class='ocrx_word' id='word_1_182' title='bbox 908 2223 1026 2274; x_wconf 81' lang='lat' dir='ltr'>tenuem</span> <span class='ocrx_word' id='word_1_183' title='bbox 1043 2224 1074 2272; x_wconf 91' lang='lat' dir='ltr'>et</span> <span class='ocrx_word' id='word_1_184' title='bbox 1096 2215 1256 2272; x_wconf 86' lang='lat' dir='ltr'>obscuram</span> <span class='ocrx_word' id='word_1_185' title='bbox 1268 2212 1373 2292; x_wconf 89' lang='lat' dir='ltr'>pericli·</span> 
     </span>
     <span class='ocr_line' id='line_1_22' title="bbox 288 2302 1373 2390; baseline -0.003 -22"><span class='ocrx_word' id='word_1_186' title='bbox 288 2310 362 2368; x_wconf 86' lang='lat' dir='ltr'>tanti</span> <span class='ocrx_word' id='word_1_187' title='bbox 376 2309 616 2390; x_wconf 78' lang='lat' dir='ltr'>suppeditant—,</span> <span class='ocrx_word' id='word_1_188' title='bbox 631 2309 685 2368; x_wconf 86' lang='lat' dir='ltr'>sed</span> <span class='ocrx_word' id='word_1_189' title='bbox 702 2328 738 2367; x_wconf 90' lang='lat' dir='ltr'>eo</span> <span class='ocrx_word' id='word_1_190' title='bbox 758 2308 846 2367; x_wconf 89' lang='lat' dir='ltr'>etiam</span> <span class='ocrx_word' id='word_1_191' title='bbox 863 2307 943 2385; x_wconf 90' lang='lat' dir='ltr'>quod</span> <span class='ocrx_word' id='word_1_192' title='bbox 965 2306 1034 2367; x_wconf 89' lang='lat' dir='ltr'>hinc</span> <span class='ocrx_word' id='word_1_193' title='bbox 1053 2302 1183 2386; x_wconf 78' lang='lat' dir='ltr'>quotidie</span> <span class='ocrx_word' id='word_1_194' title='bbox 1200 2306 1323 2386; x_wconf 87' lang='lat' dir='ltr'>patriam</span> <span class='ocrx_word' id='word_1_195' title='bbox 1333 2306 1373 2365; x_wconf 90' lang='lat' dir='ltr'>in-</span> 
     </span>
     <span class='ocr_line' id='line_1_23' title="bbox 289 2398 1372 2483; baseline -0.002 -23"><span class='ocrx_word' id='word_1_196' title='bbox 289 2411 382 2476; x_wconf 90' lang='lat' dir='ltr'>tueor,</span> <span class='ocrx_word' id='word_1_197' title='bbox 406 2402 436 2460; x_wconf 91' lang='lat' dir='ltr'>in</span> <span class='ocrx_word' id='word_1_198' title='bbox 460 2421 547 2483; x_wconf 90' lang='lat' dir='ltr'>quam</span> <span class='ocrx_word' id='word_1_199' title='bbox 570 2411 659 2460; x_wconf 81' lang='lat' dir='ltr'>tantoe</span> <span class='ocrx_word' id='word_1_200' title='bbox 679 2401 748 2460; x_wconf 88' lang='lat' dir='ltr'>mihi</span> <span class='ocrx_word' id='word_1_201' title='bbox 770 2419 834 2460; x_wconf 89' lang='lat' dir='ltr'>sum</span> <span class='ocrx_word' id='word_1_202' title='bbox 857 2398 1069 2460; x_wconf 73' lang='lat' dir='ltr'>benevolentiae</span> <span class='ocrx_word' id='word_1_203' title='bbox 1082 2399 1372 2479; x_wconf 63' lang='lat' dir='ltr'>consciusrquantnm</span> 
     </span>
     <span class='ocr_line' id='line_1_24' title="bbox 192 2492 1380 2574; baseline -0.008 -14"><span class='ocrx_word' id='word_1_204' title='bbox 192 2500 193 2503; x_wconf 65' lang='grc'>’</span> <span class='ocrx_word' id='word_1_205' title='bbox 287 2496 399 2559; x_wconf 84' lang='lat' dir='ltr'>utinam</span> <span class='ocrx_word' id='word_1_206' title='bbox 422 2496 534 2556; x_wconf 83' lang='lat' dir='ltr'>avobis</span> <span class='ocrx_word' id='word_1_207' title='bbox 554 2515 724 2574; x_wconf 89' lang='lat' dir='ltr'>consequar.</span> <span class='ocrx_word' id='word_1_208' title='bbox 767 2494 814 2552; x_wconf 90' lang='lat' dir='ltr'>Ne</span> <span class='ocrx_word' id='word_1_209' title='bbox 834 2493 932 2572; x_wconf 84' lang='lat' dir='ltr'>igitur,</span> <span class='ocrx_word' id='word_1_210' title='bbox 945 2492 1150 2565; x_wconf 78' lang='lat' dir='ltr'>Athenienses,</span> <span class='ocrx_word' id='word_1_211' title='bbox 1166 2492 1380 2561; x_wconf 72' lang='lat' dir='ltr'>diutiusetiam-</span> 
     </span>
     <span class='ocr_line' id='line_1_25' title="bbox 288 2586 1377 2667; baseline -0.002 -22"><span class='ocrx_word' id='word_1_212' title='bbox 288 2586 334 2647; x_wconf 92' lang='lat' dir='ltr'>his</span> <span class='ocrx_word' id='word_1_213' title='bbox 358 2588 441 2649; x_wconf 85' lang='lat' dir='ltr'>malis</span> <span class='ocrx_word' id='word_1_214' title='bbox 461 2609 561 2667; x_wconf 84' lang='lat' dir='ltr'>angar,</span> <span class='ocrx_word' id='word_1_215' title='bbox 575 2608 611 2647; x_wconf 90' lang='lat' dir='ltr'>ea</span> <span class='ocrx_word' id='word_1_216' title='bbox 632 2588 703 2647; x_wconf 89' lang='lat' dir='ltr'>mihi</span> <span class='ocrx_word' id='word_1_217' title='bbox 726 2586 919 2657; x_wconf 62' lang='lat' dir='ltr'>decernimus,</span> <span class='ocrx_word' id='word_1_218' title='bbox 934 2588 1078 2666; x_wconf 62' lang='lat' dir='ltr'>quaejam</span> <span class='ocrx_word' id='word_1_219' title='bbox 1092 2586 1156 2645; x_wconf 84' lang='lat' dir='ltr'>ahie</span> <span class='ocrx_word' id='word_1_220' title='bbox 1171 2604 1290 2664; x_wconf 86' lang='lat' dir='ltr'>quoque</span> <span class='ocrx_word' id='word_1_221' title='bbox 1309 2604 1377 2643; x_wconf 90' lang='lat' dir='ltr'>non-</span> 
     </span>
     <span class='ocr_line' id='line_1_26' title="bbox 289 2677 1377 2759; baseline -0.004 -20"><span class='ocrx_word' id='word_1_222' title='bbox 289 2680 377 2741; x_wconf 84' lang='lat' dir='ltr'>nullis</span> <span class='ocrx_word' id='word_1_223' title='bbox 399 2681 548 2753; x_wconf 86' lang='lat' dir='ltr'>tribuistis,</span> <span class='ocrx_word' id='word_1_224' title='bbox 561 2691 596 2739; x_wconf 88' lang='lat' dir='ltr'>ut</span> <span class='ocrx_word' id='word_1_225' title='bbox 617 2698 712 2759; x_wconf 89' lang='lat' dir='ltr'>neque</span> <span class='ocrx_word' id='word_1_226' title='bbox 734 2677 887 2759; x_wconf 83' lang='lat' dir='ltr'>indignum</span> <span class='ocrx_word' id='word_1_227' title='bbox 901 2679 1114 2758; x_wconf 81' lang='lat' dir='ltr'>vobisaliquid</span> <span class='ocrx_word' id='word_1_228' title='bbox 1137 2677 1209 2737; x_wconf 91' lang='lat' dir='ltr'>mihi</span> <span class='ocrx_word' id='word_1_229' title='bbox 1223 2677 1377 2747; x_wconf 75' lang='lat' dir='ltr'>usuveniat,</span> 
     </span>
     <span class='ocr_line' id='line_1_27' title="bbox 260 2768 1378 2851; baseline -0.002 -22"><span class='ocrx_word' id='word_1_230' title='bbox 260 2796 264 2813; x_wconf 57' lang='grc' dir='ltr'>ι</span> <span class='ocrx_word' id='word_1_231' title='bbox 289 2790 386 2850; x_wconf 89' lang='lat' dir='ltr'>neque</span> <span class='ocrx_word' id='word_1_232' title='bbox 398 2771 461 2831; x_wconf 87' lang='lat' dir='ltr'>aliis</span> <span class='ocrx_word' id='word_1_233' title='bbox 475 2771 646 2851; x_wconf 88' lang='lat' dir='ltr'>supplicare·</span> <span class='ocrx_word' id='word_1_234' title='bbox 658 2791 765 2851; x_wconf 84' lang='lat' dir='ltr'>cogar:</span> <span class='ocrx_word' id='word_1_235' title='bbox 786 2771 829 2829; x_wconf 76' lang='lat' dir='ltr'>io</span> <span class='ocrx_word' id='word_1_236' title='bbox 841 2770 921 2850; x_wconf 86' lang='lat' dir='ltr'>quod</span> <span class='ocrx_word' id='word_1_237' title='bbox 942 2771 1092 2831; x_wconf 81' lang='lat' dir='ltr'>necvobis</span> <span class='ocrx_word' id='word_1_238' title='bbox 1114 2768 1274 2831; x_wconf 86' lang='lat' dir='ltr'>honestum</span> <span class='ocrx_word' id='word_1_239' title='bbox 1294 2780 1378 2829; x_wconf 85' lang='lat' dir='ltr'>esset</span> 
     </span>
     <span class='ocr_line' id='line_1_28' title="bbox 291 2863 1380 2949; baseline -0.008 -21"><span class='ocrx_word' id='word_1_240' title='bbox 291 2863 381 2949; x_wconf 82' lang='lat' dir='ltr'>Nam,</span> <span class='ocrx_word' id='word_1_241' title='bbox 393 2865 417 2923; x_wconf 91' lang='lat' dir='ltr'>si</span> <span class='ocrx_word' id='word_1_242' title='bbox 430 2874 529 2925; x_wconf 87' lang='lat' dir='ltr'>vestra</span> <span class='ocrx_word' id='word_1_243' title='bbox 541 2864 692 2925; x_wconf 86' lang='lat' dir='ltr'>iracundia</span> <span class='ocrx_word' id='word_1_244' title='bbox 705 2864 816 2945; x_wconf 89' lang='lat' dir='ltr'>placari</span> <span class='ocrx_word' id='word_1_245' title='bbox 830 2864 901 2923; x_wconf 91' lang='lat' dir='ltr'>mihi</span> <span class='ocrx_word' id='word_1_246' title='bbox 914 2864 994 2923; x_wconf 88' lang='lat' dir='ltr'>nulla</span> <span class='ocrx_word' id='word_1_247' title='bbox 1003 2864 1238 2943; x_wconf 78' lang='lat' dir='ltr'>rationepotest,</span> <span class='ocrx_word' id='word_1_248' title='bbox 1252 2864 1324 2923; x_wconf 90' lang='lat' dir='ltr'>mori</span> <span class='ocrx_word' id='word_1_249' title='bbox 1337 2882 1380 2921; x_wconf 87' lang='lat' dir='ltr'>me</span> 
     </span>
     <span class='ocr_line' id='line_1_29' title="bbox 290 2957 1383 3037; baseline -0.006 -16"><span class='ocrx_word' id='word_1_250' title='bbox 290 2958 468 3037; x_wconf 75' lang='lat' dir='ltr'>praestiterit.</span> <span class='ocrx_word' id='word_1_251' title='bbox 508 2959 580 3019; x_wconf 79' lang='lat' dir='ltr'>June</span> <span class='ocrx_word' id='word_1_252' title='bbox 602 2968 697 3018; x_wconf 88' lang='lat' dir='ltr'>autem</span> <span class='ocrx_word' id='word_1_253' title='bbox 720 2958 778 3017; x_wconf 92' lang='lat' dir='ltr'>hoc</span> <span class='ocrx_word' id='word_1_254' title='bbox 803 2958 899 3016; x_wconf 91' lang='lat' dir='ltr'>animo</span> <span class='ocrx_word' id='word_1_255' title='bbox 920 2976 986 3017; x_wconf 89' lang='lat' dir='ltr'>esse</span> <span class='ocrx_word' id='word_1_256' title='bbox 1005 2977 1053 3017; x_wconf 87' lang='lat' dir='ltr'>me</span> <span class='ocrx_word' id='word_1_257' title='bbox 1071 2977 1167 3035; x_wconf 87' lang='lat' dir='ltr'>neque</span> <span class='ocrx_word' id='word_1_258' title='bbox 1185 2957 1249 3017; x_wconf 91' lang='lat' dir='ltr'>sine</span> <span class='ocrx_word' id='word_1_259' title='bbox 1267 2976 1299 3015; x_wconf 87' lang='lat' dir='ltr'>re</span> <span class='ocrx_word' id='word_1_260' title='bbox 1320 2957 1383 3014; x_wconf 74' lang='lat' dir='ltr'>hee</span> 
     </span>
     <span class='ocr_line' id='line_1_30' title="bbox 285 3048 1382 3130; baseline -0.005 -19"><span class='ocrx_word' id='word_1_261' title='bbox 285 3050 398 3130; x_wconf 89' lang='lat' dir='ltr'>jactare</span> <span class='ocrx_word' id='word_1_262' title='bbox 418 3051 564 3112; x_wconf 85' lang='lat' dir='ltr'>credetis:</span> <span class='ocrx_word' id='word_1_263' title='bbox 584 3072 652 3113; x_wconf 86' lang='lat' dir='ltr'>nam</span> <span class='ocrx_word' id='word_1_264' title='bbox 677 3061 708 3110; x_wconf 89' lang='lat' dir='ltr'>et</span> <span class='ocrx_word' id='word_1_265' title='bbox 729 3060 855 3111; x_wconf 84' lang='lat' dir='ltr'>vestram</span> <span class='ocrx_word' id='word_1_266' title='bbox 875 3050 1083 3110; x_wconf 85' lang='lat' dir='ltr'>auctoritatem</span> <span class='ocrx_word' id='word_1_267' title='bbox 1098 3049 1171 3111; x_wconf 88' lang='lat' dir='ltr'>subii</span> <span class='ocrx_word' id='word_1_268' title='bbox 1194 3058 1225 3108; x_wconf 89' lang='lat' dir='ltr'>et</span> <span class='ocrx_word' id='word_1_269' title='bbox 1241 3048 1382 3129; x_wconf 86' lang='lat' dir='ltr'>judicium</span> 
     </span>
     <span class='ocr_line' id='line_1_31' title="bbox 291 3142 1384 3223; baseline -0.001 -23"><span class='ocrx_word' id='word_1_270' title='bbox 291 3160 353 3201; x_wconf 90' lang='lat' dir='ltr'>non</span> <span class='ocrx_word' id='word_1_271' title='bbox 369 3142 537 3216; x_wconf 85' lang='lat' dir='ltr'>detrectavi,</span> <span class='ocrx_word' id='word_1_272' title='bbox 551 3152 584 3203; x_wconf 91' lang='lat' dir='ltr'>ut</span> <span class='ocrx_word' id='word_1_273' title='bbox 606 3163 701 3223; x_wconf 89' lang='lat' dir='ltr'>neque</span> <span class='ocrx_word' id='word_1_274' title='bbox 727 3143 878 3203; x_wconf 85' lang='lat' dir='ltr'>veritatem</span> <span class='ocrx_word' id='word_1_275' title='bbox 900 3143 1082 3205; x_wconf 84' lang='lat' dir='ltr'>indefensam</span> <span class='ocrx_word' id='word_1_276' title='bbox 1105 3143 1384 3221; x_wconf 70' lang='lat' dir='ltr'>desererem-neque</span> 
     </span>
     <span class='ocr_line' id='line_1_32' title="bbox 290 3236 1385 3317; baseline -0.001 -24"><span class='ocrx_word' id='word_1_277' title='bbox 290 3244 417 3295; x_wconf 85' lang='lat' dir='ltr'>vestrum</span> <span class='ocrx_word' id='word_1_278' title='bbox 432 3236 584 3317; x_wconf 87' lang='lat' dir='ltr'>quisquam</span> <span class='ocrx_word' id='word_1_279' title='bbox 600 3236 628 3295; x_wconf 89' lang='lat' dir='ltr'>in</span> <span class='ocrx_word' id='word_1_280' title='bbox 642 3256 689 3296; x_wconf 89' lang='lat' dir='ltr'>me</span> <span class='ocrx_word' id='word_1_281' title='bbox 703 3245 879 3314; x_wconf 81' lang='lat' dir='ltr'>potestatem</span> <span class='ocrx_word' id='word_1_282' title='bbox 893 3256 952 3295; x_wconf 90' lang='lat' dir='ltr'>non</span> <span class='ocrx_word' id='word_1_283' title='bbox 965 3237 1096 3307; x_wconf 88' lang='lat' dir='ltr'>haberet,</span> <span class='ocrx_word' id='word_1_284' title='bbox 1112 3236 1165 3295; x_wconf 86' lang='lat' dir='ltr'>sed</span> <span class='ocrx_word' id='word_1_285' title='bbox 1178 3244 1212 3293; x_wconf 87' lang='lat' dir='ltr'>ut</span> <span class='ocrx_word' id='word_1_286' title='bbox 1222 3244 1326 3295; x_wconf 80' lang='lat' dir='ltr'>vestro</span> <span class='ocrx_word' id='word_1_287' title='bbox 1343 3253 1385 3292; x_wconf 88' lang='lat' dir='ltr'>ar·</span> 
     </span>
     <span class='ocr_line' id='line_1_33' title="bbox 290 3326 1386 3407; baseline -0.002 -22"><span class='ocrx_word' id='word_1_288' title='bbox 290 3326 397 3385; x_wconf 87' lang='lat' dir='ltr'>bitratu</span> <span class='ocrx_word' id='word_1_289' title='bbox 418 3328 457 3390; x_wconf 85' lang='lat' dir='ltr'>de</span> <span class='ocrx_word' id='word_1_290' title='bbox 480 3350 540 3388; x_wconf 87' lang='lat' dir='ltr'>me.</span> <span class='ocrx_word' id='word_1_291' title='bbox 552 3329 735 3389; x_wconf 87' lang='lat' dir='ltr'>statueretis:</span> <span class='ocrx_word' id='word_1_292' title='bbox 757 3328 915 3388; x_wconf 86' lang='lat' dir='ltr'>arbitrabar</span> <span class='ocrx_word' id='word_1_293' title='bbox 939 3330 1017 3388; x_wconf 88' lang='lat' dir='ltr'>enim</span> <span class='ocrx_word' id='word_1_294' title='bbox 1026 3375 1030 3380; x_wconf 79' lang='grc'><strong>.</strong></span> <span class='ocrx_word' id='word_1_295' title='bbox 1039 3328 1105 3401; x_wconf 68' lang='lat' dir='ltr'>eos,¹&#39;</span> <span class='ocrx_word' id='word_1_296' title='bbox 1114 3328 1174 3407; x_wconf 70' lang='lat' dir='ltr'>qui.</span> <span class='ocrx_word' id='word_1_297' title='bbox 1186 3328 1286 3388; x_wconf 89' lang='lat' dir='ltr'>omnia</span> <span class='ocrx_word' id='word_1_298' title='bbox 1298 3328 1330 3386; x_wconf 92' lang='lat' dir='ltr'>in</span> <span class='ocrx_word' id='word_1_299' title='bbox 1344 3344 1386 3383; x_wconf 88' lang='lat' dir='ltr'>me</span> 
     </span>
     <span class='ocr_line' id='line_1_34' title="bbox 291 3416 1387 3500; baseline -0.002 -23"><span class='ocrx_word' id='word_1_300' title='bbox 291 3428 460 3481; x_wconf 85' lang='lat' dir='ltr'>ornamenta</span> <span class='ocrx_word' id='word_1_301' title='bbox 473 3421 675 3494; x_wconf 88' lang='lat' dir='ltr'>contulissent,</span> <span class='ocrx_word' id='word_1_302' title='bbox 689 3422 776 3481; x_wconf 87' lang='lat' dir='ltr'>etiam</span> <span class='ocrx_word' id='word_1_303' title='bbox 790 3442 862 3500; x_wconf 86' lang='lat' dir='ltr'>erga</span> <span class='ocrx_word' id='word_1_304' title='bbox 877 3422 979 3480; x_wconf 79' lang='lat' dir='ltr'>mesi</span> <span class='ocrx_word' id='word_1_305' title='bbox 1000 3422 1042 3482; x_wconf 89' lang='lat' dir='ltr'>ita</span> <span class='ocrx_word' id='word_1_306' title='bbox 1064 3420 1188 3494; x_wconf 74' lang='lat' dir='ltr'>vellent,</span> <span class='ocrx_word' id='word_1_307' title='bbox 1199 3416 1387 3498; x_wconf 79' lang='lat' dir='ltr'>delinquendi</span> 
     </span>
     <span class='ocr_line' id='line_1_35' title="bbox 291 3510 1389 3593; baseline 0 -25"><span class='ocrx_word' id='word_1_308' title='bbox 291 3510 399 3574; x_wconf 86' lang='lat' dir='ltr'>habere</span> <span class='ocrx_word' id='word_1_309' title='bbox 412 3518 586 3588; x_wconf 86' lang='lat' dir='ltr'>potestatem</span> <span class='ocrx_word' id='word_1_310' title='bbox 610 3524 753 3593; x_wconf 87' lang='lat' dir='ltr'>oportere.</span> <span class='ocrx_word' id='word_1_311' title='bbox 795 3515 873 3582; x_wconf 85' lang='lat' dir='ltr'>Quia</span> <span class='ocrx_word' id='word_1_312' title='bbox 886 3532 954 3573; x_wconf 80' lang='lat' dir='ltr'>vero</span> <span class='ocrx_word' id='word_1_313' title='bbox 967 3514 1049 3593; x_wconf 82' lang='lat' dir='ltr'>justa</span> <span class='ocrx_word' id='word_1_314' title='bbox 1070 3514 1196 3585; x_wconf 74' lang='lat' dir='ltr'>senuna,</span> <span class='ocrx_word' id='word_1_315' title='bbox 1209 3512 1254 3572; x_wconf 83' lang='lat' dir='ltr'>ita</span> <span class='ocrx_word' id='word_1_316' title='bbox 1274 3513 1320 3573; x_wconf 84' lang='lat' dir='ltr'>uti</span> <span class='ocrx_word' id='word_1_317' title='bbox 1341 3512 1389 3569; x_wconf 89' lang='lat' dir='ltr'>de·</span> 
     </span>
     <span class='ocr_line' id='line_1_36' title="bbox 292 3601 1389 3683; baseline 0.001 -21"><span class='ocrx_word' id='word_1_318' title='bbox 292 3602 362 3674; x_wconf 84' lang='lat' dir='ltr'>cuit,</span> <span class='ocrx_word' id='word_1_319' title='bbox 371 3601 478 3681; x_wconf 86' lang='lat' dir='ltr'>injusta</span> <span class='ocrx_word' id='word_1_320' title='bbox 489 3615 625 3683; x_wconf 87' lang='lat' dir='ltr'>superata</span> <span class='ocrx_word' id='word_1_321' title='bbox 637 3607 683 3665; x_wconf 91' lang='lat' dir='ltr'>bis</span> <span class='ocrx_word' id='word_1_322' title='bbox 697 3607 779 3666; x_wconf 88' lang='lat' dir='ltr'>vobis</span> <span class='ocrx_word' id='word_1_323' title='bbox 793 3607 896 3670; x_wconf 84' lang='lat' dir='ltr'>iisdem</span> <span class='ocrx_word' id='word_1_324' title='bbox 905 3607 944 3665; x_wconf 89' lang='lat' dir='ltr'>de</span> <span class='ocrx_word' id='word_1_325' title='bbox 958 3608 1044 3666; x_wconf 87' lang='lat' dir='ltr'>rebus</span> <span class='ocrx_word' id='word_1_326' title='bbox 1057 3605 1205 3666; x_wconf 87' lang='lat' dir='ltr'>statuendi</span> <span class='ocrx_word' id='word_1_327' title='bbox 1215 3605 1389 3665; x_wconf 74' lang='lat' dir='ltr'>facultatem</span> 
     </span>
     <span class='ocr_line' id='line_1_37' title="bbox 290 3694 1392 3776; baseline 0.01 -23"><span class='ocrx_word' id='word_1_328' title='bbox 290 3694 382 3768; x_wconf 91' lang='lat' dir='ltr'>dedit,</span> <span class='ocrx_word' id='word_1_329' title='bbox 390 3705 547 3776; x_wconf 83' lang='lat' dir='ltr'>&#39;propterea</span> <span class='ocrx_word' id='word_1_330' title='bbox 558 3699 653 3776; x_wconf 67' lang='lat' dir='ltr'>,quod</span> <span class='ocrx_word' id='word_1_331' title='bbox 662 3698 734 3757; x_wconf 91' lang='lat' dir='ltr'>nihil</span> <span class='ocrx_word' id='word_1_332' title='bbox 746 3700 777 3758; x_wconf 94' lang='lat' dir='ltr'>in</span> <span class='ocrx_word' id='word_1_333' title='bbox 797 3720 844 3759; x_wconf 89' lang='lat' dir='ltr'>me</span> <span class='ocrx_word' id='word_1_334' title='bbox 857 3700 1037 3759; x_wconf 72' lang='lat' dir='ltr'>cuizmederi</span> <span class='ocrx_word' id='word_1_335' title='bbox 1056 3699 1116 3759; x_wconf 89' lang='grc' dir='ltr'>ιιοιι</span> <span class='ocrx_word' id='word_1_336' title='bbox 1128 3698 1216 3758; x_wconf 87' lang='lat' dir='ltr'>liceat</span> <span class='ocrx_word' id='word_1_337' title='bbox 1237 3696 1392 3764; x_wconf 60' lang='lat' dir='ltr'>samnia</span> 
     </span>
     <span class='ocr_line' id='line_1_38' title="bbox 291 3790 1395 3872; baseline 0.003 -25"><span class='ocrx_word' id='word_1_338' title='bbox 291 3798 436 3849; x_wconf 85' lang='lat' dir='ltr'>servatote</span> <span class='ocrx_word' id='word_1_339' title='bbox 449 3809 507 3862; x_wconf 86' lang='lat' dir='ltr'>me,</span> <span class='ocrx_word' id='word_1_340' title='bbox 529 3790 736 3865; x_wconf 88' lang='lat' dir='ltr'>Athenienses,</span> <span class='ocrx_word' id='word_1_341' title='bbox 747 3803 787 3852; x_wconf 91' lang='lat' dir='ltr'>et</span> <span class='ocrx_word' id='word_1_342' title='bbox 801 3813 868 3872; x_wconf 83' lang='lat' dir='ltr'>quoe</span> <span class='ocrx_word' id='word_1_343' title='bbox 881 3804 945 3853; x_wconf 89' lang='lat' dir='ltr'>tum</span> <span class='ocrx_word' id='word_1_344' title='bbox 957 3791 1131 3871; x_wconf 79' lang='lat' dir='ltr'>vobisipsis</span> <span class='ocrx_word' id='word_1_345' title='bbox 1148 3804 1211 3852; x_wconf 90' lang='lat' dir='ltr'>tum</span> <span class='ocrx_word' id='word_1_346' title='bbox 1234 3812 1287 3852; x_wconf 89' lang='lat' dir='ltr'>me</span> <span class='ocrx_word' id='word_1_347' title='bbox 1305 3792 1395 3868; x_wconf 76' lang='lat' dir='ltr'>dign</span> 
     </span>
     <span class='ocr_line' id='line_1_39' title="bbox 237 3882 1397 3965; baseline 0.003 -26"><span class='ocrx_word' id='word_1_348' title='bbox 237 3892 240 3898; x_wconf 91' lang='grc'><strong><em>’</em></strong></span> <span class='ocrx_word' id='word_1_349' title='bbox 292 3891 359 3940; x_wconf 89' lang='lat' dir='ltr'>sunt</span> <span class='ocrx_word' id='word_1_350' title='bbox 379 3882 568 3945; x_wconf 88' lang='lat' dir='ltr'>decernitote</span> <span class='ocrx_word' id='word_1_351' title='bbox 612 3883 700 3943; x_wconf 93' lang='lat' dir='ltr'>Nihil</span> <span class='ocrx_word' id='word_1_352' title='bbox 708 3886 795 3945; x_wconf 86' lang='lat' dir='ltr'>enirn</span> <span class='ocrx_word' id='word_1_353' title='bbox 806 3906 825 3944; x_wconf 91' lang='lat' dir='ltr'>a</span> <span class='ocrx_word' id='word_1_354' title='bbox 837 3906 884 3945; x_wconf 88' lang='lat' dir='ltr'>me</span> <span class='ocrx_word' id='word_1_355' title='bbox 896 3904 1048 3965; x_wconf 86' lang='lat' dir='ltr'>perperam</span> <span class='ocrx_word' id='word_1_356' title='bbox 1062 3894 1093 3943; x_wconf 87' lang='lat' dir='ltr'>et</span> <span class='ocrx_word' id='word_1_357' title='bbox 1112 3885 1257 3944; x_wconf 85' lang='lat' dir='ltr'>scelerate</span> <span class='ocrx_word' id='word_1_358' title='bbox 1279 3885 1397 3944; x_wconf 67' lang='lat' dir='ltr'>iachim</span> 
     </span>
     <span class='ocr_line' id='line_1_40' title="bbox 291 3976 1400 4083; baseline 0 -48"><span class='ocrx_word' id='word_1_359' title='bbox 291 3976 449 4055; x_wconf 86' lang='lat' dir='ltr'>reperietis,</span> <span class='ocrx_word' id='word_1_360' title='bbox 467 3997 563 4056; x_wconf 89' lang='lat' dir='ltr'>neque</span> <span class='ocrx_word' id='word_1_361' title='bbox 584 3998 629 4037; x_wconf 87' lang='lat' dir='ltr'>me</span> <span class='ocrx_word' id='word_1_362' title='bbox 643 3981 845 4040; x_wconf 87' lang='lat' dir='ltr'>commeritum</span> <span class='ocrx_word' id='word_1_363' title='bbox 858 3989 891 4038; x_wconf 91' lang='lat' dir='ltr'>ut</span> <span class='ocrx_word' id='word_1_364' title='bbox 910 3979 970 4039; x_wconf 85' lang='lat' dir='ltr'>vel</span> <span class='ocrx_word' id='word_1_365' title='bbox 967 3978 1120 4083; x_wconf 77' lang='lat' dir='ltr'>dignitate</span> <span class='ocrx_word' id='word_1_366' title='bbox 1134 3978 1183 4037; x_wconf 84' lang='lat' dir='ltr'>vel</span> <span class='ocrx_word' id='word_1_367' title='bbox 1197 3979 1261 4038; x_wconf 84' lang='lat' dir='ltr'>vita</span> <span class='ocrx_word' id='word_1_368' title='bbox 1275 3976 1400 4057; x_wconf 81' lang='lat' dir='ltr'>spolier</span> 
     </span>
     <span class='ocr_line' id='line_1_41' title="bbox 292 4066 1401 4151; baseline -0.005 -22"><span class='ocrx_word' id='word_1_369' title='bbox 292 4070 346 4129; x_wconf 86' lang='lat' dir='ltr'>sed</span> <span class='ocrx_word' id='word_1_370' title='bbox 356 4080 387 4130; x_wconf 90' lang='lat' dir='ltr'>et</span> <span class='ocrx_word' id='word_1_371' title='bbox 393 4069 610 4133; x_wconf 85' lang='lat' dir='ltr'>multitudinis</span> <span class='ocrx_word' id='word_1_372' title='bbox 602 4082 643 4131; x_wconf 85' lang='lat' dir='ltr'>ita</span> <span class='ocrx_word' id='word_1_373' title='bbox 657 4092 722 4133; x_wconf 85' lang='lat' dir='ltr'>esse</span> <span class='ocrx_word' id='word_1_374' title='bbox 732 4072 906 4134; x_wconf 89' lang='lat' dir='ltr'>studiosum</span> <span class='ocrx_word' id='word_1_375' title='bbox 919 4072 1015 4151; x_wconf 89' lang='lat' dir='ltr'>utqui</span> <span class='ocrx_word' id='word_1_376' title='bbox 1029 4072 1162 4144; x_wconf 83' lang='lat' dir='ltr'>maxime,</span> <span class='ocrx_word' id='word_1_377' title='bbox 1180 4092 1219 4131; x_wconf 89' lang='lat' dir='ltr'>ne</span> <span class='ocrx_word' id='word_1_378' title='bbox 1231 4069 1338 4151; x_wconf 88' lang='lat' dir='ltr'>quid</span> <span class='ocrx_word' id='word_1_379' title='bbox 1329 4066 1401 4127; x_wconf 91' lang='grc' dir='ltr'>ιιιιι</span> 
     </span>
     <span class='ocr_line' id='line_1_42' title="bbox 292 4158 1455 4244; baseline -0.002 -23"><span class='ocrx_word' id='word_1_380' title='bbox 292 4162 406 4223; x_wconf 89' lang='lat' dir='ltr'>diosum</span> <span class='ocrx_word' id='word_1_381' title='bbox 426 4162 561 4235; x_wconf 88' lang='lat' dir='ltr'>scribam,</span> <span class='ocrx_word' id='word_1_382' title='bbox 576 4174 605 4223; x_wconf 89' lang='lat' dir='ltr'>et</span> <span class='ocrx_word' id='word_1_383' title='bbox 619 4165 813 4242; x_wconf 88' lang='lat' dir='ltr'>pulcherrima</span> <span class='ocrx_word' id='word_1_384' title='bbox 826 4166 922 4225; x_wconf 17' lang='lat' dir='ltr'>exibis</span> <span class='ocrx_word' id='word_1_385' title='bbox 936 4166 986 4244; x_wconf 93' lang='lat' dir='ltr'>qui</span> <span class='ocrx_word' id='word_1_386' title='bbox 1004 4166 1101 4225; x_wconf 88' lang='lat' dir='ltr'>adhuc</span> <span class='ocrx_word' id='word_1_387' title='bbox 1114 4164 1217 4224; x_wconf 86' lang='lat' dir='ltr'>vivunt</span> <span class='ocrx_word' id='word_1_388' title='bbox 1240 4184 1306 4243; x_wconf 83' lang='lat' dir='ltr'>pro</span> <span class='ocrx_word' id='word_1_389' title='bbox 1320 4158 1404 4220; x_wconf 81' lang='lat' dir='ltr'>vobis</span> <span class='ocrx_word' id='word_1_390' title='bbox 1453 4171 1455 4229; x_wconf 65' lang='grc' dir='ltr'>ξ</span> 
     </span>
     <span class='ocr_line' id='line_1_43' title="bbox 293 4249 1455 4341; baseline 0 -28"><span class='ocrx_word' id='word_1_391' title='bbox 293 4256 422 4331; x_wconf 84' lang='lat' dir='ltr'>gerenda</span> <span class='ocrx_word' id='word_1_392' title='bbox 432 4258 606 4335; x_wconf 88' lang='lat' dir='ltr'>suscepisse,</span> <span class='ocrx_word' id='word_1_393' title='bbox 614 4257 827 4341; x_wconf 82' lang='lat' dir='ltr'>maximaquee</span> <span class='ocrx_word' id='word_1_394' title='bbox 837 4260 909 4319; x_wconf 88' lang='lat' dir='ltr'>meis</span> <span class='ocrx_word' id='word_1_395' title='bbox 922 4259 1083 4338; x_wconf 70' lang='lat' dir='ltr'>aequalibus</span> <span class='ocrx_word' id='word_1_396' title='bbox 1096 4256 1330 4317; x_wconf 83' lang='lat' dir='ltr'>benevolentiae</span> <span class='ocrx_word' id='word_1_397' title='bbox 1339 4269 1409 4329; x_wconf 60' lang='lat' dir='ltr'>erga</span> <span class='ocrx_word' id='word_1_398' title='bbox 1453 4249 1455 4293; x_wconf 69' lang='lat' dir='ltr'>l</span> 
     </span>
     <span class='ocr_line' id='line_1_44' title="bbox 294 4346 1409 4432; baseline 0 -28"><span class='ocrx_word' id='word_1_399' title='bbox 294 4368 345 4407; x_wconf 90' lang='lat' dir='ltr'>vos</span> <span class='ocrx_word' id='word_1_400' title='bbox 360 4350 637 4430; x_wconf 80' lang='lat' dir='ltr'>indiciareliquisse.</span> <span class='ocrx_word' id='word_1_401' title='bbox 680 4353 785 4431; x_wconf 91' lang='lat' dir='ltr'>Neque</span> <span class='ocrx_word' id='word_1_402' title='bbox 798 4373 868 4413; x_wconf 87' lang='lat' dir='ltr'>vero</span> <span class='ocrx_word' id='word_1_403' title='bbox 881 4354 1036 4432; x_wconf 76' lang='lat' dir='ltr'>qnisquam</span> <span class='ocrx_word' id='word_1_404' title='bbox 1045 4363 1177 4413; x_wconf 81' lang='lat' dir='ltr'>vestrum</span> <span class='ocrx_word' id='word_1_405' title='bbox 1187 4360 1299 4429; x_wconf 86' lang='lat' dir='ltr'>putet,</span> <span class='ocrx_word' id='word_1_406' title='bbox 1316 4346 1409 4406; x_wconf 82' lang='lat' dir='ltr'>Athe·</span> 
     </span>
     <span class='ocr_line' id='line_1_45' title="bbox 293 4439 1412 4523; baseline 0.005 -28"><span class='ocrx_word' id='word_1_407' title='bbox 293 4439 417 4512; x_wconf 86' lang='lat' dir='ltr'>nienses,</span> <span class='ocrx_word' id='word_1_408' title='bbox 435 4463 481 4503; x_wconf 90' lang='lat' dir='ltr'>me</span> <span class='ocrx_word' id='word_1_409' title='bbox 495 4443 540 4505; x_wconf 87' lang='lat' dir='ltr'>vel</span> <span class='ocrx_word' id='word_1_410' title='bbox 554 4464 590 4503; x_wconf 86' lang='lat' dir='ltr'>ex</span> <span class='ocrx_word' id='word_1_411' title='bbox 604 4442 801 4507; x_wconf 86' lang='lat' dir='ltr'>imbecillitate</span> <span class='ocrx_word' id='word_1_412' title='bbox 824 4446 1135 4522; x_wconf 83' lang='lat' dir='ltr'>animivelullaalia</span> <span class='ocrx_word' id='word_1_413' title='bbox 1150 4442 1229 4523; x_wconf 81' lang='lat' dir='ltr'>turpi</span> <span class='ocrx_word' id='word_1_414' title='bbox 1238 4442 1297 4504; x_wconf 81' lang='lat' dir='ltr'>de</span> <span class='ocrx_word' id='word_1_415' title='bbox 1319 4453 1412 4501; x_wconf 64' lang='lat' dir='ltr'>causi</span> 
     </span>
    </p>
   </div>
   <div class='ocr_carea' id='block_1_3' title="bbox 0 0 1495 4948">
    <p class='ocr_par' dir='ltr' id='par_1_3' title="bbox 0 0 1495 4948">
     <span class='ocr_line' id='line_1_46' title="bbox 0 0 1495 4948; baseline 0 0"><span class='ocrx_word' id='word_1_416' title='bbox 0 0 1495 4948; x_wconf 95' lang='lat' dir='ltr'> </span> 
     </span>
    </p>
   </div>
  </div>
 </body>
</html>
