2967 4950
512 280 597 339 erto
619 270 884 371 ruoumrouu.
1188 286 1247 345 ιιι

152 434 270 515 negotia
283 435 412 506 fuerunt,
427 440 515 511 quum
528 445 632 524 potero
647 434 831 514 paucissimis
840 396 1006 523 expulsam:
1021 450 1073 515 par
1086 455 1164 525 qum,
1177 440 1249 501 ιιιιι

152 532 224 620 scio,
243 540 275 589 et
296 528 382 589 istius
404 526 552 588 odumnia
563 528 668 607 pularn
686 530 749 610 fiet,
772 537 803 589 et
824 527 994 589 accusatori
1011 548 1073 589 nou
1095 532 1250 593 convenire

151 599 316 693 uodonem,
327 629 397 682 mois
417 620 476 680 illis'
494 602 611 682 auditis·
623 620 820 701 cognoscetis.
862 622 907 681 Ac
919 621 1043 701 primum
1057 623 1139 683 robis
1152 624 1250 703 pactio

151 715 330 788 recitabitur,
345 733 405 792 qua
417 713 506 774 Penio
519 712 588 773 huio
601 732 737 774 mensam
755 714 864 775 locarit
879 722 909 775 et
925 714 1072 775 officinam
1089 725 1248 777 scutorum

151 805 233 887 Cape
246 807 425 886 pactionem,
439 815 469 865 et
481 807 731 885 provocationem
745 816 775 866 et
788 805 956 865 ιιιιιιιιοιιιι
968 806 1046 866 heac
1179 819 1181 823 '

297 984 466 1049 PACTIO.
506 984 784 1045 PROVOCATIO.
826 983 1102 1046 TESTIMONIA.

149 1085 283 1186 Psstio-
267 1126 375 1219 igitur,
395 1142 455 1205 qus
469 1126 559 1189 Pssio
576 1128 648 1188 huie
665 1142 797 1187 mensam
812 1134 842 1185 et
844 1072 1002 1186 offidnum
1018 1137 1166 1188 scutorum
1169 1130 1251 1211 ,jam

149 1232 236 1278 suum
248 1212 349 1298 egenti
362 1220 514 1299 negotium
527 1211 646 1293 locavit,
658 1221 725 1286 hte‘c
738 1229 795 1293 est,
811 1216 1018 1286 Athenienses.

188 1312 219 1369 ι.
243 1312 437 1372 Audiendum
450 1312 615 1381 uerorobis
629 1322 660 1373 et
672 1310 912 1392 cognusueudum
932 1306 990 1381 ιἰι,
1005 1328 1065 1389 quo
1086 1326 1175 1393 pasto
1197 1332 1253 1377 un-

148 1402 245 1463 decim
265 1404 379 1463 relenta
400 1404 489 1464 Penio
506 1403 547 1463 sd
560 1416 696 1470 mensum
713 1404 857 1465 debuerit.
900 1393 1012 1484 Neque
1023 1404 1101 1463 enim
1119 1410 1253 1487 compul-

148 1511 198 1555 ιιι
231 1493 334 1575 inopie
347 1492 472 1571 debuit,
497 1496 551 1555 sed
583 1512 621 1555 ιιι
650 1494 726 1555 lueri
759 1492 929 1577 cupiditate.
981 1497 1150 1558 Facultates
1176 1501 1253 1561 enim

149 1588 287 1647 Pasionis
309 1595 459 1647 terrestres
476 1586 593 1647 omnino
612 1587 714 1666 'uiginti
730 1588 874 1649 talentum
891 1588 1022 1660 luerunt,
1035 1599 1066 1648 et
1078 1586 1185 1670 prester
1203 1609 1254 1654 ιιι
1317 1628 1322 1635 =

148 1680 268 1761 argenti
282 1680 327 1739 sui
340 1688 446 1738 mutuo
469 1678 530 1738 doti
552 1679 678 1759 amplius
696 1679 909 1757 quinquaglntn
930 1679 1051 1740 talenta.
1093 1682 1130 1741 lu
1143 1681 1187 1756 lris
1201 1678 1255 1763 igi·

149 1760 197 1833 tur
223 1771 443 1851 quinquaginta
468 1771 586 1831 talentis
612 1772 789 1831 demensus
815 1770 956 1850 depotitio
983 1767 1131 1833 undecim
1144 1776 1256 1837 euentu

148 1875 322 1944 quaestuoso
342 1873 435 1925 eraut
477 1862 537 1923 llio
554 1883 591 1925 oo
609 1880 720 1923 mensae
735 1870 850 1942 questu
865 1864 1023 1937 conducto,
1036 1878 1105 1925 euru
1119 1862 1255 1947 deposito

150 1958 301 2037 sociperst
313 1966 347 2015 et
358 1954 482 2029 videres,
495 1974 529 2016 se
541 1955 695 2015 nondum
687 1974 718 2015 ru
732 1954 878 2017 diritatem
893 1970 912 2015 tt
925 1957 1007 2017 vobis
1027 1958 1181 2035 adstituor,
1195 1977 1255 2022 nort

148 2066 238 2131 posse
252 2049 371 2129 erigere
390 2062 435 2123 ιι,
456 2064 524 2127 que
539 2048 629 2109 Pasiu
650 2050 689 2110 ad
707 2036 815 2109 fundos
836 2056 866 2107 et
888 2042 968 2107 edes
988 2060 1144 2122 mutuaret,
1158 2054 1255 2132 ipsum

148 2140 308 2205 Pssioirem
320 2142 429 2203 babere
443 2142 603 2229 debitorem
618 2142 721 2203 maluit
733 2143 797 2247 ejus
816 2142 960 2221 pecuuius,
976 2152 1064 2221 quum
1082 2143 1155 2204 ulios
1173 2146 1256 2205 debis

147 2246 229 2297 tores
239 2235 349 2314 quibus
363 2232 520 2315 pecuniam
534 2233 691 2295 eradebat:
712 2244 744 2295 et
757 2234 802 2295 sio
815 2242 931 2313 propter
944 2233 1009 2294 huso
1020 2235 1193 2316 inieriptum
1208 2248 1256 2298 est

148 2328 180 2389 in
193 2329 370 2389 locationem
385 2328 524 2388 undecim
537 2328 645 2388 debere
657 2321 949 2396 talental’ssiouemt
972 2322 1003 2388 id
1024 2329 1103 2408 quod
1124 2322 1213 2391 etiam
1236 2348 1254 2392 e

149 2421 275 2482 testibus
296 2420 460 2482 audivistis.
502 2420 762 2499 Quemadmodum
785 2420 873 2502 igitur
896 2421 1006 2482 locutio
1026 2422 1105 2484 licta
1125 2422 1171 2496 sit,
1187 2438 1254 2486 eum

148 2514 247 2593 ipsum
266 2514 318 2594 qui
339 2512 378 2574 ad
399 2528 530 2574 mensam
552 2515 636 2575 sedet
658 2516 760 2578 testari
786 2515 953 2576 audivistis:
982 2525 1052 2595 post
1073 2516 1137 2578 heo
1164 2531 1255 2598 quum

96 2649 99 2655 -
151 2607 262 2668 Fusio
254 2622 285 2667 ιιι
297 2608 432 2667 morbum
447 2601 609 2682 incidisset,
622 2609 807 2670 considerate
821 2608 908 2688 quale
922 2616 1131 2670 testamentum
1142 2611 1254 2672 fecerit.

151 2700 235 2780 Cape
259 2699 431 2760 testamenti
449 2701 628 2790 exemplum,
641 2710 674 2762 et
693 2702 931 2782 prouocationem
946 2700 1033 2774 bunc,
1046 2711 1077 2763 et
1089 2704 1256 2816 readmonio
1346 2738 1348 2744 ·

150 2790 215 2852 bne
229 2806 332 2852 sorum
346 2808 438 2872 penes
451 2803 528 2873 quos
541 2793 650 2855 tebule
664 2795 729 2856 sites
743 2805 821 2856 sunt.

235 2946 514 3035 nxuurnuru
538 2964 813 3034 ιιιιιιιιιιιιι.
851 2958 1130 3042 ruovocnuro'.
1178 2981 1182 2998 ⁸

395 3093 397 3097 -
564 3062 837 3157 unumunurn.

191 3205 221 3263 3.
236 3202 313 3262 Cum
326 3203 416 3282 igitur
431 3203 522 3264 Pesio
533 3204 654 3265 obiisset
665 3206 723 3267 hoc
736 3217 915 3270 testamento
926 3210 1018 3282 facto,
1029 3211 1168 3271 Phormio
1181 3233 1254 3272 uxo-

151 3315 211 3355 rem
223 3295 289 3375 ejus
303 3314 339 3354 ex
353 3305 530 3356 testamento
543 3290 636 3368 ducit,
648 3295 742 3357 filium
759 3307 857 3357 tuetur
870 3307 902 3359 et
912 3312 1008 3362 curat.
1050 3301 1109 3362 Sed
1130 3305 1188 3366 isto
1206 3326 1254 3367 ra-

151 3389 250 3468 piente
268 3407 305 3449 ιι
325 3387 362 3457 de
375 3387 580 3469 communibus
596 3389 726 3470 pecuniis
742 3390 867 3466 multum
879 3410 945 3453 ease
958 3396 1189 3458 consumendum
1202 3417 1256 3479 pu·
1324 3425 1327 3432 ·

150 3490 244 3554 tante,
266 3480 463 3541 conanimis
485 3480 549 3542 suis
573 3491 743 3563 reputantes
764 3491 888 3559 tutores,
913 3487 938 3547 si
959 3506 995 3546 ax
1019 3497 1195 3551 testamento
1218 3492 1254 3565 iis

151 3573 301 3646 omuibus,
313 3591 382 3652 quse
393 3573 451 3634 iste
463 3573 507 3632 de
515 3574 719 3634 communibus
730 3577 874 3655 pecuniis
890 3575 1098 3658 insumpsisset
1114 3581 1252 3662 demptis,

150 3664 265 3744 reliqua
277 3683 315 3726 ex
327 3682 415 3743 oequo
428 3663 590 3725 dividunda
603 3675 713 3739 essent,
728 3669 803 3728 nibil
822 3669 926 3749 reliqui
942 3671 1085 3746 futurum,
1102 3675 1182 3736 bona
1194 3696 1253 3755 quo

150 3776 244 3838 puero
267 3756 621 3818 considereturdividere
644 3768 819 3824 statuerunt.
861 3763 906 3822 Ao
926 3772 1050 3824 caeteras
1072 3765 1191 3844 quidem
1209 3770 1254 3836 fu·

150 3849 587 3930 commemoratumque
609 3851 657 3912 hic
678 3828 870 3928 conduxerit,
891 3856 1071 3936 partiuntur;
1095 3877 1254 3941 eorumque

150 3941 301 4003 redituum
323 3942 477 4003 semissem
497 3943 547 4004 isti
568 3943 768 4006 reddiderunt.
810 3941 879 4007 Juru
900 3947 939 4008 ad
957 3947 1015 4010 boo
1033 3968 1126 4030 usque
1138 3960 1254 4034 ternpus

148 4034 200 4114 qui
218 4053 308 4113 agere
322 4043 422 4113 potest
437 4033 611 4096 locutionist
634 4036 705 4097 Non
717 4039 795 4098 enim
811 4058 901 4113 nuno,
916 4040 1043 4102 sedtum
1058 4043 1158 4104 statim
1171 4048 1254 4124 queri
1323 4053 1334 4066 “

152 4127 322 4206 etgraviter
335 4126 409 4188 ferre
424 4117 535 4188 debuit.
558 4121 665 4210 Neque
682 4109 758 4192 illud
772 4130 860 4195 etium
872 4131 1083 4214 dicorepotest,
1093 4137 1255 4218 posteriora
1366 4175 1369 4181 ·

152 4219 306 4281 montionis
319 4222 415 4302 pretio
428 4241 461 4284 se
474 4243 535 4285 non
550 4225 713 4304 occepisse:
735 4243 922 4307 nequaquam
937 4228 1026 4301 enirn,
1041 4239 1199 4310 postquam
1214 4232 1253 4293 sd

154 4322 220 4372 euro
233 4311 355 4372 modurn
369 4332 436 4374 cunr
451 4322 553 4394 togam
566 4316 679 4379 uirilem
699 4319 874 4398 sumpsisset
894 4318 1029 4383 Pusioles
1045 4321 1094 4382 hio
1106 4322 1253 4412 locatione

154 4403 283 4480 cederat,
296 4424 350 4484 uos
363 4425 432 4468 eum
445 4407 526 4469 omui
539 4409 659 4473 crim'ue
672 4410 864 4487 liberassst‘ts,
877 4413 1006 4478 sedtum
1020 4433 1038 4476 e
1051 4409 1174 4496 vestigio
1187 4433 1255 4478 erre·
