2967 4950
451 273 459 290 ·
495 283 545 377 ru
562 282 901 354 crnsnnournu.
1213 287 1256 348 or

148 430 244 496 tiore:
261 426 495 508 prohiberentur
516 427 727 507 quominusad
750 446 923 491 consessum
942 425 1187 508 illurnl'yleum
1201 447 1252 494 ecs
1342 431 1348 447 ’

147 532 278 594 current,
294 522 347 600 qui
359 522 523 596 necessario
536 533 606 582 aute
620 522 817 602 prestitutum
832 530 948 601 tempus
962 529 1026 582 erat
1038 521 1170 586 futurus-
1192 523 1260 588 ssd.

148 615 230 679 aliud
244 615 271 674 ei
282 614 358 674 scito
371 615 552 692 adscriptum
565 627 611 674 est
624 615 717 675 multo
738 624 770 674 et
790 615 920 694 apertius
934 625 964 673 et
978 614 1121 680 acerbius..
1145 615 1259 684 Athen

149 708 355 774 niensium
396 706 492 785 inquit
525 707 827 772 hieromnemon
863 718 902 768 et
931 708 1158 788 ,Pylngorm
1187 709 1258 788 qu-‚i

149 801 324 882 posthac
342 801 473 861 futuri
494 811 596 873 suut,
620 821 706 860 cum
724 798 864 878 iis‘qui
887 800 990 862 illuc
1009 802 1261 866 conveniunt

150 913 275 976 neque
302 893 509 952 uerborum
535 913 662 972 neque
688 894 888 955 santorum
914 912 1046 972 neque
1070 894 1258 958 scitorum

151 1006 279 1065 neque
313 985 437 1044 ullius
464 985 521 1043 rei
561 984 742 1046 babeant
779 984 1069 1046 commercium.
1107 987 1260 1051 Quorsum

152 1089 251 1140 autem
263 1078 338 1138 illud
351 1089 397 1136 est
410 1077 592 1149 nehnbeant
611 1075 840 1135 commercium?
869 1075 1017 1136 Verumne
1038 1076 1145 1148 dicam,
1168 1098 1206 1138 an
1227 1079 1257 1138 id

130 1170 233 1250 -quod
261 1170 301 1229 sit
320 1169 422 1230 euditu
443 1167 713 1248 jucundissimum?
745 1166 856 1227 Verum
884 1167 999 1236 dicam3
1027 1187 1096 1231 nem
1117 1170 1204 1247 quod¹
1218 1172 1261 1236 ita

151 1281 267 1342 semper
281 1262 321 1321 ad
334 1262 514 1340 voluptatem
529 1261 641 1320 dictum
659 1259 727 1330 fuit,
739 1259 770 1319 id
792 1279 860 1322 vero
882 1259 1029 1323 civitatem
1045 1271 1175 1323 nostrum
1198 1263 1260 1326 huc

151 1355 292 1434 redegit,
307 1354 377 1415 Nou
391 1353 525 1415 sinitros
537 1351 726 1437 jurisjurandi
738 1351 915 1426 meminisse,
930 1352 1011 1430 quod
1030 1353 1156 1432 majores
1172 1356 1258 1420 vestri
1348 1425 1351 1432 Ι

148 1449 335 1529 juraverunt,
349 1466 409 1506 nou
423 1446 640 1518 exsecrationis,
656 1464 717 1504 non
733 1445 856 1507 oraculi.
1082 1498 1083 1504 ,

195 1543 248 1600 41.
268 1540 334 1599 Nos
346 1540 446 1619 igitur,
468 1539 676 1610 Athenienses,
690 1543 810 1619 propter
830 1538 888 1598 hoc
906 1537 1155 1617 plebiscitumhic
1175 1560 1260 1608 man-

155 1634 258 1706 simus,
271 1643 303 1692 at
317 1651 390 1692 ¹vero
405 1630 510 1711 reliqui
531 1630 765 1712 Amphictyones
780 1631 819 1692 nd
833 1629 923 1711 Pylas
938 1619 1140 1710 convenerunt
1152 1643 1259 1712 preter

155 1713 246 1806 unam
259 1725 418 1797 civitatem,
439 1728 522 1800 cujus
535 1744 591 1804 ego
605 1742 702 1802 neque
715 1743 824 1782 nomeu
842 1723 1002 1802 proferam,
1017 1735 1048 1786 et
1061 1725 1139 1789 absit
1157 1745 1259 1805 precor

153 1828 189 1878 ut
203 1817 376 1898 Graecorum
390 1818 527 1896 cuiquam
540 1815 777 1901 similissaceidat
789 1815 949 1876 calamitas.
972 1817 1075 1896 ibique
1088 1820 1262 1900 cougregsti

155 1911 317 1994 exercitum
335 1912 367 1970 iu
380 1911 608 1991 Amphissenses
623 1909 792 1972 ducendum
806 1920 994 1980 censuerunt,
1010 1919 1042 1970 et
1054 1909 1262 1990 imperatorem

154 2004 293 2084 legerunt
305 2003 486 2084 Cottyphum
500 2003 581 2089 illum
597 2002 788 2076 Pharsalicus,
802 2003 854 2083 qui
867 2013 930 2068 tum
940 2004 1103 2070 sententias
1114 2003 1264 2083 suffragiis

157 2098 344 2178 subjiciebat,
356 2117 415 2174 quo
435 2107 565 2176 tempore
584 2116 644 2177 nou
665 2106 729 2156 erat
747 2098 778 2156 in
802 2095 982 2162 Macedonia
1001 2095 1166 2176 Philippus,
1187 2099 1263 2175 quin

156 2209 195 2250 ne
208 2191 240 2250 in
254 2190 374 2251 Graecia
386 2189 515 2268 quidem,
526 2189 582 2252 sed
595 2190 626 2248 in
640 2190 763 2270 Scythia
775 2191 945 2250 versabatur
959 2189 1034 2264 aden
1048 2189 1138 2268 longe,
1149 2190 1261 2264 ,abhinn

156 2293 297 2355 remotus,
311 2302 400 2361 quem
413 2291 513 2343 minen
527 2301 594 2340 mox
607 2282 730 2342 audebit
738 2283 836 2342 dicere
848 2282 1067 2345 Demosthenes
1075 2283 1261 2361 impudenter

158 2396 243 2444 arne
263 2395 330 2436 esse
350 2376 381 2435 in
396 2373 523 2435 Grecos
543 2374 716 2438 immissum.
752 2376 799 2434 Ac
822 2374 922 2453 prima
937 2367 1061 2453 quidem?
1074 2374 1264 2453 expeditione

156 2469 283 2531 victores
306 2467 393 2545 valde
416 2488 449 2527 se
469 2467 638 2534 moderatos
662 2467 693 2527 in
714 2467 941 2547 Amphissenses
964 2468 1164 2547 prebuerunt
1181 2511 1189 2529 ι.
1203 2468 1263 2533 Pro

158 2561 350 2634 atrocissimis
376 2560 453 2619 enim
476 2561 587 2641 injuriis
610 2562 744 2639 pecuniis
765 2571 881 2621 tantum
902 2581 953 2627 eos
975 2562 1264 2642 mulctarunt„,quns

156 2654 319 2734 prestituto
334 2663 466 2732 tempore
479 2652 536 2711 deo
551 2652 677 2730 persolvi
688 2653 894 2726 decreverunt,
907 2664 938 2712 et
950 2654 1112 2721 sceleratos
1123 2656 1265 2718 commis-

156 2755 318 2826 'surumque
332 2747 493 2805 sucinorum
504 2755 638 2809 auctores
652 2748 826 2823 abegerunt,
840 2767 891 2807 eos
902 2768 971 2807 vero
982 2748 1159 2827 *quipietstis
1171 2768 1265 2817 oense

157 2842 350 2921 profugerant
363 2849 546 2899 revocarunt.
575 2838 636 2897 Sed
649 2858 716 2897 cum
731 2840 774 2911 illi
788 2836 1130 2919 nequepeouuintndno¹
1148 2843 1265 2920 pessel,

106 2988 116 3009 ,
158 2943 273 3003 retent,
286 2932 443 3001 sceleratos
457 2942 554 2996 nutem
568 2932 764 3003 restituerent,
779 2945 808 2991 et
823 2932 892 3010 pios·
901 2933 971 2994 illos·
986 2933 1117 2999 hominos
1130 2936 1265 3001 ebAtns,

158 3026 366 3105 phictyouibus
379 3034 532 3085 revocatos
545 3024 694 3099 ejicerent,
703 3025 766 3103 jam
780 3036 842 3093 tum
858 3025 982 3091 nemum
992 3025 1027 3086 iu.
1037 3025 1266 3103 Amnhlttensee

159 3120 254 3180 aciem
265 3119 473 3188 instruxerunt,
486 3138 555 3177 cum
568 3117 658 3195 longo
678 3128 747 3196 post
768 3118 971 3187 interuallonb
986 3117 1173 3196 expeditione
1188 3120 1267 3199 sup,

158 3212 242 3272 tbica
253 3212 455 3290 regrederetur
479 3210 791 3289 Philippuscumque,
806 3211 1003 3281 defendendis
1020 3212 1167 3289 religionis
1182 3212 1264 3291 prim,

160 3306 292 3385 cipetum
302 3306 342 3365 dii
363 3306 548 3373 immortates,
557 3304 644 3375 nobis
659 3304 858 3378 detulissent„
868 3306 1222 3373 Demostheniseraritis.
1233 3318 1266 3372 et

162 3398 266 3472 sordes
280 3397 471 3460 obstitissent.
1008 3382 1016 3395 ’

202 3494 253 3550 42.
274 3492 316 3550 At
329 3509 389 3550 nou
403 3490 612 3568 predicebam,
626 3508 685 3549 nou
698 3490 1063 3568 praemonstrabantnobis
1076 3490 1117 3550 dii
1130 3500 1166 3564 ut
1177 3512 1266 3562 ceres

160 3604 273 3657 remus,
283 3594 399 3651 tantum
413 3604 474 3646 nou
487 3583 623 3657 humarus
638 3584 764 3646 sceibus
777 3584 972 3663 cloquentest
1001 3585 1268 3665 Nullemunquurn

161 3697 221 3757 ego
235 3668 383 3737 civitatem
396 3678 457 3736 vidi
480 3678 601 3737 deorum
622 3677 761 3755 praesidio
783 3676 927 3756 insignius
942 3679 1093 3752 custodiri,
1107 3680 1144 3745 ab
1165 3689 1266 3743 cretos

160 3769 244 3828 ribus
266 3790 365 3832 rursus
386 3769 564 3847 quibusdam
579 3770 765 3851 pessundari.
803 3769 872 3829 Non
887 3770 958 3829 satis
972 3770 1010 3828 ad
1024 3772 1264 3848 praemonendum

162 3863 281 3922 valebat
301 3871 469 3943 portentum
482 3862 555 3921 illud
579 3863 782 3943 mysteriorum
798 3862 902 3922 diebus
915 3862 1020 3933 visum,
1041 3875 1202 3945 mystarum
1222 3866 1265 3937 in·

162 3956 289 4016 teritus?
310 3956 380 4015 Non
401 3957 439 4016 ob
458 3956 525 4015 haec
554 3954 739 4036 Amyniades
766 3956 943 4034 praedixerat
967 3967 1001 4016 ut
1027 3976 1208 4028 caveremus,
1232 3965 1266 4016 ut

162 4053 262 4109 certos
274 4048 409 4107 homines
423 4047 557 4128 Delphos
568 4051 762 4119 mitteremus,
776 4048 826 4125 qui
840 4048 911 4127 quid
924 4047 1004 4109 facto
1018 4069 1093 4128 opus
1108 4057 1188 4107 esset
1201 4067 1265 4107 ore·

162 4142 264 4201 culum
287 4140 479 4201 scitnreutur:
502 4141 719 4201 Demosthenes
741 4160 809 4201 vero
823 4141 946 4213 obstitit,
969 4162 1037 4201 cum
1060 4140 1196 4217 Pythiam
1220 4154 1265 4221 φι-

164 4235 308 4301 λιππίζειν
332 4234 516 4313 praedicaret,
540 4235 584 4292 vir
601 4233 750 4292 illiberalis
772 4244 802 4293 et
820 4234 876 4293 hnc
898 4254 986 4313 quam
1007 4234 1033 4293 ei
1054 4232 1130 4291 datis
1148 4232 1266 4293 licentia

160 4327 323 4394 insolenter
335 4328 534 4406 perfrueruet
545 4326 685 4389 inflatus?
706 4324 860 4389 Postremo
871 4325 1265 4399 uounehostiis-nunlitntis,

161 4439 225 4479 nou
239 4418 463 4491 addicentibus,
480 4420 586 4482 milites
610 4419 649 4479 sd
670 4420 860 4486 menifestum
884 4421 963 4482 misit
983 4418 1262 4499 ,uitmpsriuulnmit
