2967 4950
242 341 302 398 5⁷4
321 333 541 398 intensus
567 321 1276 430 Nuustuuuttuituu'xeuorluuutt.

282 496 312 555 5.
333 491 378 553 Ut
397 500 496 554 autern
509 485 917 567 intelligetissAtlrenienres,
930 487 973 548 eis
992 502 1052 545 ιιοιι
1068 483 1162 546 modo
1173 503 1254 543 sune
1267 483 1346 563 injno'

242 585 315 648 rien
326 604 394 646 non·
402 571 473 654 fieri.
484 583 541 644 sed
554 593 587 642 et
596 580 665 644 illos
677 580 761 660 ipsos
772 581 859 645 ιιοιιιι
869 591 976 641 contre
988 585 1090 640 omues
1103 578 1187 656 leges
1195 578 1348 637 incessere

242 677 403 757 muntium,
422 685 494 738 eern'
513 693 630 754 quoque
652 673 751 752 legem
772 673 857 736 robis
880 672 1022 743 recitabo,
1045 688 1113 749 que
1136 679 1239 749 sperte
1260 669 1348 741 ιιοιι,

212 770 278 844 ,ιι
311 767 644 850 quinquennium
664 765 939 844 preterierit,
971 783 1046 824 nec
1072 764 1110 824 in
1143 760 1348 842 judiciuin

235 862 443 934 'venerint
476 879 557 923 uum
589 858 766 940 pupillis
792 867 913 938 egero
942 875 1019 918 non
1047 856 1178 916 licere
1204 873 1348 914 esrum

243 974 488 1034 rerumque
520 953 571 1016 ed
605 951 777 1016 tutelam
803 951 1035 1014 attineant.
1083 948 1184 1010 Etiam
1208 946 1349 1008 helen

242 1048 326 1114 robis
351 1047 528 1113 euehitur

746 1235 844 1296 Lux,

245 1393 373 1470 Auditis,
396 1396 601 1468 Athenienses,
626 1396 722 1478 legem
747 1395 845 1474 palam
873 1394 981 1464 dicere,
1005 1390 1084 1454 nisi
1107 1389 1349 1468 intraqnirs

244 1487 461 1565 quennium
480 1489 759 1568 egerintpost
776 1507 859 1548 ιιοιι
875 1487 1006 1548 licere
1025 1485 1351 1568 agereiAtquiegi

245 1598 322 1650 mus,
332 1578 478 1656 inquient
498 1579 559 1638 Sed
570 1578 658 1638 iidem
671 1589 701 1639 et
710 1578 911 1657 transegistis.
924 1578 1047 1659 proinde
1056 1579 1141 1640 robis
1153 1596 1254 1638 rursus
1267 1577 1351 1638 ectio

246 1655 347 1729 dende
365 1688 425 1729 ιιοιι
444 1680 499 1730 est.
541 1670 705 1749 Alioquin
698 1670 830 1750 iniquum
845 1670 942 1742 luerit,
955 1690 1022 1744 curn
1045 1669 1093 1729 lex
1106 1669 1224 1749 pupillis
1237 1668 1349 1747 prime·

247 1780 312 1820 rum
333 1760 422 1820 etiam
442 1761 611 1842 injuriarum
636 1771 721 1824 extre
742 1760 973 1844 quinquennium
997 1761 1143 1821 actionem
1164 1781 1224 1820 non
1243 1760 1325 1821 det
1316 1779 1349 1820 ιιι

246 1863 355 1914 tutores
369 1853 423 1932 qui·
439 1873 500 1913 ιιοιι
519 1853 646 1914 absoluti
667 1863 746 1926 sunt,
757 1873 810 1913 vos
825 1863 928 1913 contra
946 1872 1000 1913 nos
1021 1853 1138 1912 illorum
1158 1852 1276 1927 filios,'
1258 1871 1294 1912 ιιι
1308 1851 1349 1911 de

126 2001 130 2004 ,
245 1948 332 2008 reim
345 1952 418 2026 quer
432 1945 698 2026 iositrensegistis,
710 1941 853 2025 'vigesimo
866 1959 947 2007 nunc
961 1961 1040 2005 runo
1048 1943 1259 2024 jospersequi.

287 2039 317 2098 6.
338 2037 435 2098 Audio
447 2049 548 2098 sutem
561 2057 613 2098 ees
627 2051 723 2098 rerum·
740 2038 870 2116 ipserum
884 2048 915 2097 et
928 2037 1028 2116 legum
1043 2036 1112 2115 J'nrn
1128 2036 1350 2098 declinaturque

246 2130 376 2195 dicturos
389 2141 499 2204 nutem,
507 2147 645 2209 magnam
657 2129 712 2189 sibi
721 2129 879 2209 pecuniam
893 2129 1035 2202 relictum,
1046 2146 1144 2207 euque
1153 2147 1186 2188 se
1196 2128 1352 2188 imudntos

228 2229 324 2295 esse,
345 2232 376 2282 et
396 2231 570 2300 argumento
591 2241 705 2294 usuros,
727 2222 930 2300 magnitudine
946 2221 1074 2282 ιιοιιοιιιι
1093 2236 1181 2299 m
1206 2221 1246 2279 uls
1266 2219 1352 2281 ιιιιιο

246 2315 438 2382 insumatur,
458 2325 490 2375 et
509 2314 665 2374 sulutem
689 2309 904 2393 deploremus,
927 2325 959 2374 et
980 2312 1066 2373 illum-
1081 2313 1185 2373 turdo
1205 2309 1351 2372 ιιιιοιιιιιι

247 2416 423 2481 ιιιιιιιιιοι,
442 2426 538 2488 enque
556 2427 625 2468 esse
644 2407 792 2488 presidis,
803 2408 912 2488 quibus
931 2407 1072 2480 nituntur,
1085 2407 1251 2487 quibusque
1261 2422 1318 2467 ros
1330 2425 1351 2466 n

181 2496 184 2511 '
248 2520 282 2562 se
295 2520 383 2591 posse
398 2500 493 2581 decipi
512 2511 641 2581 sperent.
684 2502 749 2580 Ego
762 2516 832 2560 vero
845 2518 884 2561 eu
892 2500 997 2581 judicii
1010 2510 1073 2559 turn
1083 2500 1189 2563 dictet}
1200 2499 1354 2578 magnitu-

151 2642 159 2661 ,Ἰ
219 2602 225 2617 “
247 2594 317 2653 dine
336 2593 434 2673 majus
454 2592 539 2653 nobis
565 2605 771 2672 argumentum
792 2592 974 2672 suppeditari
991 2602 1074 2672 puto.
1094 2602 1206 2671 putrem
1224 2596 1287 2650 turn
1299 2603 1354 2651 cr·-

248 2685 359 2748 lumnie
371 2686 495 2765 petitum
509 2706 586 2757 esse,
602 2706 691 2765 quem
711 2687 775 2746 istis
798 2687 896 2746 multis
918 2682 970 2746 eos
986 2686 1140 2751 irnudetoe
1160 2701 1238 2744 esse.
1272 2684 1356 2744 llum

249 2778 299 2857 qni
314 2779 466 2857 octoginta
487 2779 542 2838 sibi
568 2778 675 2838 deberi'
686 2778 800 2837 talenta
817 2779 971 2838 ostendere
990 2778 1095 2857 possit,
1114 2778 1207 2837 tribus
1221 2775 1353 2855 acceptis

249 2887 338 2928 nemo
353 2887 420 2929 cum
435 2888 485 2927 reo
501 2868 693 2947 transegerit:
715 2880 806 2929 tnntse
819 2877 924 2929 nutem
934 2870 1066 2949 pecunius
1079 2879 1236 2929 accusatus
1249 2867 1353 2927 tutelse

251 2961 380 3031 nomine,
395 2980 482 3026 nemo
495 2971 551 3032 est,
566 2960 637 3045 quin
662 2961 756 3020 tribus
774 2961 891 3022 talentis
908 2962 995 3035 detis,
1007 2960 1170 3041 periculum
1195 2960 1354 3021 redimeret

250 3063 371 3137 propter
385 3073 435 3115 ces
449 3054 657 3135 praerogativas
672 3073 746 3135 ques
760 3064 822 3113 tum
836 3054 885 3113 isti
904 3066 1009 3134 netum
1020 3054 1181 3113 habebant.
1223 3049 1300 3112 Nem
1323 3061 1355 3112 et

249 3146 362 3227 pupilli,
377 3157 408 3207 et
421 3146 636 3219 adolescentes,
650 3156 680 3206 et
694 3144 797 3224 quales
811 3156 920 3218 essent,
939 3143 1032 3227 ignoti
1047 3155 1145 3209 erent:
1167 3166 1234 3224 qure
1248 3164 1352 3205 omnes

253 3237 337 3301 ιιιιιιι
350 3239 429 3319 apud
443 3258 495 3299 vos
509 3238 625 3319 optimis
640 3238 806 3318 quibusque
820 3239 916 3316 causis
930 3238 998 3318 plns
1012 3238 1120 3298 valere.
1160 3307 1164 3313 Δ

291 3330 321 3386 7.
335 3331 432 3409 Atque
446 3328 519 3388 illud
535 3330 622 3389 ctiam
637 3350 682 3389 me
698 3330 780 3389 vobis
792 3340 978 3389 ostensurum
990 3340 1074 3409 puto,
1084 3350 1138 3391 ves
1152 3331 1194 3390 eis
1208 3329 1246 3389 de
1260 3329 1355 3390 tutela

252 3420 420 3480 dicentibus
440 3421 551 3500 aliquid
575 3442 660 3483 aures
681 3424 810 3501 praebere
833 3429 892 3482 ndo
913 3434 1057 3500 oportere.
1095 3424 1126 3482 Si
1141 3410 1210 3502 quis
1221 3422 1296 3481 enim
1311 3420 1354 3483 cis

251 3513 393 3592 largiatur
406 3512 527 3573 effectos
541 3532 592 3574 eos
606 3534 672 3574 esse
686 3515 796 3589 injuriis
811 3534 899 3594 quem
913 3514 975 3572 fieri
989 3526 1088 3593 potest
1102 3514 1238 3574 maximis
1258 3514 1354 3592 deque

252 3605 299 3665 his
313 3625 391 3665 nunc
403 3605 501 3664 omnia
510 3624 577 3664 vere
590 3605 731 3677 dicturos,
744 3606 819 3681 illud
831 3626 882 3665 vos
895 3605 1000 3687 opinor
1013 3626 1115 3666 omnes
1125 3606 1285 3676 fateamini,
1297 3625 1353 3664 usu

253 3697 368 3758 venisse
385 3702 447 3772 J‘em
461 3696 635 3775 quibusdem
656 3707 690 3755 ut
711 3698 868 3777 majoribus
887 3698 999 3778 injuriis
1015 3718 1102 3777 quam
1121 3698 1297 3778 pecuniarioe
1309 3716 1355 3757 re·

253 3788 349 3850 tiones
361 3808 427 3849 esse
440 3798 550 3867 queunt
561 3788 756 3852 efficerentur.
796 3789 877 3848 -Nem
888 3799 921 3847 et
931 3782 1061 3847 forulos
1068 3781 1168 3848 codes
1179 3790 1264 3861 flunt,
1272 3783 1307 3848 'et
1318 3806 1356 3848 ee

253 3883 478 3961 violenturquoe
493 3902 551 3941 non
572 3892 706 3961 oportet:
728 3891 759 3941 ct
781 3882 874 3941 multe
897 3884 961 3959 ejus
983 3879 1100 3958 generis
1121 3874 1254 3941 incinere
1273 3876 1356 3940 c'dut·

254 3976 427 4035 mittuntur:
450 3973 504 4033 sed
519 3984 615 4033 tumen
628 3974 733 4033 horum
745 3972 876 4045 omnium
890 3973 1030 4033 terminus
1049 3985 1080 4033 et
1098 3974 1263 4052 sedslnctid
1275 3973 1356 4033 rests

254 4067 397 4146 prefinito
422 4076 470 4126 est
491 4066 612 4137 heqer
632 4086 716 4125 cnm
743 4066 983 4124 edversario
1004 4068 1299 4145 transegerint,
1326 4078 1359 4140 qt

253 4161 311 4220 hoc
321 4160 371 4239 J'ns
383 4169 501 4219 tuntum
515 4158 544 4217 ιιι
556 4157 691 4217 omnibus
705 4159 795 4230 ualet,
808 4169 852 4228 ut,
863 4160 889 4217 si
901 4160 970 4236 quis
983 4158 1108 4237 aliquem
1123 4160 1252 4220 fortuite
1266 4159 1358 4219 cedis

254 4252 413 4313 convicerit
426 4260 457 4313 et
469 4252 622 4330 perspicue
637 4250 843 4311 demonstrarit
854 4270 921 4312 esse
934 4252 1122 4332 pollutum,
1102 4262 1133 4312 et
1145 4263 1246 4331 poster
1257 4263 1358 4313 temen

255 4344 392 4423 placitus
405 4360 472 4403 cum
485 4343 609 4407 missum
622 4343 733 4415 iecerit,
750 4343 883 4423 ejusdem
901 4343 1039 4423 ejiciendi
1058 4353 1234 4432 potestatem
1253 4353 1359 4425 posteo

256 4458 315 4498 non
329 4438 444 4499 habeat
487 4436 584 4499 Cum'
578 4428 664 4515 igitur
679 4437 800 4515 quando
817 4438 857 4497 de
877 4438 940 4496 rite
957 4438 1137 4516 summisque
1156 4427 1243 4498 mltos
1261 4439 1361 4515 egitur
