2967 4950
208 324 268 389 eos
326 406 333 413 .
479 324 699 389 inversus
720 314 1007 387 rasurarum·

618 541 881 605 DESCRIPTIO.

245 690 275 749 6.
296 687 363 754 Quo
385 685 473 765 igitur
495 686 553 745 alio
575 696 662 765 pacto
683 707 734 767 per
755 687 828 749 deos
847 698 878 749 et
895 687 998 767 genios
1013 683 1228 747 ostendendum
1241 693 1301 757 est,

203 780 222 852 J
227 776 338 853 udices,
352 779 443 839 teneri
456 776 648 859 Phaenippum
658 777 702 839 his
717 799 783 859 quae
795 782 873 841 lecta
883 790 960 852 sunt,
972 798 1061 859 quam
1073 798 1132 858 quo
1145 797 1202 857 ego
1212 784 1301 857 pacto

204 894 284 935 nunc
298 870 441 933 ostendol
473 872 533 952 Sed
547 883 644 931 tamen
656 872 784 933 vicissim
798 885 918 953 questus
929 884 976 933 est
988 871 1169 951 Phaenippus
1182 888 1230 929 me
1239 889 1301 929 non

203 977 282 1029 recte
301 963 432 1026 indicare
452 984 512 1023 rem
522 964 818 1041 ,familiarem-adeo
831 965 916 1025 tacite
930 964 978 1025 isti
992 964 1132 1043 apudvos
1153 961 1301 1022 mentiun-

203 1068 302 1130 tur-,
310 1066 341 1117 et
350 1066 473 1117 accusat
482 1055 697 1135 jusjurandum,
712 1050 793 1136 quod
806 1067 875 1117 ante
885 1055 1111 1117 declarationem
1123 1051 1205 1125 dedi,
1218 1052 1302 1131 quod
1399 1110 1405 1133 ,

204 1151 332 1229 exceptis
346 1148 380 1209 iis
400 1169 465 1228 quse
480 1147 510 1206 in
530 1147 636 1209 fodinis
652 1150 789 1209 haberem
802 1149 928 1229 reliquas
942 1168 1013 1229 opes
1028 1148 1222 1207 indicaturum
1233 1164 1302 1205 esse

203 1262 251 1302 me
265 1262 331 1302 sum
340 1240 498 1321 pollicitus,
511 1240 596 1319 quasi
609 1260 678 1301 vero
692 1241 730 1301 ad
744 1242 841 1321 legum
851 1242 1053 1321 praescriptum
1062 1240 1173 1320 jurare,
1187 1235 1217 1296 id
1231 1257 1301 1299 vero

203 1334 242 1393 sit
263 1332 450 1394 accusatione
468 1331 601 1408 dignum.
642 1332 704 1393 Vos
724 1345 823 1394 autem
842 1336 942 1407 nostis,
966 1331 1196 1403 ludicen-vos
1220 1330 1300 1389 enim

118 1478 120 1482 .
202 1424 362 1499 tulistis-,
371 1426 477 1504 legem,
491 1442 557 1502 quae
570 1443 687 1503 prorsus
710 1425 751 1487 ita
768 1426 906 1507 loquitur,
919 1445 970 1486 eos
984 1425 1034 1505 qui
1047 1426 1121 1485 inter
1134 1444 1166 1483 se
1179 1442 1299 1503 permu-

202 1528 277 1593 tant,
290 1539 358 1581 curn
378 1517 447 1578 dato
462 1516 655 1597 jurejurando
675 1540 744 1581 suas
762 1541 833 1601 opes
853 1520 1016 1592 iudicarint,
1031 1520 1120 1581 etiam
1132 1518 1190 1579 hoc
1199 1520 1301 1599 jurare

202 1610 319 1684 debere,
341 1610 493 1671 declaro
527 1630 618 1691 opes
646 1632 744 1673 mess
771 1623 881 1675 recte
906 1623 942 1673 et
963 1613 1086 1693 juste,
1111 1610 1159 1670 iis
1192 1632 1299 1673 exce·

201 1705 283 1785 ptis
302 1696 392 1783 ¹quaa
423 1703 459 1762 in
487 1704 799 1783 argentifodinis
832 1715 935 1780 sunt,
958 1725 1031 1785 quas
1049 1705 1133 1785 leges
1154 1703 1299 1765 immunes

201 1796 343 1857 lecerunt.
385 1794 446 1855 Sed
458 1795 555 1876 legem
567 1798 664 1877 potius
682 1798 776 1879 ipsam
795 1799 896 1860 recita.

633 2082 641 2099 .
705 1992 800 2067 nux.

199 2161 201 2167 ’
241 2160 271 2221 7.
284 2158 397 2220 Verum·
407 2157 561 2239 paululum
574 2178 676 2239 quaeso
690 2156 784 2220 differ.
806 2156 871 2239 Ego
884 2169 915 2219 et
926 2146 1006 2238 prins
1020 2158 1112 2219 obtuli
1123 2158 1297 2240 Phaenippo,

199 2262 231 2313 et
243 2272 333 2325 nunc,
346 2252 480 2323 dudices,
494 2252 521 2311 ei
535 2252 614 2313 dono
628 2250 678 2325 do,
693 2261 723 2312 et
737 2253 812 2313 cedo
825 2268 893 2312 cum
909 2251 1026 2331 reliquis
1040 2252 1134 2323 bonis,
1148 2253 1236 2312 etiam
1249 2272 1297 2312 ar-

199 2343 399 2427 gentifodinis,
413 2344 438 2403 si
451 2343 521 2402 mihi
534 2343 630 2404 solum
644 2344 768 2404 landum
786 2344 910 2405 libemm
924 2344 1085 2416 tradiderit,
1098 2354 1135 2416 ut
1146 2343 1211 2415 luit,
1226 2363 1296 2403 cum

198 2425 259 2516 ego
266 2436 391 2518 primum
412 2436 443 2496 in
462 2456 530 2497 eum
543 2436 609 2497 veui
624 2435 748 2497 testibus
762 2437 908 2510 adhibitis,
922 2446 962 2508 et,
975 2447 1116 2517 quantum
1131 2456 1168 2498 ex
1182 2434 1296 2497 aedibus
1357 2428 1360 2438 ’

197 2529 335 2589 frumenti
348 2539 380 2589 et
393 2528 451 2588 vini
465 2529 573 2598 evexit,
587 2538 619 2589 et
633 2540 742 2589 coetera
755 2550 822 2609 quie
835 2529 961 2588 sublatis
982 2529 1100 2609 signisa
1114 2529 1224 2588 lonhus
1241 2530 1298 2588 ab·

198 2620 290 2694 stulit,
305 2641 340 2682 ea
354 2623 384 2681 in
402 2622 527 2682 eundem
547 2622 644 2684 locum
663 2623 831 2682 restituerit.
872 2621 912 2680 lit
926 2621 997 2699 quid
1014 2621 1112 2681 dicere
1125 2630 1156 2681 et
1168 2620 1296 2681 clamare

197 2713 318 2792 pergis?
346 2713 443 2774 Multa
458 2733 514 2794 ego
527 2714 607 2795 prius
621 2733 658 2774 er
673 2712 906 2792 argentifodinis,
918 2712 1088 2793 Phanippe,
1102 2721 1218 2792 meopte
1231 2730 1298 2772 cor·

196 2824 268 2886 pore
285 2805 422 2867 laborans
437 2818 467 2866 et
481 2807 650 2886 quaeritans,
666 2806 781 2886 collegi,
796 2805 908 2866 fateor:
929 2825 1008 2865 nuno
1029 2825 1108 2877 vero,
1121 2805 1223 2885 paucis
1244 2824 1296 2864 ex·

197 2898 299 2978 ceptis,
320 2901 418 2960 omnia
434 2899 562 2980 perdidi.
604 2901 649 2958 Tu
669 2919 748 2972 vero,
772 2920 789 2958 e
812 2898 905 2960 fundo
926 2909 978 2960 tuo
997 2899 1128 2960 vendens
1148 2898 1295 2959 hordeum

196 2991 358 3052 octodecim
371 2991 516 3053 drachmis
530 3001 561 3052 et
574 2993 672 3052 viuum
683 2992 841 3052 duodecim
852 2992 1009 3064 drachmis,
1022 3012 1082 3053 non
1102 2993 1140 3051 ab
1156 3011 1188 3051 re
1210 2989 1294 3051 dives

194 3104 238 3157 es,
252 3085 277 3144 si
290 3076 427 3146 frumenti
448 3084 611 3146 medimnos
630 3085 733 3146 leceris
752 3084 875 3165 amplius
893 3085 982 3157 mille,
1005 3084 1062 3145 vini
1081 3094 1218 3145 metretas
1231 3104 1294 3144 am·

194 3176 272 3254 plius
296 3179 489 3258 octingentas.
522 3178 675 3259 ¹Nunquid
699 3178 786 3258 igitur
813 3178 941 3238 eundem
964 3197 1018 3237 nos
1042 3177 1172 3237 ordinem
1193 3187 1293 3238 tenere

154 3267 156 3270 ’
195 3268 290 3342 decet,
304 3291 371 3332 cum
392 3292 472 3331 nunc
493 3271 550 3332 alia
564 3271 593 3330 in
608 3272 727 3331 fortuna
748 3272 839 3330 simus
852 3289 940 3351 qnam
957 3269 1066 3330 antea?
1087 3269 1293 3350 Nequaquam,

193 3379 252 3421 non
267 3362 463 3442 euimjustum
476 3362 579 3423 luerit.
622 3363 757 3423 Succede
778 3372 809 3422 et
829 3372 872 3438 tu,
893 3372 957 3422 esto
978 3362 1017 3422 ad
1037 3381 1158 3443 parvum
1175 3371 1293 3442 tempus

193 3453 223 3512 iri
239 3453 333 3514 classe
354 3474 476 3514 munera
498 3455 680 3528 obeuntium,
692 3465 845 3535 postquam
865 3473 932 3514 cum
955 3455 1108 3516 metallicis
1130 3455 1208 3517 mdc
1230 3455 1293 3536 agi-

193 3557 250 3619 tur,
272 3567 325 3609 vos
352 3557 449 3610 autem
472 3548 610 3630 agricolae
633 3549 750 3609 ditiores
773 3549 856 3622 estis,
878 3568 966 3628 quam
991 3549 1155 3630 oportebat.
1211 3548 1292 3610 Satis

193 3640 272 3700 enim
294 3640 344 3701 diu
367 3640 481 3702 duobus
504 3641 685 3722 patrimoniis
708 3642 824 3715 frueris,
840 3641 930 3702 altero
950 3643 1091 3702 naturalis
1113 3641 1205 3723 patris
1221 3642 1294 3703 cal-

192 3733 273 3814 lippi,
287 3734 378 3796 altero
393 3735 524 3816 adoptivi
538 3732 709 3794 Philostrati
729 3734 872 3794 oratoris:
894 3753 991 3812 neque
1004 3733 1049 3794 his
1063 3753 1194 3815 unquam
1206 3734 1292 3813 quic·

192 3847 281 3908 quam
302 3828 472 3909 praestitisti.
504 3830 557 3888 ·Ac
576 3847 658 3888 meus
673 3828 792 3908 quidem
815 3837 907 3908 pater
922 3827 1046 3906 utrique,
1060 3837 1089 3888 et
1102 3826 1173 3886 mihi
1186 3836 1218 3888 et
1230 3826 1291 3887 lra-

190 3918 236 3991 tri,
248 3921 453 4000 patrimonium
467 3919 582 3999 reliquit
594 3918 790 3999 quadraginta
801 3918 929 4000 quinque
940 3919 1093 3991 minarum,
1105 3919 1186 3978 unde
1199 3919 1290 3979 vitam

119 3999 121 4004 ¹
190 4022 353 4074 sustentare
379 4013 459 4074 haud
483 4011 571 4072 facile
595 4022 660 4072 est:
692 4013 735 4071 tui
755 4032 824 4072 vero
841 4022 938 4091 patres
956 4021 1069 4072 tantam
1087 4010 1216 4070 hahue‘re
1238 4031 1292 4092 pe-

190 4107 318 4178 cuniam,
340 4116 376 4166 ut
401 4117 524 4186 uterque
551 4105 694 4186 tripodem
725 4104 877 4177 dedicarit,
897 4105 927 4163 in
947 4102 1175 4164 Bacchanalium
1195 4103 1289 4162 oedili·

187 4209 248 4260 tate
262 4201 363 4262 victor.
404 4201 509 4280 Neque
525 4217 594 4258 vero
609 4197 745 4257 invideo:
767 4197 878 4272 debent
898 4195 974 4256 enim
998 4217 1016 4256 a
1038 4195 1175 4256 divitibus
1191 4195 1289 4275 juvari

189 4293 278 4355 cives.
326 4294 371 4352 Tu
390 4305 488 4354 autem
507 4303 536 4352 te
561 4291 685 4352 ostende
708 4291 756 4351 vel
777 4309 868 4349 unum
889 4288 1051 4349 teruncium
1070 4289 1101 4347 in
1128 4287 1288 4367 rempubli-

187 4405 253 4446 cam
276 4385 445 4458 contulisse,
461 4385 511 4466 qui
532 4384 592 4452 duo
610 4381 750 4442 munifica
770 4379 944 4461 patrimonia
965 4379 1132 4460 suscepisti:
1155 4380 1288 4441 sednon

186 4479 335 4540 ostendes.
377 4478 534 4541 Occultare
550 4475 626 4538 enirn
648 4487 679 4536 et
700 4473 883 4555 tergiversari
897 4483 927 4534 et
940 4471 1013 4534 nihil
1035 4469 1223 4545 nonfacere,
1248 4488 1287 4534 ae
1332 4508 1338 4531 ι
