2967 4950
473 310 695 391 ruvnusus
717 308 948 390 ιοιιιιιιιι,
1200 318 1261 381 ssa
1291 299 1293 302 ’

155 466 286 547 pannis
299 464 384 548 prius
397 478 530 549 accepte,
542 469 613 549 quia
626 479 656 530 et
668 488 752 545 meus
772 469 888 541 loculos
906 468 1077 541 athanatos,
1091 478 1123 532 et
1144 488 1263 553 reppu-

154 560 267 632 blicam
281 580 349 623 esse
372 560 582 641 negligentem,
596 570 628 623 et
648 563 744 638 socios
760 562 920 643 iacuisset
932 561 1023 628 duces
1040 561 1161 635 infidos,
1173 580 1263 645 arque

158 654 322 717 multorum
336 654 469 729 oratioue
483 655 600 736 decepti
611 665 719 731 esseut,
732 666 764 727 et
777 654 954 717 trierarcbisr
971 665 1088 735 tempus
1096 655 1161 735 Jam
1173 657 1263 732 exire,
1301 675 1306 683 ·

156 767 254 829 neque
266 746 387 809 domum
401 748 494 829 parari
507 749 644 823 reditum,
658 769 755 829 neque
766 768 968 832 successorem
980 749 1078 820 venire
1092 749 1131 809 ad
1145 768 1262 822 nvem,
1342 774 1345 782 ·

157 859 260 919 aquo
281 840 392 921 aliquid
414 842 479 921 opis
501 841 611 921 sperari
632 851 683 901 aut
705 842 854 921 impetrari
873 840 1153 921 posset‚'videbant.
1173 868 1176 874 ’
1194 841 1262 911 Qun

158 933 243 1008 enirn
265 933 427 1009 studiosius
450 944 480 993 et
501 934 603 995 melius
625 953 728 995 navem
743 934 829 1005 bonis
846 935 1003 1014 remigibus
1017 935 1205 1015 completam.
1225 954 1262 1001 ea

159 1046 213 1085 me
227 1025 323 1104 plures
337 1046 427 1105 quam
439 1026 532 1099 ullum
547 1027 635 1099 alium
653 1028 825 1106 praefectnm
840 1028 1043 1092 desemerunt.
1078 1028 1157 1089 Nam
1171 1035 1263 1088 cete,
1332 1021 1336 1031 ’

162 1118 217 1193 ris,
231 1128 264 1178 ut
272 1109 346 1181 ,nihil
368 1119 460 1193 aliud,
474 1120 579 1182 saltem
592 1121 643 1199 qui
664 1120 859 1182 edelectibus
876 1133 1019 1181 venerant
1039 1122 1078 1182 ad
1096 1142 1203 1194 narem
1216 1140 1264 1183 ιιι

159 1222 336 1286 manserunt
359 1212 486 1287 reditum
504 1213 534 1272 in
553 1212 677 1293 patriam
692 1214 953 1288 sibireservantes,
975 1215 1000 1275 si
1013 1234 1065 1275 eos
1078 1215 1140 1275 dux
1154 1218 1263 1279 missos

156 1303 301 1379 fecisset:
324 1306 381 1365 mei
403 1325 473 1369 vero
492 1316 590 1365 nautre
611 1305 678 1367 freti
697 1326 755 1369 suo
776 1308 880 1368 robore
892 1316 924 1370 et
942 1308 1124 1387 agendarum
1145 1308 1264 1379 navium

156 1398 276 1479 peritia,
291 1417 375 1477 quo
371 1398 402 1457 in
425 1399 492 1473 loco
515 1400 672 1481 plurimum
689 1400 838 1481 accepturi
856 1410 951 1475 erant,
963 1421 1000 1462 ec
1019 1423 1052 1463 ιι
1064 1402 1263 1477 contulerunt,
1310 1442 1317 1450 ι

158 1492 362 1567 existimantes
386 1502 546 1573 praesentes
577 1493 677 1573 copias
701 1494 771 1573 pius
789 1494 886 1559 vaiere'
908 1494 1100 1600 impendente
1120 1504 1211 1570 metu,
1237 1495 1264 1566 si

156 1584 281 1663 quande
295 1604 313 1645 a
326 1604 373 1643 me
386 1584 560 1663 deprehensi
574 1594 682 1659 essent.
724 1586 845 1655 Quum
837 1587 922 1666 igitur
936 1588 966 1647 in
983 1607 1020 1649 eo
1039 1588 1107 1650 loco
1128 1608 1175 1648 res
1189 1607 1263 1658 ιιιιιι

157 1686 272 1755 esseut,
283 1687 315 1737 et
328 1676 414 1738 simul
435 1677 494 1741 dux
508 1671 715 1751 Timomachus
730 1678 802 1751 mihi
819 1679 990 1741 mandasset
1006 1689 1040 1741 nt
1057 1678 1096 1741 ad
1108 1682 1263 1761 Templum

157 1770 330 1849 navigarem
343 1770 523 1849 perducendi
546 1770 682 1847 frumenti
700 1771 795 1850 gratia
810 1791 867 1831 nec
880 1772 1056 1852 stipendium
1077 1774 1213 1849 solveret,
1226 1794 1264 1844 ac

156 1863 280 1943 insuper
304 1863 473 1933 nunciatum
488 1874 578 1937 essct,
592 1858 749 1949 Byzantios
767 1874 800 1925 et
820 1864 1038 1931 Calchedonius
1059 1886 1158 1929 rursus
1175 1886 1263 1930 exea·

156 1956 369 2037 ptarenavigia
381 1965 412 2017 et
424 1957 543 2035 adigere
557 1957 594 2017 ad
609 1959 788 2021 frumentum
802 1958 1031 2031 exonerandum,
1039 1970 1191 2023 mutuatus
1204 1978 1263 2040 ega
1322 1968 1325 1973 '

131 2032 180 2113 'a
201 2048 377 2115 Charidemo
399 2050 619 2148 Anaphlystio
619 2050 787 2130 quindecim
806 2050 899 2111 minas
920 2049 1042 2124 foenore,
1060 2050 1263 2130 septingentas

157 2140 316 2207 drachmas
330 2142 369 2203 ad
383 2152 501 2203 octavas
514 2160 619 2205 usuras
633 2163 652 2202 a
665 2144 791 2224 Nicippo
805 2142 984 2204 naviculario
999 2142 1096 2204 navali
1109 2152 1263 2213 contractu

160 2234 276 2313 accepi,
290 2234 342 2313 qui
365 2234 442 2295 Sesti
462 2245 534 2308 erat,
548 2256 584 2299 ea
603 2236 826 2311 conditione,
803 2256 828 2297 ιι
846 2235 930 2297 nauis
951 2235 1105 2298 incolumis
1128 2234 1263 2307 Athenas

158 2327 296 2403 redisset,
311 2337 344 2389 ιιι
356 2328 384 2403 ci
398 2338 427 2391 ιι
439 2339 549 2391 sortem
563 2339 594 2390 et
605 2330 890 2398 usurasuedderemr
911 2330 1063 2409 missuque
1077 2329 1263 2390 Euctemone
1297 2337 1299 2342 '

159 2421 404 2500 seminenturiune
430 2422 635 2504 Lampsacum,
649 2424 776 2504 pecunia
798 2433 829 2489 et
850 2423 943 2498 literis
965 2424 1004 2495 ad
1026 2423 1157 2504 hospites
1172 2422 1262 2504 patris

158 2537 218 2578 mer
210 2517 342 2589 Ηὰιιίι,
331 2539 405 2597 Jussr
397 2518 489 2577 mihi
499 2529 604 2606 nautps
618 2519 794 2590 conducere,
806 2538 896 2597 quam
912 2529 1013 2598 posset
1025 2517 1263 2579 robustissimam

158 2609 224 2690 ipse
248 2619 348 2678 autem
372 2609 450 2674 Sesti
470 2630 519 2677 ruo
520 2619 611 2686 uatus,
625 2611 771 2672 veteribus
789 2611 887 2671 nantis
908 2613 958 2690 qui
972 2622 1180 2680 remanserant
1193 2610 1263 2670 dedi

158 2712 304 2782 quantum
318 2702 409 2782 potui,
430 2715 587 2784 postquam
600 2702 671 2764 mihi
689 2702 872 2784 praefecturae
891 2715 1007 2782 tempus
1024 2703 1131 2778 exibat,
1144 2713 1175 2763 et
1187 2701 1262 2774 alios

159 2805 268 2858 nautas
282 2795 387 2874 integri
409 2795 546 2876 stipendii
566 2795 678 2876 accepi,
692 2796 805 2859 interea
823 2795 894 2856 dum
914 2795 976 2856 dux
992 2795 1210 2874 navigationem
1223 2794 1264 2857 ad

159 2888 304 2968 templum
328 2891 498 2969 apparabat.
540 2890 616 2950 Cum
635 2901 733 2950 autem
756 2889 921 2950 Euctemon
942 2881 1106 2968 Lampsado
1128 2907 1263 2951 reversus

158 2991 267 3054 nautas
278 3001 352 3060 quos
373 2981 555 3058 conduuerat
572 2981 756 3055 adduxisset,
769 3001 804 3042 ac
826 2981 889 3042 dux
904 2982 1059 3042 classicum
1076 3000 1181 3043 canere
1196 2981 1262 3060 jun

161 3073 253 3146 sisset
265 3082 297 3133 ut
310 3073 501 3146 solveremus,
515 3073 622 3150 accidit
632 3083 666 3134 ιιι
679 3074 843 3136 Euctemon
855 3085 976 3154 repente
989 3075 1020 3132 in
1031 3077 1164 3141 morbum
1179 3092 1263 3142 eum·

159 3187 222 3248 que
244 3167 446 3246 gravmsimum
470 3167 622 3238 incideret.
678 3167 756 3228 Eum
783 3167 882 3247 igitur,
908 3166 1024 3248 reddito
1051 3164 1207 3246 stipendio,
1230 3175 1264 3226 ιι

159 3259 263 3330 addito
276 3260 392 3334 viatico,
405 3263 524 3336 domum
538 3260 651 3332 remisi;
672 3269 761 3339 atque
774 3260 850 3339 ipse,
865 3259 922 3322 alio
937 3258 1180 3320 seminenturione
1196 3277 1262 3318 cre-

158 3363 221 3428 ato,
234 3353 309 3414 solvi
324 3354 360 3415 ad
372 3354 549 3426 frumentum
561 3352 791 3434 pervehendum,
805 3353 903 3432 ibique
915 3362 1044 3424 ιιοιιιιιι
1058 3371 1132 3417 sum
1127 3352 1261 3431 quinque

157 3459 191 3512 et
203 3447 400 3528 quadraginta
413 3448 488 3523 dies,
501 3447 597 3508 dunen
610 3467 728 3510 navese
743 3448 839 3510 Ponto
849 3458 917 3528 post
929 3449 1091 3508 Arcturum
1103 3446 1261 3509 solverent.

160 3541 241 3600 Cum
261 3550 358 3602 autem
378 3541 497 3610 Sestum
510 3541 719 3621 pervenissem,
733 3560 792 3620 ego
812 3561 862 3603 me
880 3540 1029 3613 dumnm'
1016 3559 1080 3619 Jam
1100 3539 1262 3611 rediturum

158 3633 312 3713 putabam,
327 3651 394 3710 cum
418 3651 476 3693 non
499 3633 588 3696 modo
608 3643 723 3714 tempus
741 3632 838 3693 mihi
826 3652 890 3712 Jam
904 3642 1039 3693 exactum
1052 3640 1141 3704 esset,
1154 3633 1210 3692 aed
1231 3639 1263 3690 ιι

159 3725 223 3786 duo
237 3745 353 3786 menses
366 3699 404 3787 ad
416 3726 619 3805 prefecturam
633 3725 769 3786 navalem
779 3724 984 3797 accessissent,
999 3733 1030 3784 et
1049 3742 1207 3805 successor
1222 3722 1262 3790 ad

158 3837 266 3882 narem
281 3838 340 3878 non
354 3818 482 3896 veniretur
504 3818 675 3880 durantem
690 3817 907 3891 Timomachus,
920 3837 989 3877 cum
1002 3833 1071 3876 eum
1084 3816 1178 3904 legati
1195 3815 1263 3876 Ma-

159 3909 288 3972 ronitani
301 3910 506 3976 convenissent
520 3931 555 3972 ac
570 3921 723 3991 rogassent
735 3920 770 3971 ιιι
781 3911 986 3990 frumentarias
1003 3929 1073 3971 snas
1086 3929 1177 3970 naves
1196 3918 1262 3971 tue÷

158 4011 254 4076 retur,
268 4002 353 4062 nobis
372 4003 527 4078 triremium
552 4002 697 4083 praefectis
716 4003 844 4064 mandat
856 4013 891 4064 ut
909 4023 960 4064 eas
974 4022 1065 4066 nares
1078 4003 1117 4063 ad
1131 4002 1263 4062 triremes

159 4094 299 4174 alligatas
314 4096 496 4168 Maroneam
518 4095 760 4176 pertraheremus,
780 4115 871 4170 cursu
886 4107 918 4157 et
929 4097 1020 4178 longo
1033 4105 1064 4156 et
1083 4093 1213 4177 spatioso
1231 4090 1261 4149 in

158 4206 245 4253 marl.
346 4227 348 4234 ι

159 4341 163 4348 ,
203 4282 233 4340 6.
246 4279 322 4340 Haec
332 4279 414 4340 vobis
423 4280 520 4356 οιιιιιίι
529 4291 682 4362 prepterea
691 4281 815 4362 exposui
825 4283 863 4344 ab
873 4280 964 4354 initio,
974 4278 1125 4351 utsciatis,
1135 4284 1264 4355 quantos

158 4373 227 4454 ipse
246 4385 379 4453 sumptus
391 4374 520 4452 ¹fecerim,
534 4386 563 4435 et
577 4386 719 4455 quantum
732 4384 851 4455 propter
864 4373 1072 4454 rempublicam
1086 4390 1162 4431 onus
1174 4367 1265 4430 susti·

160 4465 288 4542 nuerim,
301 4478 501 4548 quantumque
513 4474 617 4550 postea
630 4469 756 4552 proisto
769 4468 973 4548 insumpserim
987 4464 1069 4526 finito
1082 4463 1265 4544 praeiecturoe
