2967 4950
430 348 436 358 '
516 363 605 425 ruo
627 362 897 427 vuouurous.
1196 372 1255 432 ssr

160 533 225 575 cum
238 513 350 577 hebere
361 502 451 577 istum
464 536 555 595 quam
568 504 869 598 propteresinimicus
883 540 950 583 esse
964 520 1076 605 mallet,
1086 524 1216 603 acceptis
1230 523 1260 581 in
1289 592 1295 613 Ι

160 608 327 669 universum
342 610 497 689 quinquies
510 609 589 671 mille
602 611 759 684 drachmis,
778 632 846 673 cum
865 614 945 675 huno
960 613 1045 674 omni
1053 615 1172 675 crimine
1186 614 1259 675 libe·
1335 654 1337 659 -

159 702 276 772 raverit,
286 703 453 762 secundum
467 703 496 761 in
511 703 653 774 Minervas
667 704 763 765 sedem
777 706 939 784 ingressus,
952 726 1080 779 rursum,
1094 718 1127 768 ut
1145 692 1261 779 videtis,
1281 722 1283 731 ·

159 792 240 855 litem
263 806 374 867 movet,
395 795 533 856 omuibus
555 797 684 875 querelis
702 799 884 859 concinnatis
899 810 931 860 et
943 801 1110 862 criminibus
1127 802 1164 860 ab
1180 800 1260 860 omni
1311 859 1315 871 ,

159 886 311 965 superiore
327 897 460 967 tempore
473 889 663 964 conservatis,
678 888 713 947 iis
733 889 942 971 etiam-quod
958 902 1004 953 est
1019 893 1148 952 omnium
1167 893 1260 951 mexi-

158 996 291 1052 mum—‚
306 972 373 1058 quie
386 980 428 1039 illi
443 998 592 1058 nunquam
605 981 762 1055 objecerat.
796 983 837 1040 Ut
850 984 938 1063 igitur
951 983 1047 1053 haeco
1060 1005 1106 1045 me
1120 1004 1187 1045 vere
1202 977 1260 1047 dici

157 1081 284 1144 constet,
299 1084 375 1150 c'spe
394 1070 594 1149 cognitionem
613 1072 644 1129 in
668 1092 735 1132 arce
748 1072 869 1148 factem,
892 1084 923 1136 et
945 1076 1142 1137 testimonium
1156 1097 1257 1141 eurum

158 1164 208 1243 qui
221 1163 382 1236 affuerunt,
396 1182 464 1224 curn
479 1162 689 1241 Apollodorus,
702 1166 858 1243 pecuniam
879 1167 1032 1244 accipiens,
1053 1167 1258 1246 Phormionem

158 1260 295 1321 omnihus
309 1255 477 1318 criminibus
491 1255 636 1316 themor.
1174 1246 1178 1255 ’
1247 1273 1250 1287 ·

435 1477 648 1540 COGNITIO.
690 1477 993 1540 TESTIMONIUM.

157 1623 276 1685 Auditis
299 1620 509 1701 cognitionem,
530 1620 662 1691 ludices,
684 1620 810 1680 oDinia
827 1622 947 1693 factam,
974 1621 1059 1702 cujus
1084 1621 1140 1681 iste
1167 1622 1255 1683 filiurn

157 1717 338 1788 habetote
353 1713 501 1784 Niciacui
520 1732 602 1786 soror
623 1713 721 1772 uxods
741 1716 804 1787 ejus
824 1724 916 1794 nuptu
929 1723 982 1773 est.
1025 1714 1081 1774 His
1102 1714 1190 1793 igitur
1206 1735 1255 1776 ac·

157 1811 248 1889 ceptis
266 1805 480 1885 transactisque
495 1806 581 1865 rebus
600 1804 746 1876 omnibus,
760 1813 899 1883 tanquam
914 1815 966 1864 eut
979 1805 1009 1864 hi
1024 1825 1126 1865 omnes
1150 1808 1257 1867 mortui

157 1911 258 1964 essent
270 1909 323 1962 aut
336 1919 436 1961 verum
450 1898 480 1957 in
493 1897 589 1957 lucem
602 1897 723 1976 proferri
735 1916 795 1955 non
809 1905 918 1975 posset,
929 1897 1044 1957 actione
1057 1908 1101 1957 tot
1112 1898 1255 1958 talentum
1293 1892 1297 1903 ⁴

157 1996 303 2068 instituta,
317 1994 348 2052 in
362 1991 504 2072 judicium
521 1990 620 2050 venire
634 1989 733 2049 audet.

191 2091 227 2149 ,6.
251 2088 298 2146 Ac
317 2105 385 2165 quse
408 2082 575 2144 Phormioni
596 2102 662 2141 curn
686 2081 868 2161 Apollodoro
890 2081 1010 2161 negotia
1030 2081 1258 2144 intercesserunt

157 2200 284 2262 quaeque
297 2179 377 2238 iactu
390 2178 508 2237 suntab
522 2175 603 2234 initio
617 2174 770 2233 audivistis
784 2175 890 2246 omnia,
904 2175 1114 2234 Athenienses:
1136 2174 1257 2233 arbitror
1314 2175 1319 2181 ’

158 2285 257 2337 autem
277 2269 488 2350 Apollodorum
501 2266 581 2346 quod
598 2265 675 2343 aequi
693 2265 792 2325 dicere
812 2266 883 2329 nihil
896 2267 989 2347 possit
1008 2267 1172 2327 deuotione
1191 2286 1255 2341 sua,

79 2388 84 2396 ¹
157 2367 315 2427 allaturum
329 2381 394 2421 esse
412 2380 457 2431 ea,
471 2378 537 2438 quae
555 2368 586 2416 et
607 2356 686 2435 apud
711 2356 848 2416 arbitrum
871 2359 956 2430 dixit,
977 2360 1095 2419 matri
1116 2361 1160 2417 ab
1181 2354 1255 2419 hoc

157 2474 389 2543 persuasum
420 2462 462 2513 ut
491 2449 653 2511 tabulas
684 2449 1041 2530 aboleret,quibus
1075 2449 1255 2530 perditis

157 2557 234 2613 non'
251 2549 393 2610 habere
419 2566 457 2605 se
483 2563 557 2622 quo
577 2553 689 2622 pacto
710 2561 789 2601 enm
810 2563 885 2602 rem
909 2553 1087 2622 oporteat
1111 2543 1255 2622 liquido

155 2645 324 2722 coargui.
365 2641 412 2702 De
426 2639 471 2698 his
485 2638 573 2717 igitur
591 2646 622 2695 et
634 2635 692 2695 hoc
707 2635 826 2694 crimine
840 2637 935 2697 videte
950 2655 1060 2715 quaeso,
1073 2637 1190 2714 quantis
1209 2657 1255 2698 er-

154 2738 305 2821 gumentis
325 2733 459 2797 convinci
479 2728 625 2789 mendacii
646 2739 743 2806 queat.
786 2727 926 2802 Primum,
949 2728 1255 2807 Athenienses,'quis·

154 2821 449 2912 nsm'patrimonium
472 2821 625 2892 divideret,
647 2840 708 2880 non
731 2823 861 2900 acceptis
880 2821 988 2881 tabulis
1010 2820 1090 2880 unde
1112 2831 1254 2900 quantum

153 2924 290 2985 relictum
302 2929 383 2981 esset
394 2911 610 2997 cognosceret?
641 2913 738 2972 Nemo
752 2933 823 2973 sane
841 2914 988 2973 omniurn:
1010 2923 1041 2972 at
1055 2913 1255 2992 duodeviginti
1307 2925 1317 2939 ²

43 2999 46 3004 ¹
154 3017 224 3076 anui
245 3025 315 3075 sunt
330 3032 398 3073 oum
417 3007 551 3079 divisisti,
571 3025 666 3084 neque
691 3005 846 3066 ostendere
868 3007 977 3086 poteris
996 3025 1127 3085 unquam
1146 3026 1212 3066 esse
1226 3019 1255 3090 te

154 3115 348 3188 conquestum
362 3104 399 3163 de
412 3100 531 3162 tabulis.
561 3097 687 3171 Deinde,
701 3099 767 3176 quis
781 3117 851 3169 non,
871 3117 938 3157 cum
951 3097 1081 3158 Pasicles
1096 3098 1139 3157 vir
1157 3098 1254 3158 sactus

154 3210 248 3280 gestoe
257 3198 359 3260 tuteloe
369 3196 497 3278 rationes
512 3191 723 3270 reposceretsi
734 3209 786 3268 per
800 3209 831 3249 se
846 3188 991 3248 criminari
1001 3197 1121 3249 matrem
1132 3187 1168 3246 de
1182 3191 1254 3250 sbo-
1350 3227 1353 3231 -

108 3317 111 3324 ·
153 3293 211 3353 litis
225 3291 334 3352 tabulis
348 3308 408 3349 non
422 3294 501 3348 esset
514 3303 613 3353 susus,
628 3283 655 3341 ei
672 3282 702 3349 id
715 3281 884 3354 indicasset,
898 3293 932 3341 ut
944 3301 996 3361 per
1010 3300 1078 3340 eum
1096 3299 1144 3340 res
1155 3281 1253 3365 palem

153 3383 258 3446 lieret?
291 3381 436 3460 Denique,
458 3376 563 3459 quibus
591 3399 607 3438 e
632 3373 739 3434 tabulis
760 3373 873 3452 judicie
900 3372 1057 3434 dictubasi
1086 3373 1149 3434 Iste
1165 3374 1252 3450 enirn,
1277 3377 1282 3386 '

152 3477 255 3536 multis
273 3476 380 3536 civium
402 3473 433 3532 iu
452 3472 505 3551 jus¹
522 3467 646 3540 vocatis,
667 3486 806 3544 magnam
823 3469 978 3546 pecuniam
997 3466 1105 3546 exegit,
1118 3467 1252 3536 ¹scribens
1272 3543 1275 3552 ι

153 3571 182 3630 in
215 3567 388 3638 notionibus,
418 3564 589 3624 damnum
613 3560 707 3620 mihi
735 3558 845 3624 dedit
869 3559 935 3618 ille
959 3579 1030 3619 non
1055 3559 1272 3621 reddendo
1363 3619 1364 3628 ,
1392 3617 1395 3624 Δ

155 3661 317 3744 sr'ge'nto,
345 3659 445 3740 quod
479 3659 619 3719 debere
646 3676 726 3715 eum
755 3665 862 3735 peter
890 3654 976 3732 rnihi
998 3655 1181 3744 'reliquit
1212 3654 1251 3712 in

153 3755 323 3817 tsbtulis:
351 3745 393 3825 dt,
407 3752 432 3811 si
451 3749 568 3812 abolitus
592 3751 711 3811 luerunt
729 3748 849 3821 tubulos,
863 3743 970 3827 quibus'
990 3748 1128 3808 etebulis
1138 3747 1253 3826 judicis

153 3845 307 3909 dictabas?
338 3844 398 3905 Sed
411 3845 475 3925 hoec
490 3863 509 3903 e
522 3863 569 3903 me
590 3841 745 3912 veredici,
766 3853 829 3900 tum
851 3861 868 3900 e
886 3840 965 3902 sactu
986 3839 1137 3912 divisione,
1157 3849 1251 3908 turne

152 3921 327 4018 testimoniis
340 3936 511 3998 audivistis:
533 3935 681 3996 actionum
689 3943 792 4003 ,autem
804 3933 917 4000 illarum
930 3932 1013 3993 vobis
1026 3921 1193 3994 testimonis
1206 3951 1253 3992 re·

153 4035 330 4096 citabuntur.
372 4030 454 4109 Cape
472 4027 649 4089 testimonis.
706 4032 710 4037 “

392 4229 396 4234 ’
502 4286 506 4291 ,
568 4235 835 4296 TESTIMONIA.

156 4385 188 4443 ln
205 4378 259 4443 'lris
280 4382 368 4462 igitur
385 4382 554 4444 'actionibus
582 4383 724 4462 recepisse
754 4402 786 4441 se
815 4390 952 4460 paternos
973 4380 1087 4441 tabulas
1112 4387 1249 4464 testetur:
