2967 4950
478 312 543 373 DE·
560 311 672 373 DO'I'E
692 308 908 376 MATERNA'.
1180 320 1243 378 589

143 469 204 543 bat,
218 479 251 530 et
262 466 434 548 qdanqutm
445 467 475 526 in
488 466 568 528 aima
580 486 620 529 ne
632 469 676 529 aio
688 470 808 548 quidam
818 471 893 533 istos
905 465 1036 551 recipere
1046 468 1249 551 dignabatur}

143 562 180 621 ad
202 560 331 622 crrriales
349 570 451 619 tamea·
468 560 654 624 introducere
667 570 800 634 coactus,
820 562 909 625 istum
932 562 1070 622 Boeotu'm
1088 562 1244 641 inscripsit,¹

142 656 266 715 alteram
293 653 491 734 Pamphilum.
538 652 617 715 Mihi
636 673 707 714 uero
726 656 827 715 statim
851 655 997 735 persuasit
1019 674 1113 715 annos
1130 656 1246 717 rimisa

142 748 308 809 octodecim
321 758 393 807 asto
405 756 441 806 ut
453 746 596 825 Eupbami
610 746 700 806 tiliam
710 747 861 821 miserem,
874 748 945 827 quia
953 748 1088 813 bberosa
1101 768 1148 808 me
1159 754 1245 809 natos

141 840 241 899 videre
269 838 418 919 cupiebat.
471 838 535 916 Ego
557 858 638 912 vero,
660 838 794 911 Judices,
818 838 989 901 existimans
1012 850 1147 920 oportere
1174 861 1245 903 enar

141 935 233 1013 prius,
248 943 312 992 tum
327 947 397 991 vero
409 930 468 990 illis
480 950 547 991 eum
563 932 676 1017 judicio
689 932 866 992 vexantibus
881 942 911 993 et
924 935 1074 1015 negotium
1095 934 1243 995 facessen-

142 1027 236 1097 tibus,
248 1045 295 1084 me
309 1034 492 1085 contraeunt
507 1022 679 1096 exhilarare,
694 1025 840 1084 faciendis
854 1027 989 1086 omnibus
1003 1037 1169 1106 quaegrata
1179 1027 1242 1087 iore

143 1128 288 1196 putaram,
303 1116 511 1197 obtemperavi.
551 1116 628 1204 Cum
641 1136 711 1177 vero
721 1136 779 1197 ego
791 1137 827 1177 eo
840 1118 928 1178 modo
942 1118 1156 1181 matrimonium
1169 1128 1242 1179 coni

143 1212 309 1283 narmsem,
322 1211 371 1275 ilic
385 1211 448 1271 risa
461 1209 553 1271 filiola
565 1229 630 1270 mea
651 1230 711 1272 non
725 1210 826 1271 multis
842 1212 926 1273 annis
939 1222 1008 1293 post
1021 1232 1058 1273 ex
1071 1212 1241 1275 valetudine

142 1305 278 1367 moritur.
318 1304 384 1385 Ego
397 1312 506 1374 autem,
520 1303 538 1361 J
541 1302 651 1377 udices,
665 1313 721 1384 rtec
738 1303 847 1387 viventi
860 1304 937 1383 patri
950 1302 1164 1363 &versandum
1176 1325 1242 1367 esse

140 1384 321 1480 ratus-aum
343 1416 437 1475 eoque
455 1398 581 1469 mortuo,
595 1415 646 1455 eos
662 1406 693 1457 et
712 1396 743 1456 iu
763 1394 843 1459 edis
857 1396 965 1475 recepi,
980 1409 1011 1456 et
1030 1396 1244 1469 onnesfacut

140 1500 218 1551 tates
237 1509 307 1550 cum
332 1488 375 1548 eis
394 1490 516 1568 partitus
537 1508 612 1560 sum,
626 1507 684 1547 nou
706 1498 741 1547 ut
758 1508 825 1549 cum
849 1490 1097 1551 fratribus-nam
1116 1508 1171 1547 nec
1192 1510 1242 1552 ve-

141 1592 235 1644 strum
258 1582 411 1662 plerosque
432 1580 504 1640 latet
518 1600 577 1661 quo
596 1590 684 1660 pacto
704 1580 753 1642 isti
771 1581 832 1641 uati
851 1582 960 1652 sint—,
974 1579 1030 1641 sed
1045 1575 1132 1663 quod*
1143 1571 1243 1641 eristi·

141 1675 271 1745 mabam,
292 1684 450 1753 postquam
469 1684 552 1752 pater
572 1673 715 1752 deceptus
732 1683 824 1749 esset,
837 1673 907 1733 mihi
925 1674 1031 1735 vestris
1046 1693 1113 1735 esse
1126 1671 1242 1753 legibus

142 1765 415 1845 obtemperandum.
448 1765 497 1825 Sic
509 1766 538 1824 in
551 1766 632 1834 ardea
644 1786 663 1826 a
675 1784 723 1825 me
734 1764 856 1845 recepti,
869 1775 903 1825 ut
914 1764 1119 1843 patrimonium
1133 1765 1244 1826 diride-

141 1862 260 1933 bamus,
273 1857 444 1939 postulante
456 1876 502 1917 me
523 1868 557 1917 ut
574 1857 675 1918 matris
691 1876 767 1917 meae
787 1857 843 1917 dos
864 1856 936 1917 mibi
955 1857 1176 1929 redderetur,'et
1186 1858 1243 1937 ipsi

141 1952 272 2012 vicissim
286 1952 477 2026 accusabant,
490 1958 656 2010 asserentes
677 1959 709 2010 et
730 1968 793 2009 auoe
809 1948 895 2009 matri
908 1948 1083 2009 tantundem
1098 1949 1176 2008 dotis
1190 1950 1243 2010 de·

143 2044 225 2108 beri:
247 2062 351 2104 sumus
364 2048 463 2103 autem
477 2042 515 2101 de
533 2061 633 2103 eoram
653 2041 800 2102 mutantia
816 2042 868 2121 qui
888 2041 977 2101 nubis
989 2041 1123 2113 aderant,
1137 2051 1244 2103 catam

141 2138 264 2217 quidem
288 2125 388 2197 omnia
405 2135 514 2216 partiti,
534 2136 616 2195 aedes
636 2146 737 2197 autem
751 2147 787 2198 et
800 2153 906 2216 pueros
920 2134 1011 2216 patris
1025 2134 1174 2196 ministros
1193 2156 1244 2197 erre

141 2240 260 2311 emptos
270 2227 407 2301 fecimus,
421 2239 454 2288 ut
466 2247 502 2289 err
516 2229 640 2301 aedibus,
650 2230 725 2288 utris
737 2229 836 2289 deberi
847 2229 947 2289 dotem
958 2238 1142 2310 compertum
1154 2239 1244 2304 esset,

142 2323 161 2381 ii
174 2342 243 2381 eam
257 2323 429 2402 reciperent,
444 2322 481 2381 de
496 2322 594 2401 pueris
606 2332 706 2381 autem
721 2321 938 2393 communibus,
954 2320 1065 2399 siquid
1084 2320 1132 2381 isti
1146 2331 1244 2401 pater-

72 2483 74 2487 ,
142 2434 249 2476 aarum
263 2416 438 2478 facultatum
454 2414 664 2487 desiderarent,
679 2414 908 2488 sciscitarentur,
921 2423 952 2474 et
965 2412 1141 2492 questiones
1155 2413 1244 2475 habe·

143 2518 221 2581 rent,
235 2519 266 2567 et
280 2508 339 2568 alio
350 2507 452 2586 quovis
466 2505 554 2566 modo
566 2502 755 2585 inquirerent.
798 2508 873 2576 Qua
889 2525 1018 2566 merere
1030 2507 1138 2582 dicere,
1149 2527 1186 2568 ex
1200 2507 1244 2568 bis

141 2600 318 2662 testimoniis
330 2597 509 2678 intelligetis.

551 2806 824 2876 TESTIMONIA.

145 2957 220 3016 Post
231 2955 299 3016 brec
312 2966 344 3019 st
361 2955 411 3034 isti
430 2975 478 3016 mc
499 2954 530 3014 in
547 2955 600 3036 jus
612 2956 760 3016 vocabam
778 2944 897 3036 propter
917 2973 955 3014 ea
967 2975 1034 3034 quae
1053 2957 1202 3035 petebant,
1215 2969 1268 3021 et*

145 3070 202 3129 ego
217 3049 338 3109 eosdem
352 3058 471 3128 propter
485 3046 595 3108 dotem.
633 3047 678 3107 Ac
692 3048 829 3126 primum,
844 3048 954 3109 Solous
966 3047 1123 3110 Erchiensc
1137 3051 1245 3112 arbitro

110 3149 118 3166 ¹
144 3142 312 3221 designato,
325 3141 353 3200 ei
373 3150 550 3221 potestatem
564 3141 687 3200 fecimus
699 3151 818 3198 mutuas
833 3139 899 3198 lites
912 3151 1027 3200 nostras
1040 3139 1243 3218 disceptandi:

144 3246 178 3296 ut
191 3245 292 3295 autem
301 3235 350 3294 isti
359 3252 466 3293 serron
480 3233 633 3302 sistebant,
642 3231 846 3311 sedjudicium
860 3231 1073 3316 detrectabant,
1082 3241 1113 3292 et
1120 3233 1244 3314 multura

143 3329 287 3408 temporis
310 3327 528 3396 conterebatur,
550 3325 657 3385 accidit
679 3336 712 3383 ut
735 3323 826 3384 Solon
850 3333 1035 3391 moreretur:
1065 3324 1103 3383 ibi
1121 3345 1171 3386 me
1196 3327 1245 3394 isti

143 3439 248 3479 rursus
261 3419 300 3477 de
308 3417 421 3496 integro
436 3417 464 3474 in
474 3416 525 3495 jus
537 3426 657 3489 vocant,
670 3435 727 3496 ego
741 3417 811 3478 item
826 3415 926 3486 istum,
946 3415 1036 3476 citato
1050 3435 1085 3475 eo
1099 3427 1130 3481 et
1149 3418 1245 3484 Boeoti

143 3511 264 3571 notuiue
285 3510 315 3568 in
336 3509 480 3570 actionem
503 3507 661 3586 inscripto.;
699 3507 742 3570 sic
766 3508 844 3568 enim
866 3518 949 3586 patet
976 3527 1051 3571 eura
1071 3510 1245 3594 nominarat.
1318 3507 1321 3512 ’

145 3606 264 3674 Quibus
275 3604 365 3682 igitur
378 3603 516 3661 derebus
529 3601 578 3661 isti
589 3621 635 3661 me
648 3603 842 3675 accusabant,
851 3613 997 3682 praesente
1011 3603 1068 3663 isto
1083 3612 1113 3663 et
1124 3623 1250 3684 respon.-

141 3699 246 3767 deute,
270 3715 340 3755 cum
356 3693 428 3752 nibil
449 3713 548 3753 aarum
569 3713 637 3771 quae
651 3694 831 3754 accusabant
843 3695 967 3773 probare
984 3705 1098 3773 posset,
1119 3697 1245 3758 absolvit

143 3810 195 3850 me
203 3789 318 3849 arbiter.
352 3787 427 3846 Tum
439 3787 493 3846 iste
504 3786 642 3846 censuim
657 3806 689 3846 se
702 3785 773 3846 mibi
783 3785 978 3866 perinjuriara
992 3786 1144 3854 intendere
1152 3789 1244 3864 litem,

143 3899 245 3962 neque
259 3881 300 3940 ad
317 3879 433 3961 judices
455 3879 624 3959 appellarit,
638 3898 734 3956 neque
753 3879 913 3940 etiamnum
934 3878 970 3938 iis
992 3877 1137 3946 derebus
1151 3881 1244 3943 ullum

139 3975 289 4050 judicium
295 3972 365 4033 mihi
379 3972 511 4044 dictavit,
525 3972 578 4032 sed
591 3973 628 4032 de
639 3972 703 4031 aliis
716 3970 912 4050 quibusdam:
933 3969 1126 4035 refutaturum
1141 3993 1173 4034 se
1185 3975 1244 4036 illis

140 4060 315 4134 criminibus
324 4065 355 4125 id
365 4065 509 4148 judicium
521 4064 701 4140 existimaus,
714 4083 775 4143 quo
787 4083 843 4143 ego
856 4073 919 4124 turn
938 4083 1009 4126 eum
1020 4066 1058 4126 de
1073 4065 1143 4128 dcte
1155 4086 1244 4128 accur

143 4162 259 4220 sabam.
300 4160 376 4218 Cum
390 4175 459 4217 vero
478 4158 534 4217 iste
547 4157 595 4216 hic
609 4167 694 4216 asset
707 4167 737 4216 ct
757 4156 795 4217 ad
811 4155 959 4218 arbitrium
981 4176 1041 4219 uon
1058 4158 1180 4229 veniret,
1193 4160 1245 4220 aba

144 4273 214 4314 sens
238 4252 288 4311 ille
309 4251 428 4331 quidem
451 4250 673 4309 condemnatur.
726 4249 885 4319 Caeterum,
908 4248 1041 4322 Judices,
1064 4268 1160 4327 neque
1182 4257 1244 4312 tum

141 4363 245 4407 eoram
265 4341 480 4424 respondetur
500 4360 531 4402 se
554 4341 654 4402 arbitri
677 4341 831 4401 sententia·
846 4359 900 4420 per
921 4359 967 4402 me
987 4340 1157 4404 damnatum
1180 4357 1246 4402 esse

141 4427 253 4516 nagan
274 4454 374 4514 neque
385 4433 468 4494 enirn
477 4432 533 4492 sibi
545 4432 662 4506 Boeoto,
676 4433 729 4494 sed
745 4431 910 4494 Mantitbeo
923 4448 991 4496 asse
1002 4447 1125 4496 nomen:
1148 4431 1246 4512 itaqua
