2967 4950
214 317 273 385 sla
312 370 318 376 .
461 321 678 384 nnvsnsns
700 291 1053 384 ιιιιοιιιιιιιιιιιι.

211 495 314 536 omnes
331 476 409 550 volo,
426 476 457 535 si
477 478 559 557 quod
578 486 708 556 unquam
730 468 887 557 negotium
908 483 1019 535 attente
1039 470 1201 542 audivistis,
1224 479 1259 530 ut
1279 480 1311 529 et

189 608 196 627 .
211 568 289 629 hanc
301 577 548 630 cansam'attente
562 569 706 629 audiatis:
726 568 913 649 cognoscetis
927 565 1004 628 enirn
1016 566 1143 626 hominis
1156 562 1311 625 audaciam

212 672 243 721 ct
256 662 471 741 improbitatem
483 662 563 721 haud
573 661 737 748 uulgarem,
750 661 877 722 simodo
891 680 947 741 ego
967 660 1097 720 facinora
1118 658 1195 717 illius
1216 655 1311 729 vobis,
1348 708 1353 715 ,
1392 662 1394 671 ⁴

210 754 364 832 utiapero,
377 774 526 835 exponere
540 762 675 834 potuero
750 814 752 821 ,

250 849 280 904 2.
302 847 497 920 Zenothemis,
509 848 643 906 minister
665 832 839 951 Hcgestrati
851 843 1030 917 navicularii,
1047 862 1135 923 quern
1155 818 1185 902 et
1201 840 1311 921 ipsein

209 940 398 999 accusatione
408 940 536 1019 scripsit,
545 941 576 999 in
587 938 694 1018 pelago
706 938 841 1018 periisse,
843 938 938 997 --sed
951 936 1099 1021 quomodo
1110 934 1237 1016 perierit,
1250 952 1311 994 non

211 1020 377 1111 adscripsit,
391 1052 449 1116 ego
462 1052 531 1093 vero
545 1032 694 1104 dicam-,
708 1030 768 1091 tale
782 1030 878 1091 scelus
887 1046 959 1089 eunt
969 1029 1019 1089 illo
1033 1028 1218 1109 excogitavit.
1253 1026 1311 1085 Pe·
1322 1101 1326 1111 s

210 1125 326 1187 cuniam
348 1135 380 1184 et
402 1126 458 1185 iste
472 1133 502 1188 et
521 1124 572 1187 ille
591 1123 746 1205 Syracusis
760 1122 884 1183 mutuati
898 1130 975 1183 sunt.
1017 1123 1062 1183 Ac
1076 1120 1126 1180 ille
1130 1119 1257 1213 quidem
1271 1114 1311 1179 ad

210 1234 263 1277 eos
277 1217 328 1321 qni
340 1216 389 1277 isti
402 1226 538 1278 mutuum
551 1216 709 1290 dabant,
686 1235 711 1275 ιι
732 1218 798 1295 quis
816 1216 950 1295 rogabat,
971 1214 1099 1287 dicebat,
1116 1213 1165 1273 isti
1185 1202 1311 1277 nultum

208 1310 238 1368 in
252 1310 319 1369 nari
332 1329 399 1369 esse
412 1310 569 1397 frumenti:
590 1311 658 1383 ista,
667 1309 708 1370 'ad
717 1320 769 1369 eo's
783 1328 834 1389 qur
826 1308 901 1379 'ilii,
913 1326 1027 1367 merces
1040 1316 1128 1385 atque
1143 1324 1217 1365 onus
1226 1304 1311 1365 navis

207 1401 288 1462 illins
306 1422 370 1489 esse
389 1402 549 1507 preprium.
591 1402 669 1461 Cum
690 1412 791 1462 autern
813 1402 888 1461 alter
903 1388 1110 1467 navicularius,
1124 1397 1199 1456 alter
1211 1404 1312 1456 reatos

207 1503 308 1554 ιιιιι.
329 1515 388 1559 non
402 1494 507 1555 mirum
520 1493 578 1553 fuit
590 1514 655 1555 esse
668 1494 782 1554 credita
801 1514 868 1574 quae
887 1493 960 1553 alter
974 1490 1012 1550 de
1027 1486 1120 1550 altero
1136 1490 1309 1549 affirmabat.
1376 1523 1382 1532 -

208 1584 369 1647 Pecuniam
381 1596 480 1647 antem
490 1596 643 1665 acceptam
654 1586 775 1647 donum
789 1584 953 1648 Massiliam
966 1582 1107 1643 miserunt
1120 1582 1217 1671 neque
1227 1566 1308 1665 qnie-

208 1698 297 1756 quam
308 1680 340 1737 in
351 1680 450 1739 navim
462 1679 636 1740 intulerunt.
664 1679 726 1741 Sed
739 1679 809 1757 quia
818 1678 937 1750 tabula,
949 1676 981 1737 id
994 1674 1075 1753 quod
1089 1693 1190 1739 οιιιιιιι
1204 1674 1310 1747 ιοιιιιι,

150 1799 154 1806 ’
208 1772 408 1844 continebant,
428 1772 453 1830 ιι
474 1766 557 1831 navis
580 1771 737 1831 mansisset
753 1770 908 1831 incolumis
926 1767 1081 1848 pecuniam
1099 1786 1164 1827 esse
1183 1766 1310 1826 redden·

207 1860 311 1933 darn,
303 1884 334 1923 ιιι
347 1862 482 1947 fraudem
495 1863 683 1936 creditorum,
698 1882 804 1922 navem
823 1864 1012 1941 submergere
1031 1869 1203 1921 statuerumt.
1247 1860 1309 1919 He·

208 1966 355 2059 gastratns
379 1938 478 2037 igitur,
493 1973 561 2013 cum
575 1974 593 2013 ι
606 1962 683 2013 terra
693 1952 777 2013 bidui
789 1964 838 2013 aut
850 1952 958 2013 tridui
951 1962 1006 2013 iter
1016 1972 1121 2013 navem
1131 1952 1311 2045 abduxisset,

207 2057 298 2111 noctu
321 2048 352 2108 in
374 2046 505 2112 carinam
528 2046 695 2117 descendit,
709 2054 740 2107 et
761 2045 885 2117 fundum
906 2046 989 2105 navis
989 2032 1147 2125 perforat·
1169 2046 1194 2103 is
1194 2054 1224 2107 te
1238 2064 1309 2118 vcro

206 2148 241 2200 ut
254 2142 353 2200 totins
381 2139 433 2200 ιιι
447 2138 578 2245 ignarus,
596 2157 694 2241 supra
713 2158 781 2199 cum
804 2138 919 2199 caeteris
943 2138 1109 2200 vectoribus
1128 2140 1308 2203 versabatur

207 2231 282 2291 Orto
296 2232 431 2311 strepitu,
448 2230 497 2309 qni
517 2231 549 2288 in
572 2229 640 2289 navi
663 2235 748 2289 erant
763 2247 892 2316 sensere,
907 2230 937 2287 in
958 2230 1058 2290 canna
1075 2229 1146 2289 meli
1158 2229 1308 2309 quippiam

206 2324 278 2402 geri,
293 2334 382 2401 atque
397 2321 566 2403 epitulatnri
581 2319 775 2381 descendunt.
820 2322 1031 2400 Deprehensns
1052 2322 1260 2415 Hegestratns,
1272 2330 1308 2381 nt

206 2433 240 2474 se
262 2434 364 2493 poenas
362 2414 519 2474 daturum
542 2422 638 2492 putat,
651 2412 739 2493 fugit,
757 2412 939 2496 fugatusque
959 2434 990 2474 se
1015 2414 1044 2472 in
1058 2434 1140 2476 mare
1151 2410 1255 2506 jacit}
1277 2418 1308 2476 et

114 2526 118 2530 ’
204 2506 335 2565 lembum
357 2517 477 2587 propter
497 2515 613 2565 noctem
632 2524 693 2565 non
712 2506 850 2584 adeptus,
863 2505 1034 2566 suffocatur.
1077 2506 1157 2566 Ille
1150 2499 1239 2611 igi-tur
1254 2509 1306 2580 sic,

205 2601 249 2658 uti
275 2601 453 2680 merebatur,
475 2596 571 2657 malus
590 2599 666 2657 male
686 2598 782 2676 periit,
797 2598 858 2657 suis
874 2598 937 2676 ipse
958 2598 1079 2670 insidiis,
1093 2617 1167 2676 quas
1186 2599 1216 2657 in
1235 2587 1307 2675 alios

204 2691 393 2764 instruxerat,
406 2700 512 2769 captus
535 2700 625 2768 atque
647 2707 818 2768 oppressus.
861 2691 921 2749 lstc
933 2710 1002 2750 rero
1024 2689 1121 2750 socius
1136 2699 1167 2750 et
1180 2672 1306 2769 adjutor,

204 2783 330 2860 primum
344 2783 444 2842 statim
457 2783 488 2840 in
502 2781 620 2860 navigio
634 2782 741 2860 inipso
755 2781 896 2854 facinore,
907 2791 1049 2860 tanquam
1063 2783 1194 2861 ignarus,
1209 2783 1263 2843 sed
1277 2793 1307 2844 et

203 2873 267 2952 ipse
288 2873 377 2933 etiam
396 2874 581 2953 perterritus,
595 2873 704 2950 reatori
713 2867 809 2952 prome
822 2883 854 2936 ιι
866 2875 963 2938 nands
977 2875 1122 2951 suadebat
1134 2885 1168 2934 ut
1185 2875 1216 2934 in
1234 2875 1307 2935 lem-2

203 2967 275 3024 bum
297 2967 520 3037 descenderent,
536 2965 605 3024 navi
619 2984 708 3043 quarn
722 2965 872 3024 celerrime
894 2964 1004 3039 relicta,
1019 2966 1106 3044 quasi
1124 2967 1207 3026 nulla
1228 2979 1306 3028 esset

201 3057 353 3136 speranda
366 3049 458 3130 salus,
472 3067 502 3117 et
515 3057 595 3116 navis
615 3057 713 3119 statim
729 3056 954 3136 submergenda,
972 3067 1015 3128 ut,
1036 3058 1116 3137 qnod
1130 3059 1304 3136 cogitarant,

203 3149 235 3208 id
248 3151 451 3222 conficeretur,
464 3149 591 3228 navique
601 3142 718 3229 perdita
731 3145 773 3208 ees
788 3147 915 3208 alienum
926 3149 1107 3210 fraudarent.
1150 3151 1217 3220 Quo
1233 3171 1305 3212 con·
1353 3170 1355 3176 ’

204 3241 269 3300 silio
281 3241 451 3314 frustratus,
469 3250 501 3307 ιι
518 3249 650 3311 nosnate
671 3241 801 3318 quodam
825 3249 945 3305 vectore
962 3241 1127 3314 adversata,
1151 3253 1180 3301 et
1207 3247 1312 3308 nautis,

187 3352 369 3416 magnas
350 3331 512 3408 mercedes,
536 3334 686 3402 sinerem
710 3343 944 3405 conservassent,
958 3333 1100 3412 pollicit0,
1112 3335 1281 3414 perducta
1274 3357 1304 3396 ιιι

203 3407 413 3505 cephaleniam
427 3442 512 3497 nave,
527 3426 651 3485 deorum
662 3415 720 3503 ope
729 3419 963 3484 immortalium'
955 3446 986 3484 ιιι
1001 3426 1113 3505 primis,
1124 3421 1274 3488 deinde
1247 3449 1304 3488 vrr-

202 3527 442 3602 tutenautarnm,
453 3532 554 3577 misus
564 3535 632 3576 cnm
645 3517 880 3584 Massiliensibus
891 3517 1061 3596 Hegestretr
1070 3519 1186 3580 civibus
1195 3519 1304 3600 agebat

203 3626 242 3669 ne
267 3611 415 3691 navigium
438 3611 571 3669 Athenas
591 3609 807 3688 perveheretur,
829 3602 931 3672 dicens
948 3617 979 3670 et
1002 3631 1035 3674 se
1052 3622 1084 3670 et
1104 3625 1217 3675 meroes
1237 3631 1305 3678 este

201 3699 293 3775 illinc,
313 3713 344 3762 et
371 3713 431 3762 tans
456 3700 688 3772 navicularium,-
707 3719 797 3780 quam
817 3702 976 3771 creditores
999 3718 1072 3762 asse
1094 3703 1305 3766 Massilienses
1353 3733 1365 3762 s

203 3794 293 3862 Quod
305 3791 362 3854 nbi
376 3804 408 3856 et
429 3795 527 3874 ipsnrn
549 3813 608 3852 nnn
630 3794 784 3866 successit,
797 3803 828 3853 et
837 3791 1108 3874 Cephalenionurn,
1105 3794 1304 3874 magistratus

201 3888 469 3970 pronunciaverunt
490 3905 595 3946 navem
619 3886 764 3958 Athenas,
788 3886 873 3945 unde
896 3887 1040 3958 solvisset,
1066 3887 1303 3966 perducendam

202 3989 291 4056 quem
304 3997 391 4038 nemo
403 3980 533 4038 omnium
542 3978 605 4037 hue·
615 3977 713 4038 venire
728 3996 865 4042 ausurum
879 3974 1004 4057 pataret,
1014 3989 1082 4057 post
1095 3979 1170 4038 tales
1183 3979 1303 4040 insidias

203 4071 481 4150 taliaquei'acinora,
495 4071 702 4148 Athenienses,
715 4072 743 4130 is
752 4081 812 4131 tem
830 4071 938 4150 insigni
952 4083 998 4130 est
1014 4071 1195 4151 impudentia
1204 4083 1303 4133 etau-

202 4163 297 4236 dacia,
311 4174 345 4248 nt
358 4184 418 4224 non
431 4165 521 4224 modo
533 4163 654 4237 venerit,
667 4163 720 4226 sed
737 4173 770 4222 et
783 4171 885 4223 nostre
905 4165 1053 4227 frumento
1063 4162 1125 4224 sibi
1140 4165 1302 4227 anniceto

191 4274 257 4323 nos
272 4259 391 4336 insuper
403 4259 434 4316 in
443 4257 493 4337 jus
505 4257 626 4316 vocarit.
669 4258 744 4323 Qnae
756 4275 846 4315 causa
860 4255 1082 4336 est-igitun'ant
1094 4275 1155 4334 qua
1167 4277 1200 4317 ιιι
1209 4259 1302 4320 iratus

203 4361 235 4409 et
248 4351 328 4410 venit
340 4361 372 4411 et
384 4351 412 4408 in
423 4351 614 4428 Jnssocavit,
627 4369 684 4427 ego
697 4349 782 4408 vebis
796 4347 904 4421 dicam,
917 4349 1053 4422 ludices,
1066 4349 1186 4423 inritus,
1197 4349 1302 4413 Joacrn

201 4432 343 4522 optimum
354 4444 619 4516 maximumtestnr
632 4451 664 4501 et
677 4440 877 4513 omnesdeos,
892 4441 1087 4502 seducantur.
1109 4486 1112 4492 -
1155 4481 1174 4494 «ι
