2967 4950
239 323 301 382 arr
550 309 738 374 motois
758 297 1027 375 concludunt.

245 473 393 557 prolundi
408 489 448 532 επ
461 469 532 550 quot
543 473 610 532 viss
622 470 741 543 tuerint,
753 479 785 528 ct
797 465 1001 528 considerandi
1019 466 1091 545 qaid
1108 466 1142 526 io·
1151 465 1254 545 prildis
1275 463 1343 546 plo·

246 569 374 629 teum
389 583 454 628 esso
467 563 609 625 srdeator.
644 587 652 598 ·

730 716 851 778 XVIII.

289 841 461 912 Vobiscum,
474 837 676 908 Athenienses,
697 834 791 916 prodii
803 837 843 898 ad
857 835 1136 911 consumamto
1156 833 1228 897 mibi
1240 832 1342 898 dicen·

250 936 320 997 dum
333 942 490 1007 essetnec
512 931 566 992 n'e:
586 930 776 1010 quemobrem
789 939 888 991 autem
902 929 932 988 id
947 927 1074 991 statuere
1094 949 1247 1011 nequeam,
1260 931 1344 993 vobis

201 1094 205 1100 ,
250 1027 412 1109 explicabo.
452 1024 581 1084 Necesse
599 1021 688 1082 hebet
708 1022 732 1081 is
756 1022 807 1100 qui
823 1041 881 1082 nec
903 1021 957 1082 sibi
978 1041 1034 1083 nec
1051 1021 1116 1083 eliis
1137 1021 1275 1094 blandiri,
1290 1022 1346 1083 sed

251 1137 307 1204 pro
318 1118 400 1182 vobis
413 1117 509 1178 dicere
523 1134 589 1195 quo
610 1116 733 1176 moriare
747 1115 901 1195 profutura
911 1133 1082 1196 persuasum
1093 1115 1194 1188 hebet,
1208 1107 1346 1190 Instituit,

252 1226 332 1280 otoo
343 1207 532 1292 comprobem
550 1219 617 1288 quoe
631 1205 745 1286 utrique
756 1218 835 1268 recte
847 1207 993 1281 dirernnt,
1007 1218 1167 1288 contraque
1179 1200 1352 1270 refelleresi
1458 1224 1459 1227 ¹

253 1305 312 1391 qus
330 1307 439 1387 injusta
458 1300 618 1384 postulent.
660 1299 750 1369 Quod
772 1299 797 1359 si
819 1319 872 1361 vos
893 1304 1018 1380 utraque
1035 1296 1101 1361 Irrec
1121 1289 1220 1362 audire
1243 1300 1349 1382 digne·

252 1400 323 1463 mint
338 1395 559 1480 pronianum
575 1393 684 1454 rectius
704 1391 820 1472 rsIIquis
837 1395 924 1454 rebus
938 1393 1114 1455 consuletis:
1130 1388 1175 1455 sin
1190 1403 1261 1454 ante
1275 1410 1348 1476 cog·

253 1493 395 1555 titionem
419 1488 562 1559 resilieris,
580 1505 636 1558 uso
657 1485 728 1546 milri
750 1485 846 1546 veniet
865 1495 909 1559 nt,
922 1487 953 1545 ln
973 1495 1093 1548 neutros
1113 1485 1246 1568 injurius,
1269 1476 1351 1567 apud

253 1579 393 1662 utrosque
420 1582 451 1641 in
474 1581 585 1642 crimen
607 1578 732 1640 reniam.
793 1577 831 1638 In
857 1597 918 1658 quo
947 1578 1048 1659 inique
1081 1597 1197 1640 mecum
1232 1571 1350 1660 agetur.

254 1676 383 1738 Proinde
407 1674 432 1734 si
448 1673 569 1755 jubetis,
585 1671 681 1734 dicere
703 1689 770 1731 sum
791 1673 928 1752 paratus:
950 1672 996 1732 sin
1015 1670 1122 1748 minus,
1140 1666 1230 1734 etiam
1249 1683 1351 1734 tacere

255 1783 315 1831 uon
338 1784 453 1832 mildo.

761 1918 847 1978 xlx.

299 2041 339 2101 Et
345 2040 468 2122 justum,
483 2037 690 2108 Athenienses,
705 2045 734 2096 et
754 2034 826 2094 utile
840 2033 971 2104 arbitror,
984 2043 1018 2095 ut
1034 2034 1155 2095 erimina
1175 2042 1206 2095 et
1228 2051 1352 2096 eccm.

257 2134 364 2207 tiones,
376 2153 443 2194 cum
464 2128 686 2192 deliberandum
705 2137 761 2201 est,
781 2127 906 2208 quisque
926 2128 1059 2188 omittat:
1080 2137 1111 2188 et
1133 2128 1294 2208 propositis
1315 2128 1353 2190 de

258 2229 346 2290 rebus
359 2225 389 2285 id
404 2224 493 2295 dicat,
507 2223 588 2301 quod
607 2221 748 2301 optimum
768 2236 835 2280 esse
854 2219 946 2280 ducit.
986 2219 1065 2281 Naro
1078 2219 1223 2300 quosdam
1243 2221 1353 2282 esseio

259 2339 350 2384 ceusa
370 2329 403 2382 ut
425 2337 473 2378 res
493 2315 570 2377 tnsle
583 2335 614 2377 se
635 2315 773 2387 habeant,
795 2331 896 2375 omnes
917 2313 1043 2375 scimus:
1064 2332 1125 2395 quo
1143 2324 1234 2396 paeto
1254 2313 1357 2377 autern

259 2409 410 2477 emendari
429 2417 548 2490 queant,
561 2408 595 2468 id·
616 2407 761 2489 explicare
784 2405 963 2468 consulentis
988 2407 1117 2469 officium
1137 2418 1193 2469 est.
1235 2407 1359 2470 Deinde·

258 2507 456 2588 meconidem
471 2504 618 2566 sententie
638 2520 720 2563 arctes
743 2493 974 2580 delinquentium
993 2510 1180 2562 accusatores
1202 2504 1284 2575 sunt,
1295 2518 1357 2562 non

260 2600 430 2681 quitatibus
444 2598 623 2678 temporibus
636 2595 666 2655 in
681 2603 751 2655 scta-
760 2594 919 2673 inquirunt,
933 2612 1001 2654 cum
1014 2594 1057 2655 illi
1073 2594 1170 2655 nullas
1183 2613 1289 2675 poenaa
1303 2595 1357 2657 da·
1457 2645 1458 2656 ,

258 2692 354 2753 bunt:
375 2690 429 2749 sed
441 2689 490 2768 qui
504 2688 560 2748 tsle
581 2685 735 2747 consiliunt
757 2686 826 2746 darc
840 2696 988 2765 poterunt,
1000 2705 1054 2765 per
1065 2686 1151 2766 quod
1169 2686 1358 2747 incommoda

259 2782 325 2845 hoec
338 2780 553 2862 propulsentur.
588 2778 705 2839 Horum
719 2778 796 2838 enlm
809 2795 899 2857 opera
908 2798 961 2858 per
974 2778 1066 2839 otium
1080 2779 1161 2839 etde
1173 2779 1358 2841 illissumere

261 2874 437 2956 supplicium
457 2871 599 2953 poteritis.
627 2872 672 2931 Ac
692 2870 751 2931 alia
773 2871 892 2949 quidem
909 2874 1001 2933 verba·
1021 2874 1120 2933 omnia
1139 2890 1358 2953 superescanea

262 2988 325 3031 esse
339 2986 464 3029 censeo:
487 2985 554 3046 qoae
568 2975 666 3026 autem
680 2966 718 3025 sd
739 2964 977 3025 deliberationem
989 2965 1067 3026 hanc'
1079 2967 1233 3046 profutura
1243 2976 1356 3047 putem,

259 3082 297 3125 se
311 3062 410 3126 dicere
422 3062 562 3133 conabor,
575 3060 600 3121 si
623 3058 703 3139 prius
727 3057 785 3117 hoc
801 3069 916 3117 tontum
929 3059 1124 3139 postulavero,
1138 3059 1164 3119 si
1185 3051 1270 3137 cujus
1281 3059 1360 3119 forte

260 3156 331 3217 lacti
351 3153 527 3215 mentionem
541 3152 647 3222 fecero,
660 3149 742 3209 neid
764 3151 923 3211 sccusandi
936 3150 1034 3211 studio
1052 3170 1101 3212 me
1121 3152 1223 3212 dicere
1237 3152 1360 3231 putetis,

262 3249 316 3311 sed
339 3256 372 3308 ut
397 3246 432 3307 iis
456 3265 523 3327 quae
546 3255 609 3305 tum
631 3260 784 3324 perperam
802 3242 903 3321 egistis
924 3242 1089 3304 indicsudIs
1112 3261 1246 3317 caveam,
1270 3263 1309 3303 ue
1328 3242 1359 3301 in

261 3339 369 3401 similes
383 3339 485 3402 clades
498 3338 644 3398 incidetis.

778 3492 846 3553 XX.

302 3612 334 3673 Si
348 3610 435 3672 etiarn
455 3610 605 3693 superiore
620 3620 759 3690 tempore,
774 3610 983 3679 Athenienses,
998 3605 1086 3667 nullis
1100 3604 1365 3685 sddlctipartillus

263 3717 294 3769 et
308 3704 412 3767 itudiis
436 3704 479 3766 ite
500 3703 647 3783 tranquilli
665 3702 833 3776 fuissemus,
847 3712 880 3762 ut
901 3701 932 3760 io
951 3696 1109 3781 proesentis
1128 3710 1240 3771 sumus,
1256 3717 1313 3760 nec
1327 3702 1366 3759 ca*

261 3818 329 3881 quse
342 3818 421 3858 nuuc
439 3798 609 3859 lactescat
626 3806 765 3857 eventura
783 3796 874 3856 luisse
894 3794 1008 3875 opinor,
1021 3800 1054 3854 et
1070 3797 1243 3853 coeternum
1265 3794 1367 3853 mrum

260 3892 362 3954 multo
376 3890 407 3950 in
420 3890 487 3952 loco
499 3891 619 3951 meliore
636 3890 717 3950 vobis
736 3898 846 3950 essent.
888 3888 976 3948 Nunc
995 3884 1158 3967 poculentis
1175 3884 1369 3965 quorundum

261 3986 343 4059 lecit,
357 3992 454 4043 utnec
467 3985 593 4063 prodIrs,
606 4002 663 4044 nec
675 3993 822 4063 perorare,
836 3991 925 4063 atquc
939 3979 1013 4041 adeo
1031 3995 1070 4038 ue
1087 3977 1227 4039 ibcbotrs
1242 3977 1369 4059 quidm

263 4082 353 4142 licoat
363 4076 537 4138 cretionem.
578 4078 646 4145 Quo
657 4096 695 4155 ex
707 4090 740 4137 re
751 4074 845 4135 multa
857 4074 1006 4135 exsistunt
1022 4086 1115 4151 esque
1129 4070 1211 4131 Istud
1230 4070 1371 4132 Ictus&

266 4180 441 4255 opportuna
478 4168 572 4239 Quod
582 4169 611 4230 si
624 4169 683 4230 ista
691 4165 898 4248 percontando
908 4175 988 4237 sont,
1002 4172 1033 4225 et
1044 4180 1105 4225 non
1118 4163 1372 4225 considerandum·

264 4266 339 4342 quid
355 4266 404 4344 sgi
425 4262 592 4335 conveniet,
616 4262 788 4340 verbisque
798 4258 1008 4339 cupiditatibus
1033 4268 1113 4317 nunc
1128 4245 1367 4335 obsequeudltrn,

265 4356 428 4421 decernetis
442 4372 564 4438 eaque
573 4364 604 4416 et
615 4353 813 4435 superioribus
825 4352 1017 4433 temporibus,
1028 4347 1284 4422 mauricium,
1294 4361 1370 4409 con·

265 4450 375 4524 scendi,
403 4454 511 4515 tributa
539 4446 940 4525 cenomannicorum
964 4446 1028 4528 jam
1053 4447 1206 4527 oportere:
1239 4437 1374 4524 dudunt
