2967 4950
278 224 308 275 ,ι’

263 496 284 589 Ϊ
313 484 622 611 ssuuuttttuuu
642 528 869 595 onnurouts
891 530 948 591 un
968 518 1143 594 coneus
1162 492 1267 600 utu
1328 489 1332 522 ³

580 624 791 695 rucuuusu
810 622 998 687 nevius,

273 786 382 838 Munnrs
392 794 417 837 at
427 786 516 852 mugnis
527 790 597 837 rebus
607 786 762 837 Athenienses
775 786 911 851 urgentibus
927 784 957 835 sd
970 784 1076 835 uirernes
1085 786 1238 849 complendas
1248 794 1271 836 et
1284 803 1327 837 nn·

241 864 286 914 rint
296 864 391 928 imperii
401 880 478 915 cunm
488 866 669 929 suscipiendam,
680 866 800 915 decretum
811 866 846 923 tt,
856 871 883 913 ut
896 864 936 927 qn'i
949 863 1039 927 primns
1051 880 1066 912 e
1076 864 1205 913 triremium
1219 866 1327 928 proies&

241 954 326 994 wera
337 942 472 991 instructura
482 944 699 1001 haberetoeronttu
706 944 838 1006 acciperet:
847 941 1279 1005 qut-sunssnprtsttesuensunn.
1287 943 1326 990 hus

240 1024 431 1081 estpostrrnrern
447 1021 510 1068 diem
530 1022 625 1078 mensis,
640 1036 721 1071 nerem
738 1024 768 1071 ad
784 1022 870 1071 sellum
884 1036 933 1069 nou
946 1020 1106 1084 perduxisset,
1113 1021 1249 1069 vinciretur.
1280 1021 1328 1069 Fuit

241 1101 318 1143 entem
326 1096 351 1143 id
361 1096 445 1143 vallum
454 1103 570 1146 structura
580 1100 657 1161 portui
667 1100 795 1163 preposita
804 1105 863 1147 utet
872 1113 947 1147 usses
958 1098 1102 1147 commodius
1113 1099 1199 1159 appelli
1207 1106 1296 1161 posunt
1305 1105 1327 1146 et

241 1177 320 1221 uenter
329 1171 364 1220 ihi
377 1172 451 1221 torum
463 1174 583 1223 haherent.
615 1178 775 1239 Apollodorus
790 1176 863 1244 icitur
876 1174 905 1225 1².
916 1174 1032 1231 Pssiouis,
1042 1175 1083 1237 qui
1099 1189 1183 1223 mrem
1202 1175 1287 1238 prinus
1301 1192 1327 1224 ee

226 1245 228 1250 ’
241 1250 395 1313 perduraret,
405 1266 512 1301 ooronsrn
519 1253 621 1315 aceepit:
633 1270 686 1303 oum
697 1254 775 1303 autern
785 1270 866 1302 rursus
875 1253 981 1316 probatio
990 1252 1110 1317 proposita
1117 1259 1191 1312 esset,
1202 1262 1228 1302 ut
1236 1253 1257 1303 is
1265 1252 1325 1301 etim

242 1328 290 1455 qubi¹
298 1342 381 1455 nsrqlm
399 1328 552 1405 pulcherrime
564 1330 715 1380 instruxisset
724 1336 882 1389 coronaretur,
895 1344 946 1379 em
955 1344 1048 1393 quoque
1063 1344 1171 1379 eorunm
1181 1329 1326 1394 Apollodorus

242 1404 264 1453 si
281 1404 346 1455 ’ren
364 1404 420 1455 'cst

565 1610 1010 1626 m

512 1848 1068 1937 osmosunnurs

318 2074 388 2153 DE
412 2074 629 2156 CORONA
656 2074 1019 2155 PRAEFECTURAE
1044 2077 1257 2156 NAVALIS

691 2261 889 2331 ORATIO.

287 2438 315 2499 1.
337 2433 376 2496 Sr
389 2436 416 2499 ci
429 2434 480 2518 qui
493 2434 632 2518 plurimos
654 2434 824 2498 defensores
838 2434 938 2508 habet,
951 2443 1049 2517 patres
1068 2436 1236 2520 conscripti,
1252 2454 1328 2498 seua·

243 2529 428 2591 tusconsutto
446 2547 556 2590 corone
569 2529 697 2602 daretur,
707 2548 823 2610 ¹vaecors
838 2547 910 2590 sene
923 2549 1030 2604 essem,
1042 2530 1096 2610 qui
1113 2549 1180 2590 esm
1197 2539 1329 2611 peterem,

243 2637 312 2683 cum
334 2641 411 2682 unus
437 2621 652 2704 Cephisodotus
678 2622 751 2682 mihi
777 2623 816 2683 sit
843 2623 1054 2702 patrocinatus,
1079 2623 1330 2704 istis'complures.

244 2715 334 2775 Nunc
342 2714 430 2794 jussit
438 2715 564 2796 populus
578 2723 755 2795 quaestorem
774 2715 802 2776 ei
814 2734 953 2775 eoronam
973 2714 1043 2776 dare
1057 2716 1107 2795 qui
1124 2715 1268 2776 triremem
1278 2713 1330 2794 pri-

244 2823 312 2868 mus
325 2805 509 2868 instruxerit:
530 2807 561 2868 id
574 2807 654 2887 quod
667 2826 723 2886 ego
739 2807 806 2882 feci,
825 2816 1038 2888 proptereaque
1057 2828 1105 2868 me
1126 2827 1236 2869 censeo
1255 2824 1329 2869 coro·

243 2899 387 2962 nandum.
428 2900 563 2961 Demiror
572 2909 675 2962 autem
688 2900 761 2961 istos
772 2901 833 2981 qui,
844 2900 953 2962 triremi
962 2898 1110 2980 neglecta,
1124 2911 1256 2962 oratores
1268 2896 1329 2960 suh

243 3003 394 3066 ornarunt,
408 2993 539 3073 mihique
561 2993 604 3054 illi
621 2993 758 3054 ridentur
770 2993 891 3056 omnino
904 3013 923 3054 e
937 3014 969 3054 re
983 2995 1127 3067 aberrare,
1141 3003 1231 3074 etque
1241 2992 1331 3054 eristi·

244 3105 336 3162 mare,
350 3106 401 3148 vos
415 3107 475 3148 non
487 3086 522 3148 iis
542 3087 591 3167 qui
604 3086 700 3148 officio
715 3087 874 3166 fungantur
894 3085 1002 3146 hebere
1022 3086 1156 3166 gratiam,
1169 3086 1223 3148 sed
1236 3086 1270 3146 iis
1288 3084 1332 3164 qui

244 3179 283 3240 de
305 3199 341 3242 eo
365 3180 544 3260 glorientur;
569 3180 678 3260 inquo
699 3198 760 3239 non
781 3179 833 3252 ita,
854 3190 889 3239 ut
910 3198 977 3257 ego,
1001 3178 1039 3238 de
1059 3180 1141 3240 vobis
1163 3179 1331 3239 existiment.

244 3272 344 3350 Atque
357 3274 396 3333 ob
406 3292 471 3334 enm
483 3273 577 3354 ipsam
587 3292 649 3333 rem
659 3291 778 3351 coquum
791 3273 879 3333 fuerit
892 3291 945 3332 vos
958 3271 1028 3332 mihi
1040 3271 1138 3333 ferere
1147 3272 1263 3350 magis:
1282 3288 1331 3349 ego

244 3363 323 3423 euim
337 3383 389 3424 vos
407 3364 540 3425 meliores
558 3365 636 3426 siros
653 3365 768 3445 judico,
780 3384 870 3445 quam
884 3365 941 3426 isti.
982 3364 1111 3443 Equum
1130 3373 1227 3426 autem
1250 3372 1331 3435 esset,

244 3453 450 3527 Athenienses,
466 3464 497 3516 et
504 3456 629 3536 justum,
643 3468 678 3516 ut
690 3456 710 3517 ii
723 3458 773 3536 qui
786 3477 926 3519 coronam
936 3457 1046 3518 anobis
1060 3457 1147 3519 tribui
1159 3457 1215 3518 sihi
1228 3458 1332 3529 volunt,

244 3567 322 3610 esse
332 3548 438 3630 dignos
448 3569 513 3610 esse
523 3549 719 3622 ostenderent,
733 3551 874 3611 nonmihi
885 3551 1112 3612 maledicerent:
1133 3549 1333 3633 quodquando

244 3641 294 3701 isti
315 3641 367 3701 illo
381 3641 579 3722 praetermisso
592 3643 714 3715 iaciunt,
727 3644 883 3706 ostendam
893 3663 944 3705 eos
958 3644 989 3703 in
1001 3653 1126 3723 utroque
1140 3645 1266 3718 mentiri,
1278 3655 1334 3704 tum

242 3731 275 3793 in
288 3733 452 3814 semetipsis
465 3735 716 3810 commendandis,
730 3745 794 3796 tum
806 3737 837 3797 iu
855 3735 940 3798 nobis
961 3735 1152 3810 insectandis,
1165 3734 1333 3818 proferendo

243 3845 291 3887 res
305 3845 323 3888 a
335 3836 469 3888 nostrum
482 3829 612 3908 utrisque
631 3838 742 3909 gestas.

284 3921 316 3980 2.
338 3919 465 3981 Decreto
476 3939 494 3980 a
506 3921 589 3981 vobis
603 3921 692 3996 fecto,
706 3920 839 4001 quisquis
853 3931 923 3982 ante
937 3921 1027 4002 pridie
1037 3921 1228 3983 calendarum
1239 3939 1333 3984 navem

244 4011 284 4074 sd
297 4013 407 4074 vallum
431 4031 490 4072 non
514 4013 715 4093 protraxisset,
730 4022 764 4072 ut
781 4012 897 4073 vinctus
910 4004 1024 4094 judicio
1042 4013 1216 4088 traderem,
1231 4024 1334 4076 etcor-

244 4107 369 4176 firmato‚
384 4124 440 4186 ego
448 4103 587 4184 {protraxi
600 4114 631 4165 et
644 4125 709 4166 eum
728 4106 766 4166 ob
787 4124 848 4166 rem
866 4124 1053 4166 coronarum
1066 4126 1084 4167 a
1097 4108 1180 4168 vobis
1194 4107 1333 4169 donatus:

241 4198 293 4259 isti
310 4206 409 4260 eutem
430 4217 490 4257 uon
507 4205 722 4276 protraxerunt,
736 4197 859 4277 proinde
879 4198 980 4259 vinciri
1001 4198 1176 4260 debuerunt.
1217 4201 1264 4260 An
1281 4217 1333 4258 nou

243 4289 332 4369 igitur
345 4311 407 4352 rem
421 4289 660 4353 absurdissimam
675 4289 800 4364 facietis,
813 4290 839 4351 si
852 4287 904 4353 eos
917 4292 967 4372 qui
989 4292 1041 4352 tali
1053 4291 1165 4353 mulcta
1183 4313 1217 4354 se
1230 4292 1333 4372 obliga·

245 4390 314 4442 runt
328 4383 526 4447 eoronabitist
561 4383 750 4446 Armameuta
762 4401 860 4465 porro,
872 4402 947 4466 quse
964 4385 1081 4468 publice
1094 4385 1255 4468 praebenda
1272 4392 1333 4449 sunt
