2967 4950
226 277 285 336 sse
434 221 717 376 '‘wunnsns
740 273 1051 344 eruunuaruu.

180 465 186 482 »
228 428 476 514 Vereruutii'qui
489 441 523 495 se
536 430 585 496 iuri
595 439 749 502 ιιιιιιιιιι
765 428 949 497 ὥοιιιιιῑιιί
963 427 1114 498 officium
1125 437 1156 489 st
1168 427 1329 508 mancipio,

226 541 326 600 quasa
342 523 487 587 Mnesiele
510 544 565 588 nos
582 543 765 591 emeramust
787 540 882 601 neque
897 521 946 586 isti
962 521 1121 600 quicquam
1133 520 1261 600 simplex
1273 530 1328 585 out

226 629 343 693 equum
356 615 526 689 efferebant,
538 617 591 680 sed
604 616 713 696 ubique
726 614 871 680 mendacii
890 613 1159 682 convincebantur
1181 612 1327 674 Moesicle

226 727 312 786 porro
332 709 530 792 uenditionem
555 709 639 771 nobis
661 708 866 777 oonbnsute.
887 705 1085 774 conditionem
1108 704 1194 773 nobis
1216 705 1326 777 ferunt,
1342 767 1357 775 ι.

224 817 312 876 quam
326 820 381 860 nos
396 801 598 880 repudiaturus
612 801 878 879 prouenturum
896 797 1023 877 paeuuiu
1035 796 1116 866 omni
1128 816 1146 860 u
1160 816 1192 858 aa
1204 806 1328 875 recepte

225 891 454 965 discederemus,
477 902 529 953 aut
551 892 620 971 ipsis
643 892 869 956 dissolveremus
891 907 930 955 cu
952 909 1019 967 qum
1042 888 1234 967 postcurrat,
1251 907 1327 951 cuu-

226 993 326 1044 rantes
345 1004 399 1044 nor
413 985 520 1044 habere
534 1004 601 1062 quse
616 984 704 1064 longe
718 982 836 1062 majoris
850 981 937 1060 pretii
949 990 1049 1045 errem
1069 999 1160 1058 quam
1179 975 1325 1058 ommni

225 1095 280 1136 nor
304 1078 496 1138 dedissemus.
538 1079 653 1146 Quibus
676 1097 732 1155 ego
752 1077 873 1147 auditis,
893 1075 1002 1147 etcum,
1016 1073 1081 1140 cine
1102 1073 1326 1148 deliberatione,

224 1170 343 1248 promisi
358 1190 404 1230 me
418 1182 614 1250 recepturum,
627 1181 656 1230 et
671 1170 789 1252 Erergo
802 1167 932 1248 possead
947 1177 980 1230 ut
992 1166 1181 1236 consentiret·
1223 1168 1326 1234 Quum

222 1271 323 1322 autem
336 1262 463 1341 pecunie
476 1262 561 1322 nabis
582 1261 766 1324 numerando
781 1259 871 1331 esre't,
880 1271 916 1324 ‚et
936 1279 983 1323 res
997 1278 1034 1321 eo
1055 1259 1258 1338 processores,
1270 1279 1325 1328 ue·

224 1367 333 1432 gerunt
345 1355 383 1414 ds
397 1363 507 1414 cataro
521 1371 553 1413 rc
567 1353 688 1413 daturos
701 1354 752 1432 qni
765 1365 835 1414 tunc
854 1353 907 1414 iile
919 1350 1124 1430 promiserunt,
1136 1350 1192 1419 nisi
1209 1371 1266 1413 nos
1278 1352 1328 1415 ais

222 1446 440 1524 possessionum
452 1445 621 1520 venditores
634 1447 789 1516 berenna
809 1445 838 1506 in
851 1463 922 1524 quo,
933 1444 1138 1515 Athenienses,
1151 1444 1325 1522 upiebsutr

160 1597 166 1600 .
223 1556 292 1598 curn
305 1537 439 1600 riderent
450 1539 556 1618 quibus
574 1557 634 1598 nos·
642 1537 690 1598 iti
702 1538 855 1603 calumniis
867 1549 1021 1600 emunt.
1062 1537 1104 1598 Ut
1116 1536 1204 1616 igitur
1216 1536 1325 1598 senec

223 1648 293 1690 vera
304 1649 367 1710 epe
382 1640 507 1704 constet,
521 1631 610 1692 etiam
623 1631 688 1691 brec
702 1626 870 1692 testimonio
882 1629 991 1709 capito·

636 1817 911 1914 Ιτιιετιιιοιιιι.

263 1964 294 2027 4.
316 1961 392 2022 Cum
414 1974 514 2026 entem
539 1965 633 2028 resin
658 1983 694 2024 eo
714 1963 898 2034 consisteret,
916 1972 946 2022 et
967 1961 1122 2042 pecuniam
1142 1961 1162 2020 ii
1179 1981 1253 2041 quos
1266 1962 1324 2025 itte

222 2053 386 2116 adduxerat
399 2075 458 2116 non
474 2065 714 2129 numerarentet
733 2075 787 2132 nos
807 2075 875 2137 quae
888 2042 1059 2116 eruissemus
1080 2074 1140 2113 non
1159 2053 1264 2135 injuria
1276 2065 1323 2119 te·

173 2199 177 2204 .
221 2164 290 2204 nere
304 2147 477 2218 videremur,
488 2147 684 2227 supplicabat,
696 2147 906 2217 obtestabatur,
922 2145 1095 2227 obsecrabat
1109 2154 1143 2204 nt
1154 2145 1324 2207 venditores

220 2235 366 2298 fieremus.
407 2240 532 2298 Petente
546 2259 614 2298 vero
628 2240 685 2298 isto
700 2250 731 2299 et
745 2238 870 2297 multum
884 2256 932 2296 me
944 2238 1104 2309 obtestato,
1117 2246 1147 2296 et
1162 2236 1234 2296 nihil
1260 2258 1322 2298 non

220 2327 356 2401 iaciente,
370 2329 400 2388 id
415 2331 686 2408 quoqueconcessi.
728 2331 789 2389 Sed
802 2329 871 2408 quin
884 2349 951 2388 euru
966 2329 1145 2388 malitiosum
1159 2347 1224 2389 csse
1237 2329 1322 2390 vide·
1389 2337 1392 2342 '

220 2420 305 2501 bani,
325 2421 533 2497 Athenienses,
552 2432 582 2483 et
606 2425 643 2485 ab
667 2422 749 2485 initio
770 2421 946 2484 Mnesiclenr
968 2420 1048 2501 apud
1074 2429 1128 2502 uos
1152 2439 1323 2499 accusasse,

218 2532 327 2585 rursus,
341 2534 409 2573 cunr
434 2534 565 2577 summus
583 2525 662 2577 esset
680 2515 787 2594 Evergi
806 2514 915 2575 amicus
937 2514 1104 2592 suscepisse
1125 2533 1193 2573 cum
1214 2516 1322 2579 eodem

220 2603 396 2679 inimicitias,
409 2616 439 2667 et
457 2606 582 2687 primum
603 2627 669 2667 curn
688 2626 746 2686 ego
759 2605 904 2669 redissem
924 2604 1063 2689 gratulari
1076 2606 1146 2665 mihi
1162 2605 1322 2671 adrentum

160 2776 166 2785 Ι
218 2705 249 2759 et
263 2697 391 2773 gaudere
412 2698 577 2777 conspectu
591 2719 668 2777 meo,
683 2700 733 2761 ubi
752 2718 821 2759 vero
834 2698 979 2781 promisse
991 2699 1161 2777 praetendo
1174 2711 1260 2764 erant
1273 2702 1320 2763 in·

218 2784 334 2859 sensum
349 2789 418 2852 mihi
431 2790 552 2863 iactum,
566 2792 702 2853 omnibus
722 2792 850 2871 denique
865 2790 1008 2871 mutisper
1026 2810 1092 2851 esse
1108 2793 1234 2853 amicum
1248 2794 1321 2858 dum

219 2879 327 2959 aliquid
342 2880 493 2959 occuparit
506 2891 536 2941 et
549 2903 614 2960 quoe
628 2894 713 2961 rogat
725 2883 879 2963 impetrate
891 2882 1003 2956 tulerit,
1015 2893 1082 2961 post
1094 2883 1244 2951 inimicum
1256 2886 1321 2947 fieri

219 2980 250 3053 et
272 2972 481 3050 adversarium,
503 2974 646 3049 volebam,
670 2995 737 3038 curn
760 2976 867 3036 οιιιίιιο
891 2985 1045 3039 conuecto
1067 2976 1163 3055 priore
1187 2996 1240 3056 pro
1261 2976 1321 3038 isto

149 3116 154 3127 .
217 3064 351 3129 uenditor
370 3064 480 3141 fierem,
494 3064 536 3125 sic
549 3084 616 3128 curn
638 3085 673 3131 eo
696 3065 863 3136 convenire,
878 3076 911 3124 ut
924 3066 1003 3134 onrni
1017 3065 1148 3145 periculo
1169 3077 1323 3134 transacta

217 3176 249 3217 re
274 3156 421 3222 liberarer·
464 3157 519 3223 His
542 3159 703 3231 concessis,
719 3160 774 3221 iste
797 3159 987 3237 meomnioo
1007 3148 1128 3221 missurn
1148 3161 1239 3222 iecit:
1260 3184 1321 3245 ego

217 3270 287 3313 vero
300 3250 446 3324 venditor,
459 3261 492 3313 ut
512 3254 697 3330 precabatur,
716 3252 813 3313 sactus
832 3271 907 3317 sum,
919 3251 1150 3332 possessionum,
1174 3256 1320 3333 quemad-

217 3342 338 3420 modum
352 3361 403 3403 eas
420 3341 482 3420 ipre
495 3362 514 3403 a
528 3344 671 3405 Mnesicle
685 3363 822 3405 emerem.
850 3344 990 3424 Receptis
1004 3344 1094 3423 igitur
1107 3345 1180 3406 meis
1194 3355 1224 3410 et
1236 3348 1321 3412 nulla

216 3433 265 3497 ‘nu
277 3435 359 3509 facta
376 3434 492 3513 injuria,
506 3435 548 3498 ita
567 3434 673 3497 medii
695 3438 771 3498 bene
788 3447 898 3509 ament,
912 3436 999 3497 etiarn
1020 3436 1131 3520 siquid
1149 3438 1322 3515 accidisset,

216 3545 365 3604 nunquam
379 3528 441 3603 iore
455 3527 555 3607 putavi
568 3538 603 3591 nt
615 3548 663 3591 me
677 3528 706 3588 in
715 3530 768 3608 jus
781 3539 911 3591 vocaret.
953 3529 1014 3589 R'es
1025 3528 1114 3610 igitur
1124 3529 1162 3589 de
1176 3551 1236 3609 qua
1249 3552 1319 3607 senff

152 3609 158 3627 '
215 3618 338 3684 tentiam
351 3620 462 3693 feretis,
475 3629 506 3682 et
524 3629 747 3705 propterquam
760 3614 906 3683 calumnia
919 3614 1045 3685 vexatus
1058 3620 1187 3683 dandam
1201 3620 1270 3686 erse
1289 3627 1320 3688 ei

216 3711 361 3787 actionem
373 3712 490 3791 negari,
503 3712 568 3776 berc
583 3722 638 3785 est,
653 3713 794 3783 Jndices:
816 3711 952 3773 adductis
965 3723 1063 3774 autem
1078 3712 1202 3773 testibus
1216 3713 1251 3774 iis
1263 3717 1318 3795 qui

217 3803 521 3878 aduersaecurniste
535 3825 582 3865 me
599 3803 765 3881 absolveret
785 3824 820 3867 ec
840 3804 988 3877 liberaret,
997 3803 1060 3883 jam
1073 3824 1153 3865 nnnc
1167 3826 1227 3867 uon
1241 3807 1319 3869 dun-

126 3938 130 3947 ·
217 3897 287 3963 deur
300 3914 365 3957 esse
378 3896 663 3977 acuomnleginus,
678 3897 843 3960 ostendam.
865 3897 944 3977 Lege
953 3896 1022 3957 mihi
1034 3897 1092 3959 hoc
1105 3898 1318 3963 testimonium.

608 4052 916 4142 rusurutouiuu.
1026 4055 1030 4061 ’

177 4261 180 4276 ,
215 4207 296 4286 Lege
309 4206 379 4267 mihi
393 4216 424 4267 et
436 4214 599 4287 emptorum
613 4206 825 4282 testimonium,
838 4218 873 4270 nt
884 4208 997 4282 scistis,
1010 4208 1071 4271 icto
1078 4210 1203 4290 jubente
1216 4233 1265 4274 nc
1277 4235 1317 4277 eo

215 4300 380 4363 vendidisse
393 4299 438 4373 iis,
453 4298 560 4380 quibus
573 4298 628 4361 iste
637 4300 776 4379 jusserat
