2967 4950
294 271 297 275 ⁵
384 259 460 372 Dii
480 281 594 347 MALE
613 283 750 346 GESTA
778 276 1087 352 ΕΕΟΑΤῘΟΝΕἩ
1227 295 1262 358 dl

165 439 377 533 trucidassent,
391 459 459 499 cum
480 389 637 506 l’baloecus
656 449 730 501 ante
738 429 847 516 ιιιειιιιι,
862 443 1016 530 Stephani,
1031 443 1171 526 Dercylli,
1180 405 1268 508 cete

165 551 325 611 rerumque
338 523 513 610 legatorum,
524 523 862 613 qniadAmphictyonas
876 535 959 596 missi
970 547 1064 610 erant,
1078 538 1203 622 reditum
1208 557 1268 622 per

165 627 303 686 inducias
322 625 461 684 dimissus
489 635 578 697 esset,
599 645 665 684 cum
684 625 873 687 Orchomenii
894 640 974 689 metu
998 629 1151 708 perterriti,
1175 632 1270 693 salute

166 711 341 797 corporibus
359 717 421 777 suis
434 727 534 797 pacta,
547 711 669 796 polliciti
684 711 795 791 essent,
808 739 841 778 se
863 720 979 782 Boeotia
1000 741 1177 794 excessuros,
1200 743 1268 784 cum

114 858 119 864 .
167 811 381 870 Thebanorum
400 809 489 900 legati
509 809 672 896 adstarent,
687 829 755 869 cum
771 821 873 890 aperte
885 813 1045 875 inimicitia
1059 815 1185 894 Philippi
1198 835 1273 894 erga

167 903 331 962 Thebanos
352 913 383 962 et
399 894 558 968 Thessalos
578 877 732 978 restdrent,
755 913 817 963 tum
830 923 877 964 res
894 906 1053 984 pen'emnt,
1072 927 1130 966 non
1151 919 1279 994 propter·

165 1015 228 1066 mc,
244 994 295 1054 sed
309 1009 363 1074 per
374 1005 456 1054 tuam
468 995 672 1104 proditionem,
684 1006 715 1056 et
727 988 884 1056 amicitiam
898 1011 967 1056 cum
976 989 1133 1060 Thebanis.
1155 989 1278 1061 'Harum‘

166 1099 332 1167 egorerum
341 1106 392 1146 me
401 1085 515 1166 magna
524 1097 699 1167 argumenta
704 1089 886 1168 prolaturum
896 1081 1026 1150 arbitror.

210 1184 262 1240 44.
284 1179 399 1240 Nam
376 1199 401 1239 ιι
422 1178 493 1259 quid
513 1198 702 1258 eorumquae
721 1191 755 1241 tu
775 1182 859 1252 dicis,
880 1201 981 1241 verum
1002 1192 1091 1254 esset,
1111 1183 1216 1246 Boeotii
1239 1195 1275 1258 et·

166 1274 368 1334 Phocensium
380 1271 500 1332 exsules
519 1291 566 1332 me
579 1283 768 1334 accusarant:
789 1267 914 1352 quorum
928 1273 1001 1334 alios
1014 1275 1176 1354 ejecissem,
1194 1278 1274 1340 alios

166 1367 208 1426 ab
221 1362 327 1426 sssilio
349 1359 479 1434 reuocari
498 1362 721 1443 prohibuissem.
757 1367 844 1426 Nunc
863 1385 924 1426 non
944 1377 1050 1427 eventu
1073 1369 1269 1444 considerato,
1347 1431 1349 1436 ,

166 1459 223 1520 sed
237 1458 338 1518 studio
350 1468 416 1516 meo
436 1459 636 1536 comprobato,
650 1458 831 1518 Bassorum
850 1461 990 1519 exsulum·
1007 1461 1163 1520 concilium
1177 1462 1268 1522 advo-

166 1561 253 1612 catos
267 1550 337 1609 mihi
358 1550 477 1610 creavit.
510 1549 629 1609 Adsunt
639 1560 671 1616 et
684 1550 911 1611 ePhocensium
931 1551 1050 1612 urbibus
1066 1552 1172 1632 legati,
1194 1567 1276 1633 quos*

167 1661 228 1723 ego
249 1639 336 1702 tertia
353 1639 392 1700 ad
402 1641 635 1720 'Amphictyonas
648 1640 795 1719 legatione
813 1645 992 1714 conservavi,
1007 1665 1075 1705 cum
1092 1647 1179 1706 OEtoei
1199 1667 1269 1708 cen·
1280 1714 1286 1720 ,

167 1744 278 1808 serent,
292 1736 418 1815 puberes
435 1729 479 1792 de
494 1753 566 1812 rupe
585 1731 814 1812 prrecipitandos
836 1753 912 1806 esse,
933 1744 1021 1814 atque
1038 1737 1081 1798 ad,
1094 1739 1270 1820 Amphicty·
1355 1750 1358 1754 '
1436 1743 1445 1760 '

168 1843 246 1890 onas
268 1827 389 1898 adduxi,
413 1835 446 1885 ut
463 1826 507 1886 eis
526 1825 643 1886 dicendi
660 1846 714 1905 pro
734 1845 768 1886 se
786 1821 919 1904 potestas
932 1827 1060 1888 daretur.
1098 1832 1175 1891 Nam
1190 1833 1268 1893 Pha-

167 1921 262 1980 laecus
275 1918 418 2000 tyrannm
431 1918 519 1981 certis
532 1913 984 1991 conditionibustdimissuserat,
993 1916 1268 1984 hominibus-autem

106 2049 111 2058 ·
167 2013 335 2075 insontibus
344 2012 464 2072 mitium
475 2009 656 2082 imminebat,
667 2011 721 2088 qui
736 2029 784 2069 me
797 2010 999 2090 patrocinante
1012 2005 1082 2072 sunt
1095 2006 1272 2088 conservatis
1302 2007 1305 2010 ’

170 2107 218 2166 Ut
227 2116 326 2166 autem
339 2100 410 2164 v'era
421 2121 469 2163 rue
478 2103 712 2174 dicere-constet,
722 2122 797 2164 vocs
806 2101 876 2164 mibi
887 2105 1063 2166 Mnasonem
1077 2107 1269 2180 Phocensem,

169 2200 297 2280 ejusque
315 2193 470 2275 legationis
485 2194 627 2272 collegas,
641 2204 672 2254 et
691 2197 744 2255 ens
764 2197 814 2274 qui
834 2192 987 2258 a'Boeotio
1007 2199 1110 2260 exsilio
1122 2209 1197 2260 'sunt
1217 2201 1270 2260 de·

169 2291 251 2351 lecti.
282 2287 469 2352 Adscendite
481 2287 551 2359 huc,
571 2283 674 2366 Lipare
687 2298 719 2347 et
731 2286 849 2367 Pythio,
863 2283 1043 2369 eandemque
1057 2292 1096 2351 ad
1110 2283 1177 2352 vitae
1191 2293 1271 2354 inco·

169 2384 335 2446 lumitatem
348 2382 419 2443 mibi
439 2381 562 2467 gratiam
574 2381 693 2452 referte,
707 2377 981 2462 quam'ego'vobis
998 2386 1121 2446 contuli.
1145 2375 1147 2382 ’
1215 2421 1218 2426 ι
1257 2421 1270 2428 ·-

258 2587 506 2684 an'vochnm
527 2602 794 2665 summorum
820 2570 870 2717 nu]
890 2562 1186 2670 mocmsmuss
1266 2604 1270 2611 ’

85 2826 90 2833 ¹
172 2752 243 2811 Non
261 2769 330 2811 vero
349 2750 449 2828 inique
461 2768 577 2832 mecum
600 2760 747 2829 ageretur,
761 2750 786 2811 si
809 2748 1045 2811 accusante’me'
1057 2749 1272 2827 Demosthene,

147 2870 153 2879 ·
170 2844 592 2923 Thebanorumproouratore,
605 2844 824 2903 aoGrsecorum
837 2839 1062 2922 improbissimo,
1074 2846 1273 2909 Phocensibus

173 2934 274 2998 autem
288 2935 453 2996 etBoeotiis
461 2936 535 2994 mihi
546 2935 811 3015 patrocinantibus,
823 2934 1037 2995 'condemnarer
1047 2936 1060 2993 l
1072 2984 1074 2987 .
1170 2932 1173 2939 ’

214 3019 264 3091 45.
286 3032 389 3091 Ausus
403 3038 554 3108 porro‘est
565 3028 672 3099 dicere,
685 3026 757 3086 meis
766 3026 868 3107 ipsius
882 3028 978 3087 verbis
992 3023 1200 3095 me‘convinci.
1223 3028 1274 3087 Ait

173 3124 252 3186 enim
263 3143 312 3201 me
326 3121 449 3192 dixisse,
468 3142 537 3182 cum
556 3120 746 3181 Timarchum
769 3137 949 3193 accusarem,
968 3138 1069 3181 omncs
1084 3116 1273 3200 impudicitiae

139 3227 141 3231 ’
172 3220 284 3279 famam
302 3215 347 3275 de
360 3234 397 3273 eo
410 3214 578 3337 accepisse:
600 3212 767 3311 Hesiodum
781 3220 880 3271 autem
894 3210 1081 3291 praestantem
1097 3220 1222 3291 poetam
1229 3210 1274 3273 di

174 3329 255 3433 cere,
344 3376 346 3379 y

368 3442 443 3499 Quam
454 3426 624 3498 populisermn
635 3434 739 3482 celebrat
750 3432 856 3490 eseban*
848 3432 914 3481 irrita
925 3447 1042 3494 nunquam

368 3516 439 3563 Fama
448 3514 512 3561 cadit
518 3513 622 3576 penitus,
631 3514 683 3560 Des
694 3514 801 3575 quaedam
815 3528 868 3559 oum
880 3510 912 3559 sit
918 3520 941 3560 st
952 3512 1014 3574 ipss.

173 3669 310 3729 Eandem
323 3666 412 3747 igitur
429 3667 516 3728 deam
529 3686 610 3726 nunc
621 3665 722 3727 venire
740 3684 787 3727 me
801 3674 991 3741 accusatum
1014 3682 1117 3725 omnes
1138 3664 1215 3725 enim
1230 3664 1275 3725 di·

174 3781 252 3833 cere,
264 3780 312 3820 me
325 3759 481 3840 pecuinam
493 3759 643 3835 accepisse
657 3776 676 3815 a
695 3756 842 3835 Philippo.
865 3755 942 3821 Satis
957 3765 1055 3818 autem
1070 3757 1162 3829 scitis,
1183 3756 1276 3821 Athe.-

113 3903 121 3908 ,
173 3852 303 3921 nienses,
317 3851 394 3911 inter
406 3850 516 3916 famam
523 3858 557 3908 'et
565 3846 742 3913 calumniam
751 3847 908 3925 plurimum
922 3846 1074 3917 interesse.
1096 3848 1188 3912 Fama
1197 3848 1276 3909 enim

174 3964 242 4006 cum
262 3942 465 4004 criminatione
485 3940 557 4001 nihil
580 3939 856 3999 habetcommune:
880 3938 1043 3999 criminatio
1056 3960 1133 4007 vero⁴
1146 3950 1178 3999 et
1194 3939 1275 4025 calu·

173 4036 257 4099 mnia
264 4054 412 4116 germana
423 4044 493 4095 sunt
506 4050 632 4093 sorores.
653 4033 785 4097 Quarum
799 4039 953 4109 utramque
966 4031 1117 4111 perspicue
1128 4026 1277 4097 definiam.

173 4132 269 4191 Fama
281 4142 338 4201 est,
353 4149 420 4197 cum
434 4121 595 4187 multitudo
608 4123 715 4183 civium
728 4123 817 4194 ultro,
832 4122 914 4191 nulla
927 4124 964 4183 de
974 4141 1074 4195 causa,
1087 4123 1125 4181 de
1135 4141 1167 4181 re
1178 4122 1276 4201 aliqua

93 4221 95 4224 ’
173 4226 314 4304 loquitur,
336 4221 521 4303 quasilacta
537 4218 592 4278 sit:
614 4217 761 4277 calumnia
780 4218 849 4276 vero
871 4226 927 4285 est,
950 4232 1016 4275 eum
1032 4228 1109 4273 unus
1130 4212 1174 4273 vir
1194 4215 1274 4299 apud

173 4318 283 4378 multos
306 4315 427 4376 crimine
441 4311 587 4390 conjecto,
599 4320 661 4371 ῖοιιι
674 4311 705 4370 in
726 4308 918 4370 concionibus
932 4307 1078 4377 omnibus,
1092 4324 1179 4384 quam
1198 4304 1275 4386 apud

174 4418 322 4485 senatum,
340 4407 466 4487 aliquem
480 4404 661 4467 criminatur.
682 4404 727 4464 ilc
741 4404 842 4463 Famoe
864 4400 984 4479 quidem
999 4418 1083 4461 sacra
1101 4398 1219 4477 publice
1233 4399 1277 4459 la-
1367 4408 1377 4423 '
