2967 4950
246 319 287 414 se·
480 415 483 421 .
517 410 522 417 N
595 314 641 385 r'n
661 323 998 388 cassiniacus-nu.

226 489 350 543 -essent
361 480 444 562 passi
462 475 578 561 legatos
597 483 715 563 operiri,
727 479 835 562 quihus
848 502 884 543 eo
901 492 1031 563 tempore
1044 481 1075 540 in
1086 473 1236 540 Graeciam
1251 479 1349 546 missis

240 583 338 634 maes
351 574 594 647 cohortahamini,
614 585 649 635 nt
664 575 805 635 adversus
820 575 987 655 Philippum
1007 574 1154 634 communi
1176 573 1349 632 Graecorum

249 666 374 728 concilio
390 667 574 738 interessent,
590 668 723 728 licuisset
740 678 772 727 et
790 687 933 747 processu
953 667 1094 746 temporis
1109 667 1187 724 ultro
1199 665 1284 724 vobis
1299 663 1348 723 de-

249 761 341 821 latum
355 782 374 822 a
388 761 502 822 Graecis
516 761 670 841 imperium
690 755 864 821 obtinuisse.
905 761 979 820 Hoec
999 771 1101 838 erepta
1113 758 1196 818 vobis
1215 767 1287 817 sunt
1299 771 1350 836 per

250 855 483 926 Demosthenem
495 863 525 912 et
537 853 735 913 Philocratem
750 848 1022 931 eorumque'turpes
1040 851 1232 929 corruptelas,
1247 851 1349 928 quibus

248 947 363 1007 inducti
376 955 478 1005 contra
497 953 625 1004 vestram
639 965 731 1026 remp.
746 946 944 1025 conjurarunt.
974 943 1063 1011 Quod
1083 944 1108 1002 si
1125 951 1253 1003 vestrum
1277 961 1348 1000 non-

251 1040 340 1099 nullis
354 1040 459 1118 raptim
473 1038 536 1098 hoec
551 1047 581 1096 et
593 1038 752 1119 derepente
767 1038 952 1099 audientibus
965 1037 1054 1117 paulo
1072 1036 1273 1096 incredibilior
1285 1034 1347 1092 hoe‘c

251 1131 368 1191 aecidat
381 1131 483 1203 oratio,
493 1130 532 1189 ad
543 1151 655 1210 eaquae
666 1141 887 1210 consequuntur
900 1130 943 1189 ita
955 1131 1068 1188 animos
1083 1128 1238 1198 attendite,
1251 1146 1349 1206 quem·

252 1223 413 1283 admodum
434 1243 502 1282 cunr
523 1224 562 1282 de
584 1225 739 1303 insumptis
768 1223 900 1303 pecuniis
917 1233 985 1301 post
1005 1223 1128 1300 longum
1148 1221 1289 1298 temporis
1307 1217 1351 1276 iu-

251 1316 405 1376 tervallum
424 1316 463 1376 ad
482 1316 609 1377 rationes
623 1317 825 1396 reposcendas
842 1315 999 1375 sedenms:
1021 1333 1233 1393 nonnunquam
1251 1313 1350 1390 utique

253 1409 344 1491 falsas
367 1410 456 1469 domo
476 1409 514 1469 de
533 1410 693 1470 rationibus
714 1410 865 1490 opiniones
886 1409 1041 1479 afferimus,
1062 1427 1162 1469 verum
1183 1407 1235 1466 ubi
1251 1425 1300 1464 'eoe
1322 1405 1350 1462 in

136 1498 141 1509 '
252 1521 397 1561 summam
417 1502 551 1561 collectae
564 1503 682 1574 luerint,
704 1522 793 1562 nemo
813 1514 947 1564 nostrum
971 1502 1046 1562 adeo
1068 1501 1224 1580 praefracto
1244 1507 1292 1557 est
1310 1497 1351 1590 lu-

253 1595 352 1672 genio,
366 1594 437 1674 quin
451 1594 525 1653 illud
540 1594 697 1655 discedens
716 1596 844 1655 fateatur
858 1605 888 1655 et
904 1603 1017 1656 annuat
1038 1613 1103 1652 esse
1125 1611 1237 1661 verum,
1260 1587 1352 1666 quod-

253 1705 368 1762 cunque
381 1686 447 1764 ipsa
459 1687 605 1746 rationum
620 1689 777 1748 subductio
791 1687 917 1778 evicerit.
940 1689 986 1746 lta
1001 1687 1088 1746 etiam
1103 1692 1134 1744 et
1148 1701 1227 1742 nunc
1241 1681 1353 1740 animos

254 1777 408 1837 allendile·
447 1779 557 1855 Siquis
578 1790 708 1839 vestrum
732 1780 822 1838 talem
844 1781 1020 1858 opinionem
1024 1776 1200 1852 jamdudum
1223 1790 1354 1853 compre·

143 1936 147 1960 ι
219 1939 223 1952 ὶ
253 1867 376 1926 hensarn
396 1867 614 1934 demonstrare,
637 1868 708 1922 nibil
722 1887 853 1944 unquam
869 1870 1110 1939 Demosthenem,
1130 1864 1256 1924 coitione
1277 1865 1355 1922 facta

254 1977 322 2018 oum
336 1957 515 2026 Philocrate,
528 1975 582 2033 pro
597 1954 734 2033 Philippo
746 1957 959 2032 dixisse—nui
972 1979 1007 2017 eo
1021 1961 1140 2035 inquam
1154 1955 1253 2015 animo
1263 1965 1319 2024 est,
1330 1956 1355 2014 is

255 2070 352 2128 neque
366 2050 499 2110 absolvat
517 2065 694 2127 quemquam
713 2065 809 2125 neque
824 2048 1017 2119 condemnet,
1030 2051 1201 2126 priusquam
1216 2047 1354 2116 audierit;

255 2162 352 2222 neque
365 2142 444 2201 enim
456 2140 488 2198 id
502 2159 621 2218 aequum
635 2149 699 2199 est:
721 2149 753 2199 at
765 2139 789 2198 si
803 2159 849 2199 ma
861 2140 959 2218 paucis
965 2138 1173 2198 -auscultaretis
1183 2149 1214 2198 et
1225 2149 1357 2218 tempora

256 2242 533 2299 commemorantem
549 2243 580 2291 et
597 2232 759 2306 decretum,
780 2233 860 2311 quod
874 2233 1041 2292 Philocrate
1061 2231 1141 2291 socio
1161 2232 1279 2310 scripsit
1298 2232 1357 2291 De-

255 2329 434 2400 mosthenes,
447 2325 653 2406 proferentem,
668 2326 771 2406 siipsa
784 2325 913 2385 veritatis
929 2327 1110 2386 ratiocinatio
1125 2326 1357 2386 Demosthenem

257 2421 438 2502 implicatum
457 2419 624 2499 coarguerit
635 2419 721 2499 plura
738 2418 908 2489 Philocrate
918 2419 1038 2480 decreta
1059 2418 1097 2479 de
1112 2419 1205 2499 prima
1219 2419 1271 2479 illa
1287 2439 1360 2500 pace

257 2524 289 2574 et
309 2514 450 2576 societate
470 2512 690 2591 conscripsisse,
714 2532 772 2593 per
796 2532 940 2571 summum
962 2530 1048 2591 porro
1070 2511 1198 2571 dedecus
1223 2511 1360 2592 Philippo

258 2606 378 2686 ejusque
391 2604 496 2683 legatis
511 2605 663 2665 adulatum
682 2625 759 2679 esse,
772 2605 803 2664 in
822 2624 913 2665 causa
933 2614 1075 2683 praeterea
1087 2604 1176 2663 fuisse
1191 2624 1252 2682 quo
1267 2606 1361 2664 minus

258 2717 337 2775 resp.
347 2697 550 2757 consentiente
563 2697 734 2757 Graecorum
749 2698 874 2758 concilio
888 2716 991 2777 pacem
1003 2696 1123 2769 faceret,
1136 2698 1359 2772 postremo-Cer·

142 2873 151 2880 ἱ
260 2789 422 2867 sobleptem
437 2796 542 2867 regern
551 2790 694 2864 Thraciae,
709 2792 835 2851 amicum
851 2801 941 2871 atque
961 2790 1072 2850 socium
1094 2792 1361 2864 nostrae-civitatis,

259 2882 395 2960 Philippo
405 2879 561 2941 tradidisse
571 2883 686 2951 :-haec
695 2884 720 2943 si
730 2885 812 2943 vobis
822 2883 986 2943 luculenter
995 2879 1164 2951 ostendero,
1176 2901 1239 2941 rem
1255 2884 1363 2961 aequis-

260 2974 363 3035 simam
377 2994 396 3033 a
408 2974 490 3035 vobis
509 2986 620 3054 petam,
633 2976 794 3036 fateamini·
805 2976 875 3035 mihi
892 2996 944 3055 per
962 2975 1034 3034 deos
1048 2974 1226 3035 immortales
1249 2976 1363 3035 Demo-

261 3067 396 3127 sthenem
407 3066 464 3126 hoc
477 3077 608 3147 tempore
622 3070 703 3148 quod
717 3091 733 3129 e
755 3081 881 3149 quatuor
894 3070 1018 3148 primum
1032 3079 1078 3129 eet
1090 3088 1181 3148 remp.
1204 3088 1266 3128 non
1287 3072 1364 3129 bene

262 3160 492 3221 administrasse.
515 3161 589 3221 Inde
603 3171 701 3221 autern
715 3162 822 3233 ordiar,
836 3161 915 3221 unda
929 3162 1064 3221 facillime
1077 3162 1217 3240 subsequi
1229 3162 1365 3241 possitis.

303 3254 354 3311 23.
383 3252 522 3313 Decrevit
549 3254 741 3329 Philocrates,
769 3267 804 3316 ut
825 3256 1033 3319 caduceatores
1059 3255 1119 3316 huc
1138 3264 1169 3315 et
1188 3255 1307 3333 legatos
1329 3256 1367 3313 de

260 3361 336 3421 pace
357 3363 394 3403 ac
415 3346 555 3406 societate
575 3348 711 3408 mittendi
731 3349 955 3429 copia‘daretur
978 3349 1122 3428 Philippo.
1160 3349 1277 3407 Scitum
1296 3348 1367 3420 hoc,

261 3444 403 3513 tanquam
417 3437 532 3515 legibus
546 3439 712 3514 adversum,
725 3441 755 3501 in
765 3442 815 3523 jus
829 3453 962 3503 vocatur.
985 3442 1074 3501 Venit
1082 3441 1187 3521 judicii
1202 3441 1287 3501 dies.
1306 3438 1370 3501 A'c-

261 3528 386 3586 cusabat
400 3528 527 3605 Lycinna
546 3532 596 3607 qui
615 3533 712 3593 dicam
725 3534 892 3613 scripserat,
907 3554 1024 3595 causam
1038 3534 1157 3592 dicebat
1170 3532 1370 3605 Philocrates,

262 3627 404 3697 patronus
417 3630 481 3677 erat
495 3622 724 3684 Demosthenes.
763 3628 926 3681 Absolutus
941 3637 986 3682 eat
1000 3626 1200 3684 Philocrates.¹
1214 3625 1291 3685 Post
1302 3626 1371 3686 haec

263 3710 381 3770 subibat
393 3718 520 3791 tempus,
534 3731 594 3790 quo
609 3716 727 3773 Archon
742 3724 806 3772 erat
817 3713 1039 3775 Themistocles.
1060 3716 1135 3775 Tum
1149 3718 1179 3775 in
1193 3718 1306 3777 curiam
1323 3739 1371 3779 se-

262 3811 350 3861 nator
363 3802 443 3862 venit
457 3803 686 3877 Demosthenes,
699 3824 794 3884 neque
813 3806 891 3865 sorte
906 3826 1003 3885 neque
1017 3809 1176 3868 subsortito
1189 3830 1288 3869 manas
1299 3812 1374 3868 illud

263 3903 450 3968 consecutus,
465 3895 518 3955 sed
535 3895 660 3955 coitione
676 3897 757 3957 facta
773 3898 967 3972 nundinatus,
981 3910 1014 3958 ut
1028 3900 1162 3959 omuibus
1180 3912 1212 3960 et
1224 3901 1317 3961 dictis
1341 3912 1373 3961 et

262 3989 348 4049 factis
364 3986 521 4047 Philocrati
535 3990 721 4060 subserviret,
736 3992 886 4069 quomodo
900 4012 947 4052 res
960 3992 1026 4071 ipsa
1038 3992 1208 4053 declaravit.
1243 3994 1372 4054 Pervin-

262 4081 305 4139 cit
313 4083 391 4141 enim
405 4079 529 4140 alterum
538 4080 689 4141 decretum
699 4083 893 4157 Philocrates,
903 4104 962 4163 quo
971 4084 1058 4164 jubet
1070 4086 1172 4144 decem
1184 4084 1302 4163 legatos
1313 4086 1373 4145 de-

262 4171 326 4250 ligi,
340 4174 391 4253 qui
404 4173 443 4232 ad
458 4172 626 4252 Philippum
639 4175 763 4254 proiecti
772 4178 977 4257 postulent'ab
991 4197 1038 4251 eo,
1051 4178 1090 4237 'ut
1102 4178 1219 4256 legatos
1232 4178 1272 4238 de
1289 4196 1375 4257 pace

257 4262 355 4340 >plena
366 4274 511 4342 potestate
528 4265 685 4326 instructos
697 4268 758 4328 huc
772 4269 937 4332 mandaret.
953 4294 955 4303 ’
970 4270 1073 4329 Esrhis
1087 4289 1162 4329 unus
1176 4278 1240 4329 erat
1253 4270 1374 4331 Demo-

265 4354 395 4453 sthenes.
419 4359 480 4427 Qut
489 4358 569 4438 illinc
579 4378 712 4424 reversus
722 4364 953 4446 laudator-pacis
963 4365 1030 4439 luit,
1043 4366 1205 4445 eademque
1218 4374 1313 4445 atque
1324 4386 1374 4426 re·

266 4441 339 4521 quui
357 4448 448 4527 legati
468 4451 659 4530 reconderit,
680 4454 766 4519 solus
781 4466 879 4520 autern
900 4478 937 4521 ex
957 4460 1143 4523 senatoribus
1167 4457 1312 4533 decrerit,
1338 4466 1376 4517 ut
