2967 4950
488 474 787 612 secururs
816 524 1118 659 onerosus

422 759 710 834 cunrat
750 700 1189 830 rinna-'cauri

656 947 660 956 '
702 944 946 1081 enarres
1023 948 1027 954 ’

299 1158 326 1215 l'.
350 1155 428 1225 Eoo,
441 1153 570 1234 judiccS,
589 1151 661 1228 nulli
682 1152 788 1212 civium
809 1165 940 1230 unquam
954 1140 1003 1210 rel
1022 1137 1176 1230 injudicio
1189 1149 1355 1228 periculum

255 1249 362 1322 creavi,
383 1247 430 1308 vel
445 1249 473 1306 in
493 1247 652 1306 referendis
673 1247 836 1306 rationibus
849 1245 990 1330 molestus
1011 1244 1064 1317 sui,
1078 1244 1142 1317 sed,
1156 1255 1191 1302 ut
1203 1244 1274 1303 mihi
1289 1265 1356 1324 per-
1446 1312 1447 1317 η

234 1338 240 1348 ’
255 1341 376 1412 suadeo,
392 1339 544 1398 moderate
559 1358 606 1396 me
620 1340 650 1396 in
658 1339 745 1398 rebus
755 1337 925 1417 hujusmodi
934 1339 1031 1416 gessi:
1053 1357 1153 1397 verum
1163 1357 1231 1396 cum
1242 1348 1359 1396 ebrem-

255 1434 404 1511 publicam
421 1431 546 1510 graviter
560 1429 742 1489 aTimarcho
751 1431 830 1505 laedi,
839 1439 944 1489 contra
954 1431 1036 1508 leges
1046 1431 1176 1502 habente
1187 1430 1358 1499 conciones,

256 1523 394 1595 viderem,
408 1533 439 1582 et
451 1522 583 1600 privatim
597 1524 634 1581 ab
649 1543 684 1581 eo
695 1523 849 1582 calumniis
863 1523 1089 1600 agitarer-quo
1103 1532 1201 1581 autem
1211 1532 1314 1600 pacm,
1326 1522 1360 1579 in
1446 1516 1447 1575 i

217 1696 219 1700 .
256 1617 559 1694 orationis'progressu
568 1615 966 1696 ostendam-turpissimum
975 1613 1091 1673 facinus
1102 1614 1258 1686 sore'duxi,
1269 1614 1295 1672 si
1305 1633 1360 1673 nec

257 1709 400 1769 uniuersae
414 1709 533 1779 civitati,
553 1727 609 1767 nec
631 1699 757 1786 legibus,
772 1727 827 1780 nec
844 1707 939 1780 vobis,
954 1728 1009 1767 nec
1031 1707 1099 1765 mihi
1118 1707 1173 1785 ipsi
1188 1707 1359 1785 opitularer.
1446 1720 1447 1769 t

186 1837 189 1843 ν
259 1801 333 1860 Cum
349 1810 446 1860 autem
458 1801 493 1860 iis
507 1821 575 1860 eum
587 1799 682 1860 'teneri
696 1799 866 1859 criminibus
879 1794 995 1871 scirem,
1004 1819 1071 1877 quae
1085 1799 1174 1877 paulo
1183 1804 1254 1858 ante
1262 1800 1361 1858 scriba
1446 1874 1447 1877 Ἴ

255 1893 397 1953 recitante
412 1893 574 1964 audivistis,
597 1893 654 1952 hoc
665 1911 735 1950 eum
748 1893 882 1951 censorio
891 1892 1006 1971 judicio
1020 1904 1102 1961 reum
1123 1892 1192 1950 feci.
1230 1891 1360 1950 Omnino
1446 1896 1447 1965 l

251 1986 345 2056 enim,
357 1985 563 2054 Athenienses,
578 1999 694 2062 eatquee
705 1985 740 2041 in
751 1985 876 2061 publicis
890 1985 985 2062 causis
998 1968 1055 2042 dici
1076 1984 1172 2042 soient
1186 1983 1224 2041 de
1237 1982 1360 2060 privatis
1446 2024 1447 2045 ι

250 2077 423 2150 inimicitiis,
436 2083 489 2156 per
500 2095 554 2134 eas
568 2075 660 2133 multa
675 2073 844 2153 reipublicae
857 2074 1044 2133 incommoda
1056 2065 1175 2153 depelli,
1194 2095 1266 2133 vera
1280 2088 1360 2136 sunt.

258 2169 363 2248 Neque
377 2189 447 2228 vero
467 2167 557 2227 totius
577 2167 664 2246 hujus
679 2156 804 2226 actionis
818 2167 935 2246 culpam
952 2167 997 2225 vel
1018 2168 1140 2239 civitati,
1162 2169 1210 2227 vel
1230 2170 1359 2247 legibus,
1446 2172 1447 2213 l

182 2279 207 2350 ⁸*
257 2261 305 2322 vel
319 2261 470 2332 vobis,vel
490 2259 561 2318 mihi
583 2258 755 2318 Timarchus
770 2259 937 2318 adscribere
952 2268 1068 2337 potest:
1091 2259 1144 2317 sed
1164 2259 1286 2318 sibimet
1306 2261 1361 2339 ipsi

258 2364 384 2414 tantum.
433 2351 532 2430 Leges
560 2352 637 2410 enim
663 2351 691 2409 ei
713 2350 938 2418 denunciarunt,
965 2360 1033 2408 c‘um
1055 2351 1201 2428 flagitiose
1227 2351 1360 2421 vixisset,

224 2490 229 2507 2
259 2467 295 2507 ne
310 2447 468 2507 conciones
476 2445 617 2511 haberem
640 2453 727 2521 atque
741 2442 772 2501 id
783 2443 810 2501 ei
820 2442 974 2503 edixerunt
988 2443 1069 2521 quod
1082 2443 1273 2523 meojudicio
1286 2444 1362 2504 ferre

260 2540 386 2618 graviter
399 2558 459 2597 non
470 2548 579 2617 potest,
594 2536 647 2596 sed
659 2537 692 2596 id
707 2536 787 2615 quod
801 2536 936 2595 omnibus
951 2536 1036 2596 facile
1050 2548 1111 2597 est:
1134 2537 1216 2622 licuit
1230 2538 1319 2597 etiam
1336 2538 1363 2597 ei

260 2652 320 2690 non
332 2632 478 2691 lacessere
493 2650 540 2689 me
553 2650 605 2709 per
620 2628 807 2701 calumniam,
822 2629 845 2688 si
860 2630 1015 2709 sapuisset.

301 2727 330 2781 2.
348 2721 455 2783 ,Aede
466 2723 597 2807 hissatis
609 2742 656 2783 me
666 2723 821 2801 praefatum
831 2742 895 2783 esse
905 2724 1046 2783 arbitror:
1068 2725 1365 2805 nonautemignnro,
1446 2767 1447 2770 η

246 2873 248 2878 ,
260 2816 469 2884 Athenienses,
485 2835 599 2893 eaquae
613 2815 897 2894 principiodicturus
907 2834 1036 2888 sum,ex
1048 2802 1112 2875 aliis
1123 2817 1212 2876 etiam
1226 2829 1299 2877 ante
1309 2838 1363 2877 voe

255 2910 399 2969 audisse:
421 2908 473 2967 sed
488 2918 587 2967 tamen
600 2926 646 2966 res
667 2908 960 2986 postulare‘videtur,
983 2918 1017 2967 ut
1037 2910 1141 2967 eadem
1160 2920 1192 2968 et
1211 2912 1276 2990 ipse
1297 2922 1366 2970 utar

257 3003 399 3061 oratione.
422 3000 638 3080 Constatinter
653 3020 765 3081 omnes,
779 3010 838 3059 tres
857 3020 921 3059 esse
937 3002 1044 3060 formas
1062 2993 1363 3081 rerumpublicarum,

259 3096 454 3174 principatum
464 3094 562 3162 unius,
575 3101 750 3171 potestatem
759 3113 930 3171 paucorum,
939 3094 1119 3172 etpopulere
1130 3094 1297 3173 imperium.
1322 3101 1368 3155 Ae

261 3190 320 3248 duo
335 3189 432 3268 priora
446 3206 553 3266 genera
567 3205 668 3257 eorum
683 3186 823 3245 arbitratu
837 3195 989 3263 reguntur,
1012 3186 1064 3264 qui
1079 3206 1175 3245 rerum
1189 3190 1366 3266 potiuntur:
1446 3195 1447 3202 ’

256 3281 359 3340 liberm
375 3289 472 3340 autem
483 3279 630 3351 civitates,
653 3278 770 3347 usitatis
789 3278 914 3356 legibus.
947 3275 1026 3337 Satis
1040 3289 1137 3337 autem
1159 3281 1253 3351 scitis,
1271 3282 1369 3342 Athe·

166 3379 176 3395 ⁸·
262 3372 391 3451 nienses,
404 3370 503 3450 populi
517 3370 607 3429 vitam
621 3379 651 3429 et
664 3360 829 3429 libertatem
840 3370 1008 3429 conservari
1018 3370 1142 3449 legibus,
1153 3372 1328 3452 principum
1342 3386 1372 3433 et
1446 3363 1447 3396 ³

262 3482 434 3541 paucorum,
448 3454 608 3544 diffidentia
630 3471 818 3521 etarnrorum
839 3453 995 3541 presidiis.
1029 3462 1136 3522 Paucis
1151 3464 1252 3543 igitur,
1275 3476 1371 3546 atque

257 3555 296 3614 iis
310 3555 361 3632 qui
370 3552 525 3632 republica
534 3552 674 3629 inaequali
694 3562 825 3623 utuntur,
843 3550 862 3612 ii
877 3549 947 3612 sunt
964 3554 1098 3626 cavendi,
1118 3556 1169 3633 qui
1185 3575 1279 3615 manu
1291 3560 1374 3620 >etri

257 3637 443 3733 respublicas
463 3652 598 3731 evertunt
607 3663 615 3702 τ
624 3647 627 3656 “
637 3664 693 3729 nus
708 3634 808 3703 autem
822 3645 917 3718 decet,
930 3646 981 3724 qui
994 3646 1145 3724 -oequalem
1159 3656 1190 3707 et
1203 3648 1375 3726 legitimam

249 3736 634 3817 ¹:rempublicam'habemus,
647 3736 677 3794 in
691 3754 742 3795 eos
754 3737 804 3815 qui
814 3747 917 3797 contra
931 3757 1018 3816 quam
1033 3738 1114 3816 leges
1123 3738 1242 3818 jubent,
1257 3754 1320 3803 aut
1333 3744 1377 3802 di·

262 3831 368 3901 xerint,
382 3828 577 3899 astrixerint,
593 3828 832 3888 animadvertere.
853 3829 932 3887 Nam
946 3830 1021 3888 vires
1035 3831 1064 3888 in
1078 3850 1114 3889 eo
1127 3842 1234 3890 vestrae
1247 3846 1340 3911 sunt‚
1353 3836 1378 3896 si

262 3924 345 4002 leges
354 3919 502 3989 tueamini,
518 3939 614 3998 neque
623 3921 762 3999 cuiquam
775 3922 922 3980 licentiam
938 3921 1113 3981 detisvitam
1121 3924 1238 4001 legibus
1250 3939 1381 3988 contra·

262 4018 334 4077 riam
358 4024 389 4074 et
413 4013 595 4092 petulantem
615 4014 798 4073 instituendi.
834 4013 978 4093 Equidem
991 4014 1063 4089 illud
1083 4016 1233 4089 existimo,
1252 4020 1292 4078 in
1309 4042 1381 4083 san·

263 4108 376 4170 ciendis
398 4106 513 4184 legibus
528 4106 723 4185 spectandum
742 4105 808 4165 esse
821 4107 916 4178 nohis,
930 4116 964 4165 ut
978 4126 1022 4165 eae
1032 4113 1122 4183 justia
1141 4116 1232 4185 atque
1246 4130 1267 4169 e
1285 4134 1383 4194 repu-

262 4202 341 4261 blica
356 4200 433 4259 sint:
455 4199 506 4256 ubi
520 4209 616 4257 autem
632 4218 680 4258 eas
695 4199 875 4269 sciverimus,
889 4200 1004 4277 legibus
1020 4199 1137 4259 sancitis
1153 4210 1383 4280 utpareamus,

222 4286 234 4293 ’
263 4301 294 4349 et
311 4303 500 4351 contumaces
519 4289 685 4367 puniamus,
700 4290 827 4375 simodo
843 4291 1051 4369 rempublicam
1067 4291 1244 4351 incolumem
1268 4308 1310 4358 et
1331 4303 1385 4361 flo-

213 4400 216 4407 ·
264 4391 376 4440 rentem
399 4402 465 4443 esse
481 4382 628 4442 volumus.
662 4382 857 4449 Considerate
878 4383 1086 4459 Athenienses,
1100 4394 1242 4461 quantam
1272 4394 1387 4457 mode·
