2967 4950
505 274 559 336 nu·
574 235 915 344 crnsrnnonrsn.
1088 349 1090 354 ¹
1218 276 1255 334 ss
1382 285 1383 290 ι

161 416 642 504 ranarumnnamonsvnsh
656 433 701 496 ns.
726 433 815 516 trun
828 434 936 502 sena
951 435 982 495 n
996 385 1259 516 repausans,

160 520 282 595 stitutis,
294 521 419 595 classes,
429 523 586 596 exercitus,
600 527 685 586 urbes
698 525 816 604 penitus
825 525 982 611 ¹dissipata
997 533 1075 584 sunt.

199 617 251 673 44.
272 614 332 674 Sed
352 634 447 694 neque
460 616 678 697 Phrynondam,
692 616 825 688 arbitror,
840 638 937 700 neque
959 617 1140 709 Eurybatum
1162 633 1258 694 neque

160 705 250 766 aliurn
271 725 440 784 quenquam
453 725 554 768 eornm
575 709 626 788 qui
646 709 717 768 olim
737 708 921 789 improbitate
943 709 1147 771 excelluerunt
1168 709 1258 768 talem

159 816 280 874 magum
287 806 339 856 ant
346 798 587 877 praestigiatorem
596 799 753 873 exstitisse,
761 802 849 878 qualis
857 801 901 861 hie
909 810 1003 860 noster
1013 799 1128 878 estqui,
1135 801 1259 872 otellus,

22 863 27 870 ’
68 889 71 894 '
159 907 179 946 o
197 887 238 946 dii
254 886 444 963 immortales,
460 889 611 954 demones
625 901 714 970 atque
729 892 874 964 abominer,
887 891 1057 972 quicunque
1070 898 1140 968 sera
1157 882 1259 965 audire

160 978 287 1040 curatis!
311 980 413 1050 audet,
427 1001 463 1047 os
473 992 604 1042 vestrum
617 983 729 1051 directo
748 985 999 1056 contuensfnudet
1013 983 1167 1059 affirmare,
1180 982 1259 1042 The·
1298 1002 1318 1042 .·

136 1098 138 1103 ι
160 1073 254 1138 banos
277 1063 460 1133 societatam'
472 1073 625 1134 vobiscum
647 1074 758 1146 iniisse,
778 1093 839 1135 non
859 1085 1021 1154 temporum
1047 1075 1172 1148 ratione,
1193 1093 1259 1140 non
1298 1110 1302 1114 -
1336 1077 1346 1083 ’“

154 1171 242 1233 aneta
254 1161 386 1244 instsmi,
395 1184 456 1225 non
465 1176 563 1228 vestm
572 1166 785 1227 existimatione
795 1177 969 1240 commotos,
983 1163 1036 1228 ssd
1049 1165 1259 1228 Demosthenis

159 1253 349 1314 concionibus
363 1255 516 1318 adductos.
538 1258 630 1339 Atqui
643 1257 753 1320 multas
765 1266 834 1318 ante
855 1260 944 1318 istum
957 1257 1120 1338 legationes
1138 1257 1258 1322 Thebas

159 1345 294 1406 obierant
306 1346 451 1418 homines,
464 1348 572 1425 quibus
588 1370 702 1410 summa
723 1369 791 1408 cum
810 1349 867 1411 illis
888 1349 1066 1410 familiaritas
1083 1349 1259 1422 intercessit,

157 1438 256 1517 primo
269 1437 389 1518 quidem
399 1437 557 1518 inperator
569 1441 619 1500 ille
624 1432 829 1529 Thrasybulus
841 1440 1034 1522 Colyttensis,
1041 1441 1085 1502 uir
1093 1440 1172 1520 apud
1182 1441 1260 1502 The-

158 1529 254 1600 banos
273 1528 333 1589 fide
344 1539 384 1590 'et
403 1531 577 1592 auctoritate
598 1530 701 1593 salens
721 1542 757 1592 ut
778 1552 865 1594 neruo
884 1533 979 1594 alius:
1002 1531 1110 1594 deinde
1128 1531 1260 1601 Thrasea

159 1623 336 1698 Erchiensis,
345 1623 454 1705 hospes
468 1626 603 1704 publicus
618 1627 844 1710 Thebanorumz
866 1627 1032 1698 laudamus
1044 1647 1131 1708 porro
1144 1630 1258 1690 Achar-

160 1717 271 1790 nen'sis,
294 1716 411 1778 dicendi
432 1717 751 1781 viribueremostheni
765 1739 824 1780 non
845 1719 974 1792 inferior,
995 1739 1030 1780 ac
1048 1713 1118 1782 mihi
1141 1721 1259 1802 quidem

160 1806 261 1867 multo·
275 1807 392 1868 suavior
412 1809 493 1870 visus
514 1809 703 1873 oratorrbic
722 1810 929 1874 Archedemus
943 1811 1045 1885 Peles,
1063 1815 1127 1892 ipse
1141 1831 1259 1892 quoque

114 1905 117 1910 ’
160 1900 307 1971 facundus
329 1903 424 1981 etqui
437 1903 531 1972 multa
550 1903 581 1962 in
593 1922 654 1983 rep.
668 1904 800 1983 gerenda
814 1915 933 1984 propter
952 1903 1109 1964 Thebanos
1129 1903 1260 1982 pericula

159 1991 250 2053 adiit:
271 1991 378 2054 ductor
389 1993 439 2052 ille
452 1993 603 2074 popularis
617 1993 799 2075 Aristophon
814 1995 996 2068 Azeniensis,
1010 1995 1060 2073 qui
1073 1995 1176 2074 perdiu
1191 1993 1260 2055 Bm-

160 2095 277 2144 otorum
298 2085 430 2164 partubus
455 2086 594 2148 studiisse
613 2086 800 2150 insimulatus
826 2097 892 2150 ests
920 2085 1107 2166 Pyrrhander
1134 2084 1263 2165 denique·

160 2177 372 2259 Anaphlystius
386 2186 493 2251 orator,
508 2178 559 2258 qui
578 2180 667 2240 etiam
689 2199 772 2240 nnnc
792 2179 872 2241 vivit.
914 2175 974 2238 Sed
987 2185 1091 2240 tamen
1105 2193 1192 2236 nemo
1205 2195 1260 2236 un·
1379 2187 1388 2206 ·

152 2285 249 2348 ,quam
271 2287 309 2328 ex
331 2269 366 2329 iis
390 2270 550 2330 Thebanos
570 2270 668 2350 potuit
686 2271 727 2333 ad
751 2273 880 2332 vestram
900 2268 1057 2341 amicitiam
1078 2267 1258 2346 perducere:

156 2359 429 2439 ,caussmequldem
443 2362 516 2435 scio,
530 2364 585 2423 sed
597 2373 716 2441 propter
734 2379 836 2420 eorum
855 2361 1037 2422 calamitates
1054 2379 1116 2422 aon
1137 2380 1260 2424 necesse

158 2463 208 2515 est
226 2472 382 2533 exponere.
415 2454 557 2522 Atesim,
570 2454 683 2530 opinor,
701 2459 857 2529 postquam
881 2449 1034 2531 Philippus
1055 2451 1202 2513 ademtm
1225 2453 1260 2515 iis

74 2570 77 2573 ⁴
160 2547 291 2607 Nicaeam
304 2544 456 2604 Thessalis
471 2540 649 2613 tradidisset,
664 2541 842 2619 bellumque,
853 2542 1019 2621 quodolim
1032 2560 1071 2603 ex
1089 2542 1257 2607 Boeotorunr

159 2638 268 2699 finibus
287 2635 454 2714 depulerat,
467 2639 546 2693 nunc
560 2630 657 2693 denuo
669 2652 724 2713 per
744 2632 904 2695 Phocidem
923 2634 955 2695 in
975 2635 1064 2718 ipsas·
1076 2634 1190 2697 Thebas
1212 2656 1258 2698 re·

158 2729 298 2799 vemsset,
311 2734 466 2810 postquam
480 2724 607 2805 denique
621 2725 753 2786 Elatearn
776 2738 952 2806 occupatam
965 2728 1043 2789 vallo
1057 2728 1210 2789 muniisset
1227 2730 1258 2788 in

158 2839 283 2900 mrnqne
295 2818 462 2897 presidium
481 2816 680 2895 imposuisset,
692 2816 734 2877 ibi
752 2816 869 2877 demum
885 2818 938 2893 illi,
950 2821 1112 2879 instantiam
1126 2821 1259 2879 mabsam

154 2921 242 2977 metu
258 2911 457 2981 incumbente,
479 2910 678 2979 Athenienses
699 2908 924 2981 accersiverunt,
945 2923 976 2971 et
992 2929 1044 2979 vos
1062 2911 1162 2991 copias
1183 2908 1256 2971 edu·

158 3002 246 3079 sistis
267 3013 299 3063 et
313 3001 431 3061 Thebas
454 3000 603 3063 introiistis
626 3000 729 3061 armati
750 2999 862 3079 equites
883 3000 1068 3081 peditesque,
1087 3002 1257 3082 priusquam

155 3096 208 3160 ,vel
222 3093 338 3155 unicam
352 3091 496 3173 syllabam
510 3090 549 3151 de
563 3090 705 3152 societate
717 3088 883 3169 scripsisset
893 3091 1127 3155 Demosthenes:
1141 3092 1257 3153 Thebas

81 3242 83 3245 ,
128 3194 259 3252 'utem
282 3184 364 3265 quod
383 3181 596 3245 intromittebat
612 3201 677 3256 sos,
692 3191 809 3265 tempus
833 3182 1020 3262 satanam,
1034 3185 1182 3251 societatis
1200 3204 1256 3245 ¹ae·
1320 3199 1324 3213 ¹

88 3336 99 3345 „
157 3278 293 3351 cessitas,
305 3296 366 3339 non
380 3277 605 3355 Demosthenes.

199 3373 251 3433 45.
273 3369 423 3449 Siquidem
441 3388 510 3431 vero
524 3368 570 3429 his
583 3370 614 3429 in
627 3367 714 3429 rebus
727 3370 782 3429 tria
796 3370 842 3430 vel
857 3370 1028 3447 gravissima
1044 3370 1256 3432 Demosthenes
1332 3426 1335 3431 .
1384 3364 1387 3369 ’

156 3465 191 3525 -ἱιι
212 3484 266 3523 ros
277 3464 423 3543 peccarit.
446 3462 598 3535 ·Primnrn,
611 3461 691 3542 quod
713 3480 782 3521 cum
795 3461 948 3543 Philippus
966 3463 1056 3525 verbo
1073 3462 1190 3543 quidem
1205 3482 1257 3523 vo-

73 3578 77 3581 *
160 3556 275 3615 hiscum
293 3555 404 3615 bellum
417 3565 540 3634 gereret,
554 3573 655 3615 revera
674 3554 769 3614 multo
789 3554 893 3615 acriori
906 3554 975 3615 odio
996 3556 1027 3614 in
1039 3554 1195 3616 Thebanos
1211 3556 1256 3616 in,-

159 3646 507 3726 senderesu1,qu0m0d0
524 3667 571 3707 res
585 3648 657 3727 ipsse
671 3647 869 3719 declararunt,
887 3658 917 3707 et
936 3646 1006 3726 quid
1028 3647 1159 3725 pluribus
1182 3665 1256 3727 opus

159 3738 228 3800 esti
248 3739 314 3799 haec
326 3747 410 3799 tanta
420 3740 556 3816 tantique
569 3739 705 3817 ponderis
725 3739 841 3812 celavit,
855 3750 885 3798 et
904 3738 1072 3797 societatem
1095 3738 1179 3799 nobis
1197 3758 1258 3797 cam

164 3830 298 3911 Thebanis
319 3830 447 3890 futuram
467 3829 620 3900 simulans,
638 3848 705 3906 quse
715 3850 775 3889 non
790 3840 1003 3907 extemporum
1015 3829 1190 3891 necessitate
1204 3830 1258 3891 sed
1294 3836 1295 3839 ’

161 3921 224 3983 suis
236 3921 433 4001 legationibus
449 3922 580 4000 oriretur,
601 3920 726 3999 primum
746 3920 856 4000 populo
871 3920 1015 3999 persuasit
1028 3940 1065 3982 ne
1082 3938 1258 3999 magnopere

162 4022 329 4095 spectarent
352 4014 460 4091 quibus
485 4011 700 4076 conditionibus
722 4012 893 4073 societatem
914 4012 976 4071 lieri
998 4014 1177 4083 conveniret,
1204 4008 1258 4069 sed

152 4106 236 4180 ‚satis
255 4106 380 4166 haberet
397 4105 422 4165 si
435 4106 517 4165 fieret
528 4104 633 4165 modo:
654 4103 712 4163 hoc
724 4103 818 4183 primo
832 4110 929 4163 autam
941 4114 1085 4189 occuppto
1094 4101 1256 4165 uniuersam

163 4198 309 4259 saonam
329 4197 476 4257 Thebanis
495 4196 621 4265 dedidit,
646 4215 713 4255 cum
737 4196 768 4254 in
793 4194 912 4255 decreto
926 4195 1081 4275 scripserit,
1104 4202 1137 4253 ut
1155 4191 1180 4253 si
1199 4211 1259 4270 qua

154 4289 267 4349 ,civitas
293 4288 477 4355 aThabanis
509 4289 696 4360 descisceret,
722 4286 919 4347 Athenienses
944 4286 1053 4346 Boeotis
1078 4282 1258 4362 quiThehis

155 4389 268 4442 essent
282 4380 503 4460 opitrdarentur,
515 4379 622 4453 verbis,
633 4389 670 4461 ut
682 4380 767 4451 solet,
782 4399 827 4441 res
847 4377 993 4440 suffurans
1006 4375 1118 4455 alioque
1136 4375 1258 4435 transie-

709 4472 730 4510 ἢ
744 4490 762 4529 ο
