<?xml version="1.0" encoding="UTF-8"?>
<!DOCTYPE html PUBLIC "-//W3C//DTD XHTML 1.0 Transitional//EN"
    "http://www.w3.org/TR/xhtml1/DTD/xhtml1-transitional.dtd">
<html xmlns="http://www.w3.org/1999/xhtml" xml:lang="en" lang="en">
 <head>
  <title>
</title>
<meta http-equiv="Content-Type" content="text/html;charset=utf-8" />
  <meta name='ocr-system' content='tesseract 3.04.00' />
  <meta name='ocr-capabilities' content='ocr_page ocr_carea ocr_par ocr_line ocrx_word'/>
</head>
<body>
  <div class='ocr_page' id='page_1' title='image "./demosthenisetsc06ulpigoog_0413.png"; bbox 0 0 2967 4950; ppageno 0'>
   <div class='ocr_carea' id='block_1_1' title="bbox 366 345 1233 431">
    <p class='ocr_par' dir='ltr' id='par_1_1' title="bbox 366 345 1233 431">
     <span class='ocr_line' id='line_1_1' title="bbox 366 345 1233 431; baseline 0.009 -25"><span class='ocrx_word' id='word_1_1' title='bbox 366 345 424 406; x_wconf 89' lang='lat' dir='ltr'><strong>DE</strong></span> <span class='ocrx_word' id='word_1_2' title='bbox 446 347 561 406; x_wconf 88' lang='lat' dir='ltr'><strong>MALE</strong></span> <span class='ocrx_word' id='word_1_3' title='bbox 585 345 718 407; x_wconf 78' lang='lat' dir='ltr'><strong>GESTA</strong></span> <span class='ocrx_word' id='word_1_4' title='bbox 738 345 998 409; x_wconf 76' lang='lat' dir='ltr'><strong>LEGATIONE.</strong></span> <span class='ocrx_word' id='word_1_5' title='bbox 1161 427 1163 431; x_wconf 23' lang='grc' dir='ltr'>Ι</span> <span class='ocrx_word' id='word_1_6' title='bbox 1194 353 1233 414; x_wconf 66' lang='grc'><strong>68</strong></span> 
     </span>
    </p>
   </div>
   <div class='ocr_carea' id='block_1_2' title="bbox 128 503 1236 1057">
    <p class='ocr_par' dir='ltr' id='par_1_2' title="bbox 128 503 1236 1057">
     <span class='ocr_line' id='line_1_2' title="bbox 130 503 1234 594; baseline 0.005 -23"><span class='ocrx_word' id='word_1_7' title='bbox 130 527 217 572; x_wconf 85' lang='lat' dir='ltr'><strong>ceras</strong></span> <span class='ocrx_word' id='word_1_8' title='bbox 226 510 429 571; x_wconf 89' lang='lat' dir='ltr'><strong>Demomelem</strong></span> <span class='ocrx_word' id='word_1_9' title='bbox 443 511 656 583; x_wconf 82' lang='lat' dir='ltr'><strong>Paeaniensem,</strong></span> <span class='ocrx_word' id='word_1_10' title='bbox 669 512 877 573; x_wconf 88' lang='lat' dir='ltr'><strong>consobrinum</strong></span> <span class='ocrx_word' id='word_1_11' title='bbox 891 521 985 585; x_wconf 90' lang='lat' dir='ltr'><strong>tuum,</strong></span> <span class='ocrx_word' id='word_1_12' title='bbox 996 533 1063 573; x_wconf 89' lang='lat' dir='ltr'><strong>cum</strong></span> <span class='ocrx_word' id='word_1_13' title='bbox 1076 512 1141 594; x_wconf 88' lang='lat' dir='ltr'><strong>ipse</strong></span> <span class='ocrx_word' id='word_1_14' title='bbox 1151 503 1234 577; x_wconf 86' lang='lat' dir='ltr'><strong>tuum</strong></span> 
     </span>
     <span class='ocr_line' id='line_1_3' title="bbox 129 604 1236 687; baseline 0.007 -25"><span class='ocrx_word' id='word_1_15' title='bbox 129 615 224 684; x_wconf 88' lang='lat' dir='ltr'><strong>caput</strong></span> <span class='ocrx_word' id='word_1_16' title='bbox 235 604 401 664; x_wconf 83' lang='lat' dir='ltr'>incidisses.</span> <span class='ocrx_word' id='word_1_17' title='bbox 431 604 541 664; x_wconf 80' lang='lat' dir='ltr'><strong>Tamen</strong></span> <span class='ocrx_word' id='word_1_18' title='bbox 553 607 640 664; x_wconf 88' lang='lat' dir='ltr'><strong>verba</strong></span> <span class='ocrx_word' id='word_1_19' title='bbox 654 606 753 665; x_wconf 86' lang='lat' dir='ltr'><strong>fundis</strong></span> <span class='ocrx_word' id='word_1_20' title='bbox 769 605 849 683; x_wconf 89' lang='lat' dir='ltr'><strong>apud</strong></span> <span class='ocrx_word' id='word_1_21' title='bbox 863 623 918 664; x_wconf 89' lang='lat' dir='ltr'><strong>nos</strong></span> <span class='ocrx_word' id='word_1_22' title='bbox 938 606 1092 684; x_wconf 76' lang='lat' dir='ltr'><strong>sapientia,</strong></span> <span class='ocrx_word' id='word_1_23' title='bbox 1109 611 1193 687; x_wconf 80' lang='lat' dir='ltr'><strong>quasi</strong></span> <span class='ocrx_word' id='word_1_24' title='bbox 1205 611 1236 671; x_wconf 89' lang='lat' dir='ltr'><strong>hi</strong></span> 
     </span>
     <span class='ocr_line' id='line_1_4' title="bbox 128 696 1213 776; baseline 0.007 -23"><span class='ocrx_word' id='word_1_25' title='bbox 128 697 279 774; x_wconf 76' lang='lat' dir='ltr'><strong>ignorent,</strong></span> <span class='ocrx_word' id='word_1_26' title='bbox 293 708 323 756; x_wconf 90' lang='lat' dir='ltr'><strong>te</strong></span> <span class='ocrx_word' id='word_1_27' title='bbox 336 697 427 756; x_wconf 86' lang='lat' dir='ltr'><strong>filium</strong></span> <span class='ocrx_word' id='word_1_28' title='bbox 439 696 635 756; x_wconf 87' lang='lat' dir='ltr'><strong>adulterinum</strong></span> <span class='ocrx_word' id='word_1_29' title='bbox 650 717 716 757; x_wconf 90' lang='lat' dir='ltr'><strong>esse</strong></span> <span class='ocrx_word' id='word_1_30' title='bbox 728 696 939 757; x_wconf 74' lang='lat' dir='ltr'><strong>Demosthenis</strong></span> <span class='ocrx_word' id='word_1_31' title='bbox 954 697 1117 776; x_wconf 87' lang='lat' dir='ltr'><strong>gladiorum</strong></span> <span class='ocrx_word' id='word_1_32' title='bbox 1129 701 1213 761; x_wconf 81' lang='lat' dir='ltr'><strong>labri.</strong></span> 
     </span>
     <span class='ocr_line' id='line_1_5' title="bbox 173 789 1235 871; baseline 0.007 -23"><span class='ocrx_word' id='word_1_33' title='bbox 173 793 224 849; x_wconf 81' lang='grc'><strong>30.</strong></span> <span class='ocrx_word' id='word_1_34' title='bbox 247 791 391 849; x_wconf 73' lang='lat' dir='ltr'><strong>Praeterea</strong></span> <span class='ocrx_word' id='word_1_35' title='bbox 399 789 495 848; x_wconf 90' lang='lat' dir='ltr'><strong>dicere</strong></span> <span class='ocrx_word' id='word_1_36' title='bbox 506 809 595 849; x_wconf 84' lang='lat' dir='ltr'><strong>ausus</strong></span> <span class='ocrx_word' id='word_1_37' title='bbox 610 803 654 863; x_wconf 89' lang='lat' dir='ltr'><strong>es‘,</strong></span> <span class='ocrx_word' id='word_1_38' title='bbox 668 811 714 850; x_wconf 93' lang='lat' dir='ltr'><strong>me</strong></span> <span class='ocrx_word' id='word_1_39' title='bbox 728 790 874 868; x_wconf 82' lang='lat' dir='ltr'><strong>legatione</strong></span> <span class='ocrx_word' id='word_1_40' title='bbox 889 789 1135 871; x_wconf 78' lang='lat' dir='ltr'><strong>Amphictypnica</strong></span> <span class='ocrx_word' id='word_1_41' title='bbox 1147 794 1235 864; x_wconf 84' lang='lat' dir='ltr'><strong>etiam</strong></span> 
     </span>
     <span class='ocr_line' id='line_1_6' title="bbox 129 883 1236 962; baseline 0.006 -21"><span class='ocrx_word' id='word_1_42' title='bbox 129 883 256 962; x_wconf 86' lang='lat' dir='ltr'><strong>ejurata,</strong></span> <span class='ocrx_word' id='word_1_43' title='bbox 271 883 364 943; x_wconf 81' lang='lat' dir='ltr'><strong>officio</strong></span> <span class='ocrx_word' id='word_1_44' title='bbox 378 903 438 942; x_wconf 91' lang='lat' dir='ltr'><strong>non</strong></span> <span class='ocrx_word' id='word_1_45' title='bbox 448 903 513 943; x_wconf 88' lang='lat' dir='ltr'><strong>esse</strong></span> <span class='ocrx_word' id='word_1_46' title='bbox 527 883 682 944; x_wconf 87' lang='lat' dir='ltr'><strong>functum:</strong></span> <span class='ocrx_word' id='word_1_47' title='bbox 704 904 739 944; x_wconf 91' lang='lat' dir='ltr'><strong>ac</strong></span> <span class='ocrx_word' id='word_1_48' title='bbox 751 885 901 944; x_wconf 86' lang='lat' dir='ltr'><strong>decretum</strong></span> <span class='ocrx_word' id='word_1_49' title='bbox 912 884 992 943; x_wconf 87' lang='lat' dir='ltr'><strong>aliud</strong></span> <span class='ocrx_word' id='word_1_50' title='bbox 1003 885 1141 957; x_wconf 87' lang='lat' dir='ltr'><strong>recitasti,</strong></span> <span class='ocrx_word' id='word_1_51' title='bbox 1155 889 1236 949; x_wconf 85' lang='lat' dir='ltr'><strong>aliud</strong></span> 
     </span>
     <span class='ocr_line' id='line_1_7' title="bbox 128 973 1234 1057; baseline 0.008 -25"><span class='ocrx_word' id='word_1_52' title='bbox 128 974 303 1034; x_wconf 89' lang='lat' dir='ltr'><strong>transiliisti.</strong></span> <span class='ocrx_word' id='word_1_53' title='bbox 332 973 401 1054; x_wconf 86' lang='lat' dir='ltr'><strong>Ego</strong></span> <span class='ocrx_word' id='word_1_54' title='bbox 416 994 485 1034; x_wconf 89' lang='lat' dir='ltr'><strong>vero</strong></span> <span class='ocrx_word' id='word_1_55' title='bbox 505 975 620 1055; x_wconf 84' lang='lat' dir='ltr'><strong>legatus</strong></span> <span class='ocrx_word' id='word_1_56' title='bbox 641 977 680 1036; x_wconf 88' lang='lat' dir='ltr'><strong>ad</strong></span> <span class='ocrx_word' id='word_1_57' title='bbox 698 976 930 1056; x_wconf 79' lang='lat' dir='ltr'><strong>Amphictyones</strong></span> <span class='ocrx_word' id='word_1_58' title='bbox 951 985 1079 1051; x_wconf 87' lang='lat' dir='ltr'><strong>creatus,</strong></span> <span class='ocrx_word' id='word_1_59' title='bbox 1101 981 1234 1057; x_wconf 89' lang='lat' dir='ltr'><strong>quamvis</strong></span> 
     </span>
    </p>
   </div>
   <div class='ocr_carea' id='block_1_3' title="bbox 32 1067 1319 1149">
    <p class='ocr_par' dir='ltr' id='par_1_3' title="bbox 32 1067 1319 1149">
     <span class='ocr_line' id='line_1_8' title="bbox 32 1067 1319 1149; baseline 0.01 -26"><span class='ocrx_word' id='word_1_60' title='bbox 32 1113 38 1117; x_wconf 94' lang='lat'><em>.</em></span> <span class='ocrx_word' id='word_1_61' title='bbox 129 1067 246 1126; x_wconf 85' lang='lat' dir='ltr'><strong>infirma</strong></span> <span class='ocrx_word' id='word_1_62' title='bbox 267 1068 447 1140; x_wconf 90' lang='lat' dir='ltr'><strong>valetudine,</strong></span> <span class='ocrx_word' id='word_1_63' title='bbox 468 1087 577 1149; x_wconf 88' lang='lat' dir='ltr'><strong>magna</strong></span> <span class='ocrx_word' id='word_1_64' title='bbox 590 1079 689 1131; x_wconf 87' lang='lat' dir='ltr'><strong>tamen</strong></span> <span class='ocrx_word' id='word_1_65' title='bbox 710 1091 778 1130; x_wconf 91' lang='lat' dir='ltr'><strong>cum</strong></span> <span class='ocrx_word' id='word_1_66' title='bbox 800 1070 960 1142; x_wconf 80' lang='lat' dir='ltr'><strong>alacritate,</strong></span> <span class='ocrx_word' id='word_1_67' title='bbox 983 1089 1059 1143; x_wconf 90' lang='lat' dir='ltr'><strong>eam,</strong></span> <span class='ocrx_word' id='word_1_68' title='bbox 1074 1073 1153 1133; x_wconf 91' lang='lat' dir='ltr'><strong>unde</strong></span> <span class='ocrx_word' id='word_1_69' title='bbox 1166 1075 1234 1135; x_wconf 89' lang='lat' dir='ltr'><strong>red-</strong></span> <span class='ocrx_word' id='word_1_70' title='bbox 1311 1096 1319 1106; x_wconf 74' lang='grc'><strong>“</strong></span> 
     </span>
    </p>
   </div>
   <div class='ocr_carea' id='block_1_4' title="bbox 127 1159 1235 1613">
    <p class='ocr_par' dir='ltr' id='par_1_4' title="bbox 127 1159 1235 1613">
     <span class='ocr_line' id='line_1_9' title="bbox 127 1159 1234 1248; baseline 0.012 -32"><span class='ocrx_word' id='word_1_71' title='bbox 127 1159 232 1237; x_wconf 81' lang='lat' dir='ltr'><strong>ieram,</strong></span> <span class='ocrx_word' id='word_1_72' title='bbox 242 1160 420 1239; x_wconf 83' lang='lat' dir='ltr'><strong>legationem</strong></span> <span class='ocrx_word' id='word_1_73' title='bbox 433 1161 513 1241; x_wconf 84' lang='lat' dir='ltr'><strong>apud</strong></span> <span class='ocrx_word' id='word_1_74' title='bbox 527 1181 580 1222; x_wconf 86' lang='lat' dir='ltr'><strong>vos</strong></span> <span class='ocrx_word' id='word_1_75' title='bbox 594 1163 774 1236; x_wconf 86' lang='lat' dir='ltr'><strong>renunciavi,</strong></span> <span class='ocrx_word' id='word_1_76' title='bbox 795 1163 973 1241; x_wconf 83' lang='lat' dir='ltr'><strong>legationem</strong></span> <span class='ocrx_word' id='word_1_77' title='bbox 987 1172 1085 1222; x_wconf 89' lang='lat' dir='ltr'><strong>autem</strong></span> <span class='ocrx_word' id='word_1_78' title='bbox 1101 1185 1159 1225; x_wconf 89' lang='lat' dir='ltr'><strong>non</strong></span> <span class='ocrx_word' id='word_1_79' title='bbox 1172 1169 1234 1248; x_wconf 86' lang='lat' dir='ltr'><strong>eju·</strong></span> 
     </span>
     <span class='ocr_line' id='line_1_10' title="bbox 128 1251 1234 1335; baseline 0.01 -25"><span class='ocrx_word' id='word_1_80' title='bbox 128 1251 203 1324; x_wconf 88' lang='lat' dir='ltr'><strong>ravi,</strong></span> <span class='ocrx_word' id='word_1_81' title='bbox 218 1253 271 1312; x_wconf 88' lang='lat' dir='ltr'><strong>sed</strong></span> <span class='ocrx_word' id='word_1_82' title='bbox 285 1255 404 1333; x_wconf 89' lang='lat' dir='ltr'><strong>promisi</strong></span> <span class='ocrx_word' id='word_1_83' title='bbox 417 1275 464 1314; x_wconf 93' lang='lat' dir='ltr'><strong>me</strong></span> <span class='ocrx_word' id='word_1_84' title='bbox 483 1256 640 1328; x_wconf 91' lang='lat' dir='ltr'><strong>obiturum,</strong></span> <span class='ocrx_word' id='word_1_85' title='bbox 655 1256 680 1315; x_wconf 87' lang='lat' dir='ltr'><strong>si</strong></span> <span class='ocrx_word' id='word_1_86' title='bbox 698 1257 760 1317; x_wconf 88' lang='lat' dir='ltr'><strong>ullo</strong></span> <span class='ocrx_word' id='word_1_87' title='bbox 779 1256 867 1316; x_wconf 90' lang='lat' dir='ltr'><strong>modo</strong></span> <span class='ocrx_word' id='word_1_88' title='bbox 888 1275 1025 1335; x_wconf 90' lang='lat' dir='ltr'><strong>possem:</strong></span> <span class='ocrx_word' id='word_1_89' title='bbox 1047 1275 1114 1315; x_wconf 88' lang='lat' dir='ltr'><strong>cum</strong></span> <span class='ocrx_word' id='word_1_90' title='bbox 1135 1270 1234 1321; x_wconf 89' lang='lat' dir='ltr'><strong>autem</strong></span> 
     </span>
     <span class='ocr_line' id='line_1_11' title="bbox 128 1343 1235 1428; baseline 0.012 -26"><span class='ocrx_word' id='word_1_91' title='bbox 128 1343 255 1424; x_wconf 82' lang='lat' dir='ltr'><strong>collegae</strong></span> <span class='ocrx_word' id='word_1_92' title='bbox 269 1347 326 1406; x_wconf 91' lang='lat' dir='ltr'><strong>mei</strong></span> <span class='ocrx_word' id='word_1_93' title='bbox 343 1357 478 1407; x_wconf 88' lang='lat' dir='ltr'><strong>senatum</strong></span> <span class='ocrx_word' id='word_1_94' title='bbox 500 1349 683 1420; x_wconf 85' lang='lat' dir='ltr'><strong>accederent,</strong></span> <span class='ocrx_word' id='word_1_95' title='bbox 702 1349 821 1409; x_wconf 84' lang='lat' dir='ltr'><strong>fratrem</strong></span> <span class='ocrx_word' id='word_1_96' title='bbox 835 1369 931 1421; x_wconf 88' lang='lat' dir='ltr'><strong>meum</strong></span> <span class='ocrx_word' id='word_1_97' title='bbox 945 1348 1067 1428; x_wconf 87' lang='lat' dir='ltr'><strong>ejusque</strong></span> <span class='ocrx_word' id='word_1_98' title='bbox 1085 1350 1188 1423; x_wconf 87' lang='lat' dir='ltr'><strong>filiurn,</strong></span> <span class='ocrx_word' id='word_1_99' title='bbox 1203 1363 1235 1414; x_wconf 86' lang='lat' dir='ltr'><strong>et</strong></span> 
     </span>
     <span class='ocr_line' id='line_1_12' title="bbox 128 1437 1233 1520; baseline 0.009 -26"><span class='ocrx_word' id='word_1_100' title='bbox 128 1437 278 1499; x_wconf 88' lang='lat' dir='ltr'><strong>medicum</strong></span> <span class='ocrx_word' id='word_1_101' title='bbox 298 1440 375 1511; x_wconf 88' lang='lat' dir='ltr'><strong>misi,</strong></span> <span class='ocrx_word' id='word_1_102' title='bbox 397 1459 456 1499; x_wconf 90' lang='lat' dir='ltr'><strong>non</strong></span> <span class='ocrx_word' id='word_1_103' title='bbox 476 1456 549 1500; x_wconf 86' lang='lat' dir='ltr'><strong>meo·</strong></span> <span class='ocrx_word' id='word_1_104' title='bbox 561 1442 677 1501; x_wconf 89' lang='lat' dir='ltr'><strong>nomine</strong></span> <span class='ocrx_word' id='word_1_105' title='bbox 698 1442 964 1520; x_wconf 87' lang='lat' dir='ltr'><strong>ejuratos-neque</strong></span> <span class='ocrx_word' id='word_1_106' title='bbox 984 1442 1061 1501; x_wconf 89' lang='lat' dir='ltr'><strong>enim</strong></span> <span class='ocrx_word' id='word_1_107' title='bbox 1084 1443 1131 1502; x_wconf 89' lang='lat' dir='ltr'><strong>lex</strong></span> <span class='ocrx_word' id='word_1_108' title='bbox 1155 1445 1233 1518; x_wconf 88' lang='lat' dir='ltr'><strong>sinit,</strong></span> 
     </span>
     <span class='ocr_line' id='line_1_13' title="bbox 127 1530 1233 1613; baseline 0.01 -26"><span class='ocrx_word' id='word_1_109' title='bbox 127 1530 230 1608; x_wconf 91' lang='lat' dir='ltr'><strong>populi</strong></span> <span class='ocrx_word' id='word_1_110' title='bbox 243 1530 386 1610; x_wconf 86' lang='lat' dir='ltr'><strong>suffragiis</strong></span> <span class='ocrx_word' id='word_1_111' title='bbox 400 1533 519 1593; x_wconf 92' lang='lat' dir='ltr'><strong>decreta</strong></span> <span class='ocrx_word' id='word_1_112' title='bbox 531 1541 654 1593; x_wconf 86' lang='lat' dir='ltr'><strong>munera</strong></span> <span class='ocrx_word' id='word_1_113' title='bbox 668 1533 698 1591; x_wconf 93' lang='lat' dir='ltr'><strong>in</strong></span> <span class='ocrx_word' id='word_1_114' title='bbox 712 1544 816 1593; x_wconf 86' lang='lat' dir='ltr'><strong>senatu</strong></span> <span class='ocrx_word' id='word_1_115' title='bbox 831 1534 993 1613; x_wconf 85' lang='lat' dir='ltr'><strong>ejurare—,</strong></span> <span class='ocrx_word' id='word_1_116' title='bbox 1015 1535 1067 1594; x_wconf 92' lang='lat' dir='ltr'><strong>sed</strong></span> <span class='ocrx_word' id='word_1_117' title='bbox 1082 1533 1233 1598; x_wconf 87' lang='lat' dir='ltr'><strong>infirmita·</strong></span> 
     </span>
    </p>
   </div>
   <div class='ocr_carea' id='block_1_5' title="bbox 126 1625 1333 1704">
    <p class='ocr_par' dir='ltr' id='par_1_5' title="bbox 126 1625 1333 1704">
     <span class='ocr_line' id='line_1_14' title="bbox 126 1625 1333 1704; baseline 0.009 -24"><span class='ocrx_word' id='word_1_118' title='bbox 126 1630 190 1681; x_wconf 90' lang='lat' dir='ltr'><strong>tem</strong></span> <span class='ocrx_word' id='word_1_119' title='bbox 205 1642 299 1683; x_wconf 89' lang='lat' dir='ltr'><strong>meam</strong></span> <span class='ocrx_word' id='word_1_120' title='bbox 312 1625 502 1686; x_wconf 89' lang='lat' dir='ltr'><strong>indicaturos.</strong></span> <span class='ocrx_word' id='word_1_121' title='bbox 534 1628 610 1687; x_wconf 89' lang='lat' dir='ltr'><strong>Cum</strong></span> <span class='ocrx_word' id='word_1_122' title='bbox 624 1636 722 1686; x_wconf 89' lang='lat' dir='ltr'><strong>autem</strong></span> <span class='ocrx_word' id='word_1_123' title='bbox 736 1625 859 1704; x_wconf 78' lang='lat' dir='ltr'><strong>collegas</strong></span> <span class='ocrx_word' id='word_1_124' title='bbox 874 1627 942 1696; x_wconf 88' lang='lat' dir='ltr'><strong>mei,</strong></span> <span class='ocrx_word' id='word_1_125' title='bbox 957 1627 1104 1688; x_wconf 88' lang='lat' dir='ltr'><strong>Phocensi</strong></span> <span class='ocrx_word' id='word_1_126' title='bbox 1118 1629 1238 1690; x_wconf 77' lang='lat' dir='ltr'><strong>excidid</strong></span> <span class='ocrx_word' id='word_1_127' title='bbox 1328 1656 1333 1669; x_wconf 57' lang='lat'>*</span> 
     </span>
    </p>
   </div>
   <div class='ocr_carea' id='block_1_6' title="bbox 29 1715 1328 4600">
    <p class='ocr_par' dir='ltr' id='par_1_6' title="bbox 29 1715 1322 3569">
     <span class='ocr_line' id='line_1_15' title="bbox 125 1715 1232 1801; baseline 0.007 -27"><span class='ocrx_word' id='word_1_128' title='bbox 125 1715 239 1781; x_wconf 85' lang='lat' dir='ltr'><strong>audito.</strong></span> <span class='ocrx_word' id='word_1_129' title='bbox 253 1717 451 1791; x_wconf 89' lang='lat' dir='ltr'><strong>revertissent,</strong></span> <span class='ocrx_word' id='word_1_130' title='bbox 465 1719 567 1779; x_wconf 90' lang='lat' dir='ltr'><strong>habita</strong></span> <span class='ocrx_word' id='word_1_131' title='bbox 585 1720 736 1790; x_wconf 89' lang='lat' dir='ltr'><strong>concione,</strong></span> <span class='ocrx_word' id='word_1_132' title='bbox 746 1719 809 1798; x_wconf 89' lang='lat' dir='ltr'><strong>jam</strong></span> <span class='ocrx_word' id='word_1_133' title='bbox 824 1737 963 1797; x_wconf 84' lang='lat' dir='ltr'><strong>praesens,</strong></span> <span class='ocrx_word' id='word_1_134' title='bbox 978 1729 1008 1779; x_wconf 89' lang='lat' dir='ltr'><strong>et</strong></span> <span class='ocrx_word' id='word_1_135' title='bbox 1024 1741 1146 1801; x_wconf 87' lang='lat' dir='ltr'><strong>corpore</strong></span> <span class='ocrx_word' id='word_1_136' title='bbox 1160 1741 1232 1782; x_wconf 90' lang='lat' dir='ltr'><strong>con·</strong></span> 
     </span>
     <span class='ocr_line' id='line_1_16' title="bbox 126 1809 1232 1890; baseline 0.007 -23"><span class='ocrx_word' id='word_1_137' title='bbox 126 1809 256 1880; x_wconf 86' lang='lat' dir='ltr'><strong>firmato,</strong></span> <span class='ocrx_word' id='word_1_138' title='bbox 278 1829 344 1869; x_wconf 91' lang='lat' dir='ltr'><strong>cum</strong></span> <span class='ocrx_word' id='word_1_139' title='bbox 366 1809 491 1890; x_wconf 88' lang='lat' dir='ltr'><strong>populns</strong></span> <span class='ocrx_word' id='word_1_140' title='bbox 507 1809 694 1871; x_wconf 80' lang='lat' dir='ltr'><strong>nihilominus</strong></span> <span class='ocrx_word' id='word_1_141' title='bbox 709 1830 765 1871; x_wconf 90' lang='lat' dir='ltr'><strong>nos</strong></span> <span class='ocrx_word' id='word_1_142' title='bbox 787 1830 888 1870; x_wconf 87' lang='lat' dir='ltr'><strong>omnes</strong></span> <span class='ocrx_word' id='word_1_143' title='bbox 908 1811 957 1890; x_wconf 93' lang='lat' dir='ltr'><strong>qui</strong></span> <span class='ocrx_word' id='word_1_144' title='bbox 977 1813 1103 1890; x_wconf 90' lang='lat' dir='ltr'><strong>primum</strong></span> <span class='ocrx_word' id='word_1_145' title='bbox 1125 1813 1232 1889; x_wconf 88' lang='lat' dir='ltr'><strong>delecti</strong></span> 
     </span>
     <span class='ocr_line' id='line_1_17' title="bbox 126 1901 1307 1983; baseline 0.007 -23"><span class='ocrx_word' id='word_1_146' title='bbox 126 1901 278 1962; x_wconf 78' lang='lat' dir='ltr'><strong>fueramus</strong></span> <span class='ocrx_word' id='word_1_147' title='bbox 293 1902 331 1962; x_wconf 90' lang='lat' dir='ltr'><strong>ad</strong></span> <span class='ocrx_word' id='word_1_148' title='bbox 344 1903 511 1963; x_wconf 89' lang='lat' dir='ltr'><strong>obeundam</strong></span> <span class='ocrx_word' id='word_1_149' title='bbox 521 1905 699 1983; x_wconf 85' lang='lat' dir='ltr'><strong>legationem</strong></span> <span class='ocrx_word' id='word_1_150' title='bbox 709 1901 856 1980; x_wconf 79' lang='lat' dir='ltr'><strong>adigeret,</strong></span> <span class='ocrx_word' id='word_1_151' title='bbox 870 1923 929 1962; x_wconf 90' lang='lat' dir='ltr'><strong>non</strong></span> <span class='ocrx_word' id='word_1_152' title='bbox 942 1904 1042 1966; x_wconf 86' lang='lat' dir='ltr'><strong>danda</strong></span> <span class='ocrx_word' id='word_1_153' title='bbox 1060 1925 1126 1965; x_wconf 88' lang='lat' dir='ltr'><strong>esse</strong></span> <span class='ocrx_word' id='word_1_154' title='bbox 1142 1908 1232 1967; x_wconf 86' lang='lat' dir='ltr'><strong>verba</strong></span> <span class='ocrx_word' id='word_1_155' title='bbox 1300 1971 1307 1976; x_wconf 64' lang='grc'><strong>,</strong></span> 
     </span>
     <span class='ocr_line' id='line_1_18' title="bbox 126 1993 1231 2075; baseline 0.004 -22"><span class='ocrx_word' id='word_1_156' title='bbox 126 1993 362 2054; x_wconf 87' lang='lat' dir='ltr'><strong>Atheniensibus</strong></span> <span class='ocrx_word' id='word_1_157' title='bbox 376 1997 544 2055; x_wconf 81' lang='lat' dir='ltr'><strong>existimavi.</strong></span> <span class='ocrx_word' id='word_1_158' title='bbox 570 1999 613 2054; x_wconf 88' lang='lat' dir='ltr'><strong>At</strong></span> <span class='ocrx_word' id='word_1_159' title='bbox 623 1996 704 2055; x_wconf 87' lang='lat' dir='ltr'><strong>illam</strong></span> <span class='ocrx_word' id='word_1_160' title='bbox 717 1996 835 2075; x_wconf 89' lang='lat' dir='ltr'><strong>quidem</strong></span> <span class='ocrx_word' id='word_1_161' title='bbox 847 1994 1034 2074; x_wconf 83' lang='lat' dir='ltr'><strong>legationem,</strong></span> <span class='ocrx_word' id='word_1_162' title='bbox 1046 2015 1092 2056; x_wconf 89' lang='lat' dir='ltr'><strong>mc</strong></span> <span class='ocrx_word' id='word_1_163' title='bbox 1103 1997 1231 2057; x_wconf 87' lang='lat' dir='ltr'><strong>rationes</strong></span> 
     </span>
     <span class='ocr_line' id='line_1_19' title="bbox 126 2086 1231 2168; baseline 0.003 -22"><span class='ocrx_word' id='word_1_164' title='bbox 126 2088 284 2157; x_wconf 86' lang='lat' dir='ltr'><strong>referente,</strong></span> <span class='ocrx_word' id='word_1_165' title='bbox 301 2107 360 2146; x_wconf 90' lang='lat' dir='ltr'><strong>non</strong></span> <span class='ocrx_word' id='word_1_166' title='bbox 375 2089 548 2160; x_wconf 86' lang='lat' dir='ltr'><strong>accusabas,</strong></span> <span class='ocrx_word' id='word_1_167' title='bbox 562 2086 640 2148; x_wconf 87' lang='lat' dir='ltr'><strong>hanc</strong></span> <span class='ocrx_word' id='word_1_168' title='bbox 653 2098 751 2148; x_wconf 87' lang='lat' dir='ltr'><strong>autem</strong></span> <span class='ocrx_word' id='word_1_169' title='bbox 770 2087 892 2159; x_wconf 79' lang='lat' dir='ltr'><strong>invadis,</strong></span> <span class='ocrx_word' id='word_1_170' title='bbox 907 2107 966 2165; x_wconf 81' lang='lat' dir='ltr'><strong>qua</strong></span> <span class='ocrx_word' id='word_1_171' title='bbox 979 2089 1017 2147; x_wconf 87' lang='lat' dir='ltr'><strong>ad</strong></span> <span class='ocrx_word' id='word_1_172' title='bbox 1026 2089 1231 2168; x_wconf 87' lang='lat' dir='ltr'><strong>jusjurandum</strong></span> 
     </span>
     <span class='ocr_line' id='line_1_20' title="bbox 125 2179 1316 2260; baseline 0.004 -21"><span class='ocrx_word' id='word_1_173' title='bbox 125 2181 278 2260; x_wconf 87' lang='lat' dir='ltr'><strong>profectus</strong></span> <span class='ocrx_word' id='word_1_174' title='bbox 288 2198 370 2248; x_wconf 89' lang='lat' dir='ltr'><strong>sum;</strong></span> <span class='ocrx_word' id='word_1_175' title='bbox 394 2199 483 2258; x_wconf 89' lang='lat' dir='ltr'><strong>quam</strong></span> <span class='ocrx_word' id='word_1_176' title='bbox 494 2200 550 2259; x_wconf 85' lang='lat' dir='ltr'><strong>ego</strong></span> <span class='ocrx_word' id='word_1_177' title='bbox 559 2181 712 2260; x_wconf 89' lang='lat' dir='ltr'><strong>perspicue</strong></span> <span class='ocrx_word' id='word_1_178' title='bbox 724 2189 755 2239; x_wconf 89' lang='lat' dir='ltr'><strong>et</strong></span> <span class='ocrx_word' id='word_1_179' title='bbox 765 2183 830 2257; x_wconf 83' lang='lat' dir='ltr'><strong>jure</strong></span> <span class='ocrx_word' id='word_1_180' title='bbox 843 2179 953 2260; x_wconf 90' lang='lat' dir='ltr'><strong>optimo</strong></span> <span class='ocrx_word' id='word_1_181' title='bbox 964 2179 1131 2256; x_wconf 86' lang='lat' dir='ltr'><strong>defendam.</strong></span> <span class='ocrx_word' id='word_1_182' title='bbox 1153 2181 1230 2241; x_wconf 84' lang='lat' dir='ltr'><strong>Nam</strong></span> <span class='ocrx_word' id='word_1_183' title='bbox 1313 2240 1316 2244; x_wconf 92' lang='grc'><em>,</em></span> 
     </span>
     <span class='ocr_line' id='line_1_21' title="bbox 122 2269 1230 2354; baseline 0 -20"><span class='ocrx_word' id='word_1_184' title='bbox 122 2275 180 2334; x_wconf 90' lang='lat' dir='ltr'><strong>tibi</strong></span> <span class='ocrx_word' id='word_1_185' title='bbox 191 2274 320 2354; x_wconf 86' lang='lat' dir='ltr'><strong>quidem,</strong></span> <span class='ocrx_word' id='word_1_186' title='bbox 334 2282 365 2332; x_wconf 93' lang='lat' dir='ltr'><strong>et</strong></span> <span class='ocrx_word' id='word_1_187' title='bbox 373 2274 582 2333; x_wconf 77' lang='lat' dir='ltr'><strong>mentientibus</strong></span> <span class='ocrx_word' id='word_1_188' title='bbox 591 2274 726 2333; x_wconf 87' lang='lat' dir='ltr'><strong>omnibus</strong></span> <span class='ocrx_word' id='word_1_189' title='bbox 737 2283 785 2332; x_wconf 87' lang='lat' dir='ltr'><strong>est</strong></span> <span class='ocrx_word' id='word_1_190' title='bbox 793 2269 1058 2344; x_wconf 75' lang='lat' dir='ltr'><strong>acbbmmodatnm,</strong></span> <span class='ocrx_word' id='word_1_191' title='bbox 1071 2275 1230 2335; x_wconf 84' lang='lat' dir='ltr'><strong>transferre</strong></span> 
     </span>
     <span class='ocr_line' id='line_1_22' title="bbox 125 2356 1229 2448; baseline 0 -20"><span class='ocrx_word' id='word_1_192' title='bbox 125 2356 278 2448; x_wconf 77' lang='lat' dir='ltr'><strong>tempora:</strong></span> <span class='ocrx_word' id='word_1_193' title='bbox 292 2366 361 2426; x_wconf 91' lang='lat' dir='ltr'><strong>mihi</strong></span> <span class='ocrx_word' id='word_1_194' title='bbox 374 2385 455 2436; x_wconf 91' lang='lat' dir='ltr'><strong>vero,</strong></span> <span class='ocrx_word' id='word_1_195' title='bbox 472 2366 574 2426; x_wconf 88' lang='lat' dir='ltr'><strong>ordine</strong></span> <span class='ocrx_word' id='word_1_196' title='bbox 585 2366 740 2438; x_wconf 86' lang='lat' dir='ltr'><strong>disserere,</strong></span> <span class='ocrx_word' id='word_1_197' title='bbox 752 2366 890 2425; x_wconf 88' lang='lat' dir='ltr'><strong>orationis</strong></span> <span class='ocrx_word' id='word_1_198' title='bbox 900 2366 981 2425; x_wconf 92' lang='lat' dir='ltr'><strong>initio</strong></span> <span class='ocrx_word' id='word_1_199' title='bbox 991 2366 1117 2446; x_wconf 91' lang='lat' dir='ltr'><strong>repetito</strong></span> <span class='ocrx_word' id='word_1_200' title='bbox 1131 2386 1149 2426; x_wconf 88' lang='lat' dir='ltr'><strong>a</strong></span> <span class='ocrx_word' id='word_1_201' title='bbox 1161 2386 1229 2445; x_wconf 92' lang='lat' dir='ltr'><strong>pro·</strong></span> 
     </span>
     <span class='ocr_line' id='line_1_23' title="bbox 122 2459 1231 2540; baseline -0.001 -18"><span class='ocrx_word' id='word_1_202' title='bbox 122 2459 264 2534; x_wconf 82' lang='lat' dir='ltr'><strong>sectione,</strong></span> <span class='ocrx_word' id='word_1_203' title='bbox 274 2459 458 2539; x_wconf 79' lang='lat' dir='ltr'><strong>allegatione</strong></span> <span class='ocrx_word' id='word_1_204' title='bbox 469 2470 589 2539; x_wconf 87' lang='lat' dir='ltr'><strong>propter</strong></span> <span class='ocrx_word' id='word_1_205' title='bbox 602 2459 778 2540; x_wconf 86' lang='lat' dir='ltr'><strong>exigendum</strong></span> <span class='ocrx_word' id='word_1_206' title='bbox 784 2459 991 2539; x_wconf 87' lang='lat' dir='ltr'><strong>jusjurandum</strong></span> <span class='ocrx_word' id='word_1_207' title='bbox 999 2470 1146 2540; x_wconf 87' lang='lat' dir='ltr'><strong>suscepta.</strong></span> <span class='ocrx_word' id='word_1_208' title='bbox 1167 2459 1231 2521; x_wconf 87' lang='lat' dir='ltr'><strong>Pri·</strong></span> 
     </span>
     <span class='ocr_line' id='line_1_24' title="bbox 122 2551 1229 2633; baseline -0.002 -19"><span class='ocrx_word' id='word_1_209' title='bbox 122 2575 206 2614; x_wconf 88' lang='lat' dir='ltr'><strong>mum</strong></span> <span class='ocrx_word' id='word_1_210' title='bbox 218 2573 309 2633; x_wconf 92' lang='lat' dir='ltr'><strong>quum</strong></span> <span class='ocrx_word' id='word_1_211' title='bbox 318 2553 407 2632; x_wconf 87' lang='lat' dir='ltr'><strong>legati</strong></span> <span class='ocrx_word' id='word_1_212' title='bbox 416 2562 517 2613; x_wconf 86' lang='lat' dir='ltr'><strong>esseut</strong></span> <span class='ocrx_word' id='word_1_213' title='bbox 526 2554 640 2625; x_wconf 87' lang='lat' dir='ltr'><strong>decem,</strong></span> <span class='ocrx_word' id='word_1_214' title='bbox 651 2562 740 2631; x_wconf 90' lang='lat' dir='ltr'><strong>atque</strong></span> <span class='ocrx_word' id='word_1_215' title='bbox 748 2551 922 2611; x_wconf 90' lang='lat' dir='ltr'><strong>undecimus</strong></span> <span class='ocrx_word' id='word_1_216' title='bbox 933 2553 1097 2627; x_wconf 87' lang='lat' dir='ltr'><strong>accederet,</strong></span> <span class='ocrx_word' id='word_1_217' title='bbox 1106 2554 1132 2613; x_wconf 88' lang='lat' dir='ltr'><strong>is</strong></span> <span class='ocrx_word' id='word_1_218' title='bbox 1142 2572 1229 2632; x_wconf 90' lang='lat' dir='ltr'><strong>quem</strong></span> 
     </span>
     <span class='ocr_line' id='line_1_25' title="bbox 122 2643 1228 2724; baseline 0.003 -20"><span class='ocrx_word' id='word_1_219' title='bbox 122 2643 260 2705; x_wconf 85' lang='lat' dir='ltr'><strong>foederati</strong></span> <span class='ocrx_word' id='word_1_220' title='bbox 273 2646 425 2705; x_wconf 91' lang='lat' dir='ltr'><strong>nobiscum</strong></span> <span class='ocrx_word' id='word_1_221' title='bbox 441 2646 590 2718; x_wconf 89' lang='lat' dir='ltr'><strong>miserant,</strong></span> <span class='ocrx_word' id='word_1_222' title='bbox 604 2665 692 2705; x_wconf 88' lang='lat' dir='ltr'><strong>nemo</strong></span> <span class='ocrx_word' id='word_1_223' title='bbox 706 2664 774 2705; x_wconf 90' lang='lat' dir='ltr'><strong>cum</strong></span> <span class='ocrx_word' id='word_1_224' title='bbox 788 2646 845 2703; x_wconf 86' lang='lat' dir='ltr'><strong>isto</strong></span> <span class='ocrx_word' id='word_1_225' title='bbox 859 2643 956 2703; x_wconf 90' lang='lat' dir='ltr'><strong>cibum</strong></span> <span class='ocrx_word' id='word_1_226' title='bbox 971 2664 1086 2724; x_wconf 86' lang='lat' dir='ltr'><strong>capere,</strong></span> <span class='ocrx_word' id='word_1_227' title='bbox 1098 2666 1165 2706; x_wconf 92' lang='lat' dir='ltr'><strong>cum</strong></span> <span class='ocrx_word' id='word_1_228' title='bbox 1181 2666 1228 2707; x_wconf 88' lang='lat' dir='ltr'><strong>se·</strong></span> 
     </span>
     <span class='ocr_line' id='line_1_26' title="bbox 123 2737 1228 2819; baseline 0 -20"><span class='ocrx_word' id='word_1_229' title='bbox 123 2738 226 2799; x_wconf 86' lang='lat' dir='ltr'><strong>cunda</strong></span> <span class='ocrx_word' id='word_1_230' title='bbox 237 2737 386 2816; x_wconf 90' lang='lat' dir='ltr'><strong>legatione</strong></span> <span class='ocrx_word' id='word_1_231' title='bbox 400 2738 554 2816; x_wconf 77' lang='lat' dir='ltr'><strong>exiremus,</strong></span> <span class='ocrx_word' id='word_1_232' title='bbox 564 2738 667 2812; x_wconf 88' lang='lat' dir='ltr'><strong>voluit,</strong></span> <span class='ocrx_word' id='word_1_233' title='bbox 681 2758 777 2819; x_wconf 88' lang='lat' dir='ltr'><strong>neque</strong></span> <span class='ocrx_word' id='word_1_234' title='bbox 788 2738 817 2795; x_wconf 91' lang='lat' dir='ltr'><strong>in</strong></span> <span class='ocrx_word' id='word_1_235' title='bbox 832 2737 945 2818; x_wconf 86' lang='lat' dir='ltr'><strong>itinere,</strong></span> <span class='ocrx_word' id='word_1_236' title='bbox 961 2737 1010 2795; x_wconf 92' lang='lat' dir='ltr'><strong>ubi</strong></span> <span class='ocrx_word' id='word_1_237' title='bbox 1026 2738 1108 2798; x_wconf 88' lang='lat' dir='ltr'><strong>vitavi</strong></span> <span class='ocrx_word' id='word_1_238' title='bbox 1122 2740 1228 2817; x_wconf 89' lang='lat' dir='ltr'><strong>potuit,</strong></span> 
     </span>
     <span class='ocr_line' id='line_1_27' title="bbox 122 2827 1227 2911; baseline 0.001 -21"><span class='ocrx_word' id='word_1_239' title='bbox 122 2832 155 2890; x_wconf 92' lang='lat' dir='ltr'><strong>in</strong></span> <span class='ocrx_word' id='word_1_240' title='bbox 168 2827 273 2890; x_wconf 82' lang='lat' dir='ltr'><strong>eadam</strong></span> <span class='ocrx_word' id='word_1_241' title='bbox 287 2849 421 2909; x_wconf 89' lang='lat' dir='ltr'><strong>caupona</strong></span> <span class='ocrx_word' id='word_1_242' title='bbox 435 2830 589 2902; x_wconf 84' lang='lat' dir='ltr'><strong>divertere,</strong></span> <span class='ocrx_word' id='word_1_243' title='bbox 605 2831 714 2911; x_wconf 92' lang='lat' dir='ltr'><strong>quippe</strong></span> <span class='ocrx_word' id='word_1_244' title='bbox 729 2831 779 2909; x_wconf 90' lang='lat' dir='ltr'><strong>qui</strong></span> <span class='ocrx_word' id='word_1_245' title='bbox 794 2829 935 2900; x_wconf 86' lang='lat' dir='ltr'><strong>viderent,</strong></span> <span class='ocrx_word' id='word_1_246' title='bbox 950 2850 1016 2889; x_wconf 89' lang='lat' dir='ltr'><strong>eum</strong></span> <span class='ocrx_word' id='word_1_247' title='bbox 1031 2830 1126 2909; x_wconf 88' lang='lat' dir='ltr'><strong>priore</strong></span> <span class='ocrx_word' id='word_1_248' title='bbox 1145 2831 1227 2911; x_wconf 87' lang='lat' dir='ltr'><strong>lega-</strong></span> 
     </span>
     <span class='ocr_line' id='line_1_28' title="bbox 122 2924 1228 3003; baseline 0.002 -20"><span class='ocrx_word' id='word_1_249' title='bbox 122 2926 206 2984; x_wconf 88' lang='lat' dir='ltr'><strong>tione</strong></span> <span class='ocrx_word' id='word_1_250' title='bbox 219 2924 355 2983; x_wconf 88' lang='lat' dir='ltr'><strong>omnibus</strong></span> <span class='ocrx_word' id='word_1_251' title='bbox 369 2924 538 2984; x_wconf 88' lang='lat' dir='ltr'><strong>insidiatum</strong></span> <span class='ocrx_word' id='word_1_252' title='bbox 549 2946 624 2985; x_wconf 87' lang='lat' dir='ltr'><strong>esse.</strong></span> <span class='ocrx_word' id='word_1_253' title='bbox 649 2926 696 2984; x_wconf 88' lang='lat' dir='ltr'><strong>De</strong></span> <span class='ocrx_word' id='word_1_254' title='bbox 709 2924 812 2984; x_wconf 89' lang='lat' dir='ltr'><strong>itinere</strong></span> <span class='ocrx_word' id='word_1_255' title='bbox 827 2943 912 3003; x_wconf 93' lang='lat' dir='ltr'><strong>porro</strong></span> <span class='ocrx_word' id='word_1_256' title='bbox 926 2926 957 2983; x_wconf 90' lang='lat' dir='ltr'><strong>in</strong></span> <span class='ocrx_word' id='word_1_257' title='bbox 967 2924 1124 2984; x_wconf 90' lang='lat' dir='ltr'><strong>Thraciam</strong></span> <span class='ocrx_word' id='word_1_258' title='bbox 1136 2928 1228 2985; x_wconf 88' lang='lat' dir='ltr'><strong>susci·</strong></span> 
     </span>
     <span class='ocr_line' id='line_1_29' title="bbox 123 3015 1227 3098; baseline -0.002 -21"><span class='ocrx_word' id='word_1_259' title='bbox 123 3018 244 3098; x_wconf 89' lang='lat' dir='ltr'><strong>piendo,</strong></span> <span class='ocrx_word' id='word_1_260' title='bbox 259 3018 341 3077; x_wconf 89' lang='lat' dir='ltr'><strong>nulla</strong></span> <span class='ocrx_word' id='word_1_261' title='bbox 355 3018 435 3076; x_wconf 81' lang='lat' dir='ltr'><strong>iacta</strong></span> <span class='ocrx_word' id='word_1_262' title='bbox 448 3018 748 3094; x_wconf 90' lang='lat' dir='ltr'><strong>estmentio-neque</strong></span> <span class='ocrx_word' id='word_1_263' title='bbox 762 3016 840 3074; x_wconf 88' lang='lat' dir='ltr'><strong>enim</strong></span> <span class='ocrx_word' id='word_1_264' title='bbox 854 3015 975 3074; x_wconf 90' lang='lat' dir='ltr'><strong>decreto</strong></span> <span class='ocrx_word' id='word_1_265' title='bbox 990 3015 1020 3074; x_wconf 93' lang='lat' dir='ltr'><strong>id</strong></span> <span class='ocrx_word' id='word_1_266' title='bbox 1034 3016 1117 3076; x_wconf 87' lang='lat' dir='ltr'><strong>nobis</strong></span> <span class='ocrx_word' id='word_1_267' title='bbox 1132 3018 1227 3095; x_wconf 90' lang='lat' dir='ltr'><strong>injun-</strong></span> 
     </span>
     <span class='ocr_line' id='line_1_30' title="bbox 122 3104 1226 3192; baseline -0.003 -23"><span class='ocrx_word' id='word_1_268' title='bbox 122 3112 260 3189; x_wconf 82' lang='lat' dir='ltr'><strong>gebatur,</strong></span> <span class='ocrx_word' id='word_1_269' title='bbox 274 3108 327 3187; x_wconf 79' lang='lat' dir='ltr'><strong>sed</strong></span> <span class='ocrx_word' id='word_1_270' title='bbox 342 3108 371 3166; x_wconf 91' lang='lat' dir='ltr'><strong>id</strong></span> <span class='ocrx_word' id='word_1_271' title='bbox 385 3107 539 3177; x_wconf 78' lang='lat' dir='ltr'><strong>duntaxat,</strong></span> <span class='ocrx_word' id='word_1_272' title='bbox 552 3117 585 3166; x_wconf 92' lang='lat' dir='ltr'><strong>ut</strong></span> <span class='ocrx_word' id='word_1_273' title='bbox 593 3106 796 3192; x_wconf 81' lang='lat' dir='ltr'><strong>jusjurandum</strong></span> <span class='ocrx_word' id='word_1_274' title='bbox 816 3104 1007 3183; x_wconf 86' lang='lat' dir='ltr'><strong>exigeremus,</strong></span> <span class='ocrx_word' id='word_1_275' title='bbox 1025 3126 1060 3165; x_wconf 89' lang='lat' dir='ltr'><strong>ac</strong></span> <span class='ocrx_word' id='word_1_276' title='bbox 1075 3108 1132 3165; x_wconf 87' lang='lat' dir='ltr'><strong>alia</strong></span> <span class='ocrx_word' id='word_1_277' title='bbox 1145 3126 1226 3185; x_wconf 88' lang='lat' dir='ltr'><strong>quae-</strong></span> 
     </span>
     <span class='ocr_line' id='line_1_31' title="bbox 120 3196 1226 3282; baseline -0.003 -20"><span class='ocrx_word' id='word_1_278' title='bbox 120 3203 252 3282; x_wconf 59' lang='lat' dir='ltr'><strong>piam-7</strong></span> <span class='ocrx_word' id='word_1_279' title='bbox 272 3220 327 3261; x_wconf 86' lang='lat' dir='ltr'><strong>nec</strong></span> <span class='ocrx_word' id='word_1_280' title='bbox 341 3200 366 3259; x_wconf 89' lang='lat' dir='ltr'><strong>si</strong></span> <span class='ocrx_word' id='word_1_281' title='bbox 378 3199 584 3270; x_wconf 89' lang='lat' dir='ltr'><strong>voluissemus,</strong></span> <span class='ocrx_word' id='word_1_282' title='bbox 605 3217 691 3276; x_wconf 87' lang='lat' dir='ltr'><strong>agere</strong></span> <span class='ocrx_word' id='word_1_283' title='bbox 712 3198 795 3255; x_wconf 91' lang='lat' dir='ltr'><strong>nobis</strong></span> <span class='ocrx_word' id='word_1_284' title='bbox 813 3196 953 3268; x_wconf 89' lang='lat' dir='ltr'><strong>licuisset,</strong></span> <span class='ocrx_word' id='word_1_285' title='bbox 977 3218 1045 3256; x_wconf 89' lang='lat' dir='ltr'><strong>cum</strong></span> <span class='ocrx_word' id='word_1_286' title='bbox 1065 3200 1106 3258; x_wconf 85' lang='lat' dir='ltr'><strong>ita</strong></span> <span class='ocrx_word' id='word_1_287' title='bbox 1120 3200 1226 3261; x_wconf 88' lang='lat' dir='ltr'><strong>Cerso·</strong></span> 
     </span>
     <span class='ocr_line' id='line_1_32' title="bbox 119 3288 1322 3375; baseline -0.002 -19"><span class='ocrx_word' id='word_1_288' title='bbox 119 3296 231 3375; x_wconf 89' lang='lat' dir='ltr'><strong>bleptis</strong></span> <span class='ocrx_word' id='word_1_289' title='bbox 253 3314 300 3354; x_wconf 90' lang='lat' dir='ltr'><strong>res</strong></span> <span class='ocrx_word' id='word_1_290' title='bbox 321 3312 385 3352; x_wconf 88' lang='lat' dir='ltr'><strong>sese</strong></span> <span class='ocrx_word' id='word_1_291' title='bbox 399 3292 552 3364; x_wconf 90' lang='lat' dir='ltr'><strong>haberent,</strong></span> <span class='ocrx_word' id='word_1_292' title='bbox 566 3290 700 3350; x_wconf 85' lang='lat' dir='ltr'><strong>utmodo</strong></span> <span class='ocrx_word' id='word_1_293' title='bbox 714 3288 878 3361; x_wconf 82' lang='lat' dir='ltr'><strong>audivistis,</strong></span> <span class='ocrx_word' id='word_1_294' title='bbox 892 3308 987 3367; x_wconf 90' lang='lat' dir='ltr'><strong>neque</strong></span> <span class='ocrx_word' id='word_1_295' title='bbox 1001 3289 1056 3348; x_wconf 83' lang='lat' dir='ltr'><strong>iste</strong></span> <span class='ocrx_word' id='word_1_296' title='bbox 1071 3293 1226 3370; x_wconf 84' lang='lat' dir='ltr'><strong>quicquam</strong></span> <span class='ocrx_word' id='word_1_297' title='bbox 1320 3366 1322 3371; x_wconf 23' lang='grc' dir='ltr'>Ι</span> 
     </span>
     <span class='ocr_line' id='line_1_33' title="bbox 118 3381 1226 3464; baseline -0.005 -13"><span class='ocrx_word' id='word_1_298' title='bbox 118 3390 184 3451; x_wconf 92' lang='lat' dir='ltr'><strong>veri</strong></span> <span class='ocrx_word' id='word_1_299' title='bbox 194 3388 277 3460; x_wconf 85' lang='lat' dir='ltr'><strong>dixit,</strong></span> <span class='ocrx_word' id='word_1_300' title='bbox 288 3385 341 3445; x_wconf 91' lang='lat' dir='ltr'><strong>sed</strong></span> <span class='ocrx_word' id='word_1_301' title='bbox 351 3383 499 3459; x_wconf 75' lang='lat' dir='ltr'><strong>mentitur,</strong></span> <span class='ocrx_word' id='word_1_302' title='bbox 510 3394 540 3445; x_wconf 94' lang='lat' dir='ltr'><strong>et</strong></span> <span class='ocrx_word' id='word_1_303' title='bbox 549 3384 619 3464; x_wconf 91' lang='lat' dir='ltr'><strong>quia</strong></span> <span class='ocrx_word' id='word_1_304' title='bbox 626 3402 727 3443; x_wconf 90' lang='lat' dir='ltr'><strong>verum</strong></span> <span class='ocrx_word' id='word_1_305' title='bbox 737 3382 852 3442; x_wconf 90' lang='lat' dir='ltr'><strong>nullum</strong></span> <span class='ocrx_word' id='word_1_306' title='bbox 861 3381 972 3441; x_wconf 90' lang='lat' dir='ltr'><strong>crimen</strong></span> <span class='ocrx_word' id='word_1_307' title='bbox 983 3381 1108 3460; x_wconf 89' lang='lat' dir='ltr'><strong>objicere</strong></span> <span class='ocrx_word' id='word_1_308' title='bbox 1116 3394 1226 3464; x_wconf 79' lang='lat' dir='ltr'><strong>potest,</strong></span> 
     </span>
     <span class='ocr_line' id='line_1_34' title="bbox 29 3469 856 3569; baseline -0.01 -24"><span class='ocrx_word' id='word_1_309' title='bbox 29 3562 33 3569; x_wconf 19' lang='lat' dir='ltr'><em>t</em></span> <span class='ocrx_word' id='word_1_310' title='bbox 119 3482 286 3567; x_wconf 78' lang='lat' dir='ltr'><strong>praestigias</strong></span> <span class='ocrx_word' id='word_1_311' title='bbox 300 3480 370 3559; x_wconf 89' lang='lat' dir='ltr'><strong>agit.</strong></span> <span class='ocrx_word' id='word_1_312' title='bbox 531 3548 564 3557; x_wconf 21' lang='grc' dir='ltr'><strong>Ι,</strong></span> <span class='ocrx_word' id='word_1_313' title='bbox 850 3469 856 3477; x_wconf 69' lang='grc'><strong>’</strong></span> 
     </span>
    </p>

    <p class='ocr_par' dir='ltr' id='par_1_7' title="bbox 114 3569 1328 4600">
     <span class='ocr_line' id='line_1_35' title="bbox 165 3569 1225 3653; baseline -0.002 -18"><span class='ocrx_word' id='word_1_314' title='bbox 165 3579 214 3636; x_wconf 84' lang='grc'><strong>31.</strong></span> <span class='ocrx_word' id='word_1_315' title='bbox 237 3574 442 3653; x_wconf 87' lang='lat' dir='ltr'><strong>Sequebantur</strong></span> <span class='ocrx_word' id='word_1_316' title='bbox 461 3580 559 3631; x_wconf 87' lang='lat' dir='ltr'><strong>autem</strong></span> <span class='ocrx_word' id='word_1_317' title='bbox 572 3590 641 3631; x_wconf 92' lang='lat' dir='ltr'><strong>eum</strong></span> <span class='ocrx_word' id='word_1_318' title='bbox 654 3569 789 3629; x_wconf 86' lang='lat' dir='ltr'><strong>homines</strong></span> <span class='ocrx_word' id='word_1_319' title='bbox 808 3569 879 3643; x_wconf 90' lang='lat' dir='ltr'><strong>duo,</strong></span> <span class='ocrx_word' id='word_1_320' title='bbox 898 3570 1029 3629; x_wconf 87' lang='lat' dir='ltr'><strong>sarcinas</strong></span> <span class='ocrx_word' id='word_1_321' title='bbox 1049 3570 1225 3633; x_wconf 87' lang='lat' dir='ltr'><strong>lectulorum</strong></span> 
     </span>
     <span class='ocr_line' id='line_1_36' title="bbox 117 3662 1308 3743; baseline -0.005 -12"><span class='ocrx_word' id='word_1_322' title='bbox 117 3673 258 3739; x_wconf 83' lang='lat' dir='ltr'><strong>ferentes,</strong></span> <span class='ocrx_word' id='word_1_323' title='bbox 281 3667 313 3724; x_wconf 92' lang='lat' dir='ltr'><strong>in</strong></span> <span class='ocrx_word' id='word_1_324' title='bbox 326 3685 449 3743; x_wconf 83' lang='lat' dir='ltr'><strong>quarum</strong></span> <span class='ocrx_word' id='word_1_325' title='bbox 462 3665 565 3738; x_wconf 86' lang='lat' dir='ltr'><strong>altera,</strong></span> <span class='ocrx_word' id='word_1_326' title='bbox 579 3673 615 3723; x_wconf 89' lang='lat' dir='ltr'><strong>ut</strong></span> <span class='ocrx_word' id='word_1_327' title='bbox 626 3664 688 3743; x_wconf 88' lang='lat' dir='ltr'><strong>ipse</strong></span> <span class='ocrx_word' id='word_1_328' title='bbox 703 3664 815 3733; x_wconf 77' lang='lat' dir='ltr'><strong>aiebat,</strong></span> <span class='ocrx_word' id='word_1_329' title='bbox 830 3662 972 3721; x_wconf 83' lang='lat' dir='ltr'><strong>talentum</strong></span> <span class='ocrx_word' id='word_1_330' title='bbox 988 3664 1102 3741; x_wconf 87' lang='lat' dir='ltr'><strong>argenti</strong></span> <span class='ocrx_word' id='word_1_331' title='bbox 1121 3663 1224 3725; x_wconf 89' lang='lat' dir='ltr'><strong>inerat.</strong></span> <span class='ocrx_word' id='word_1_332' title='bbox 1306 3662 1308 3669; x_wconf 81' lang='grc'><strong>’</strong></span> 
     </span>
     <span class='ocr_line' id='line_1_37' title="bbox 119 3745 1225 3842; baseline -0.005 -19"><span class='ocrx_word' id='word_1_333' title='bbox 119 3764 226 3842; x_wconf 84' lang='lat' dir='ltr'><strong>ltaque</strong></span> <span class='ocrx_word' id='word_1_334' title='bbox 247 3760 371 3837; x_wconf 85' lang='lat' dir='ltr'><strong>collegae</strong></span> <span class='ocrx_word' id='word_1_335' title='bbox 392 3767 523 3818; x_wconf 89' lang='lat' dir='ltr'><strong>veterum</strong></span> <span class='ocrx_word' id='word_1_336' title='bbox 547 3758 611 3837; x_wconf 86' lang='lat' dir='ltr'><strong>ejus</strong></span> <span class='ocrx_word' id='word_1_337' title='bbox 635 3745 844 3835; x_wconf 80' lang='lat' dir='ltr'><strong>cognominum</strong></span> <span class='ocrx_word' id='word_1_338' title='bbox 865 3754 1104 3814; x_wconf 80' lang='lat' dir='ltr'><strong>recordabantur.</strong></span> <span class='ocrx_word' id='word_1_339' title='bbox 1145 3756 1225 3818; x_wconf 87' lang='lat' dir='ltr'><strong>Nam</strong></span> 
     </span>
     <span class='ocr_line' id='line_1_38' title="bbox 118 3847 1226 3938; baseline -0.001 -24"><span class='ocrx_word' id='word_1_340' title='bbox 118 3876 196 3938; x_wconf 91' lang='lat' dir='ltr'><strong>puer</strong></span> <span class='ocrx_word' id='word_1_341' title='bbox 213 3854 282 3913; x_wconf 91' lang='lat' dir='ltr'><strong>dum</strong></span> <span class='ocrx_word' id='word_1_342' title='bbox 296 3860 386 3923; x_wconf 88' lang='lat' dir='ltr'><strong>esset,</strong></span> <span class='ocrx_word' id='word_1_343' title='bbox 399 3852 438 3910; x_wconf 92' lang='lat' dir='ltr'><strong>ob</strong></span> <span class='ocrx_word' id='word_1_344' title='bbox 452 3850 595 3929; x_wconf 86' lang='lat' dir='ltr'><strong>flagitium</strong></span> <span class='ocrx_word' id='word_1_345' title='bbox 614 3848 775 3928; x_wconf 90' lang='lat' dir='ltr'><strong>quoddam,</strong></span> <span class='ocrx_word' id='word_1_346' title='bbox 793 3858 851 3911; x_wconf 73' lang='lat' dir='ltr'><strong>&#39;aut</strong></span> <span class='ocrx_word' id='word_1_347' title='bbox 865 3847 1024 3920; x_wconf 90' lang='lat' dir='ltr'><strong>mollitiem,</strong></span> <span class='ocrx_word' id='word_1_348' title='bbox 1044 3848 1165 3909; x_wconf 90' lang='lat' dir='ltr'><strong>Batalus</strong></span> <span class='ocrx_word' id='word_1_349' title='bbox 1179 3863 1226 3913; x_wconf 89' lang='lat' dir='ltr'><strong>est</strong></span> 
     </span>
     <span class='ocr_line' id='line_1_39' title="bbox 116 3941 1277 4023; baseline -0.008 -12"><span class='ocrx_word' id='word_1_350' title='bbox 116 3957 255 4018; x_wconf 90' lang='lat' dir='ltr'><strong>vocatus,</strong></span> <span class='ocrx_word' id='word_1_351' title='bbox 273 3966 339 4005; x_wconf 91' lang='lat' dir='ltr'><strong>cum</strong></span> <span class='ocrx_word' id='word_1_352' title='bbox 363 3943 517 4023; x_wconf 89' lang='lat' dir='ltr'><strong>pueritiam</strong></span> <span class='ocrx_word' id='word_1_353' title='bbox 530 3941 718 4013; x_wconf 89' lang='lat' dir='ltr'><strong>excessisset,</strong></span> <span class='ocrx_word' id='word_1_354' title='bbox 732 3951 764 4001; x_wconf 93' lang='lat' dir='ltr'><strong>et</strong></span> <span class='ocrx_word' id='word_1_355' title='bbox 777 3941 807 3999; x_wconf 91' lang='lat' dir='ltr'><strong>in</strong></span> <span class='ocrx_word' id='word_1_356' title='bbox 823 3959 892 3999; x_wconf 90' lang='lat' dir='ltr'><strong>suos</strong></span> <span class='ocrx_word' id='word_1_357' title='bbox 912 3948 1024 4000; x_wconf 89' lang='lat' dir='ltr'><strong>tutores</strong></span> <span class='ocrx_word' id='word_1_358' title='bbox 1046 3942 1155 4001; x_wconf 84' lang='lat' dir='ltr'><strong>danum</strong></span> <span class='ocrx_word' id='word_1_359' title='bbox 1178 3954 1224 4003; x_wconf 85' lang='lat' dir='ltr'><strong>ta·</strong></span> <span class='ocrx_word' id='word_1_360' title='bbox 1273 3973 1277 3979; x_wconf 93' lang='lat'>·</span> 
     </span>
     <span class='ocr_line' id='line_1_40' title="bbox 115 4032 1328 4114; baseline -0.007 -11"><span class='ocrx_word' id='word_1_361' title='bbox 115 4046 233 4103; x_wconf 88' lang='lat' dir='ltr'><strong>lentum</strong></span> <span class='ocrx_word' id='word_1_362' title='bbox 247 4040 376 4099; x_wconf 87' lang='lat' dir='ltr'><strong>actiones</strong></span> <span class='ocrx_word' id='word_1_363' title='bbox 391 4038 576 4109; x_wconf 88' lang='lat' dir='ltr'><strong>instituisset,</strong></span> <span class='ocrx_word' id='word_1_364' title='bbox 594 4037 690 4114; x_wconf 90' lang='lat' dir='ltr'><strong>Argas</strong></span> <span class='ocrx_word' id='word_1_365' title='bbox 702 4045 752 4093; x_wconf 86' lang='lat' dir='ltr'><strong>ast-</strong></span> <span class='ocrx_word' id='word_1_366' title='bbox 770 4032 945 4114; x_wconf 87' lang='lat' dir='ltr'><strong>appellatus,</strong></span> <span class='ocrx_word' id='word_1_367' title='bbox 960 4034 1003 4092; x_wconf 89' lang='lat' dir='ltr'><strong>vir</strong></span> <span class='ocrx_word' id='word_1_368' title='bbox 1018 4053 1105 4112; x_wconf 88' lang='lat' dir='ltr'><strong>porro</strong></span> <span class='ocrx_word' id='word_1_369' title='bbox 1117 4035 1223 4110; x_wconf 83' lang='lat' dir='ltr'><strong>iactus,</strong></span> <span class='ocrx_word' id='word_1_370' title='bbox 1319 4058 1328 4062; x_wconf 84' lang='lat'><em>·</em></span> 
     </span>
     <span class='ocr_line' id='line_1_41' title="bbox 118 4116 1245 4209; baseline -0.008 -13"><span class='ocrx_word' id='word_1_371' title='bbox 118 4152 276 4197; x_wconf 91' lang='lat' dir='ltr'><strong>commune</strong></span> <span class='ocrx_word' id='word_1_372' title='bbox 299 4116 429 4190; x_wconf 81' lang='lat' dir='ltr'><strong>omnium</strong></span> <span class='ocrx_word' id='word_1_373' title='bbox 451 4130 650 4209; x_wconf 90' lang='lat' dir='ltr'><strong>improborum</strong></span> <span class='ocrx_word' id='word_1_374' title='bbox 673 4135 903 4206; x_wconf 89' lang='lat' dir='ltr'><strong>cognomentum</strong></span> <span class='ocrx_word' id='word_1_375' title='bbox 927 4128 1093 4204; x_wconf 88' lang='lat' dir='ltr'><strong>assumpsit,</strong></span> <span class='ocrx_word' id='word_1_376' title='bbox 1118 4135 1152 4185; x_wconf 94' lang='lat' dir='ltr'><strong>ut</strong></span> <span class='ocrx_word' id='word_1_377' title='bbox 1172 4133 1245 4187; x_wconf 87' lang='lat' dir='ltr'><strong>ca·‘</strong></span> 
     </span>
     <span class='ocr_line' id='line_1_42' title="bbox 115 4218 1220 4299; baseline -0.006 -11"><span class='ocrx_word' id='word_1_378' title='bbox 115 4226 278 4289; x_wconf 88' lang='lat' dir='ltr'><strong>lumniator</strong></span> <span class='ocrx_word' id='word_1_379' title='bbox 290 4232 452 4284; x_wconf 89' lang='lat' dir='ltr'><strong>vocaretur.</strong></span> <span class='ocrx_word' id='word_1_380' title='bbox 477 4225 544 4282; x_wconf 88' lang='lat' dir='ltr'><strong>ibat</strong></span> <span class='ocrx_word' id='word_1_381' title='bbox 559 4231 668 4294; x_wconf 88' lang='lat' dir='ltr'><strong>autem,</strong></span> <span class='ocrx_word' id='word_1_382' title='bbox 682 4222 816 4299; x_wconf 87' lang='lat' dir='ltr'><strong>captivos</strong></span> <span class='ocrx_word' id='word_1_383' title='bbox 833 4230 867 4279; x_wconf 91' lang='lat' dir='ltr'><strong>ut</strong></span> <span class='ocrx_word' id='word_1_384' title='bbox 882 4220 989 4293; x_wconf 89' lang='lat' dir='ltr'><strong>aiebat,</strong></span> <span class='ocrx_word' id='word_1_385' title='bbox 1003 4218 1220 4297; x_wconf 89' lang='lat' dir='ltr'><strong>redempturus,</strong></span> 
     </span>
     <span class='ocr_line' id='line_1_43' title="bbox 114 4311 1221 4396; baseline -0.005 -16"><span class='ocrx_word' id='word_1_386' title='bbox 114 4331 154 4381; x_wconf 89' lang='lat' dir='ltr'><strong>ut</strong></span> <span class='ocrx_word' id='word_1_387' title='bbox 162 4318 251 4377; x_wconf 90' lang='lat' dir='ltr'><strong>modo</strong></span> <span class='ocrx_word' id='word_1_388' title='bbox 263 4317 342 4396; x_wconf 90' lang='lat' dir='ltr'><strong>apud</strong></span> <span class='ocrx_word' id='word_1_389' title='bbox 352 4337 405 4376; x_wconf 88' lang='lat' dir='ltr'><strong>vos</strong></span> <span class='ocrx_word' id='word_1_390' title='bbox 416 4317 504 4376; x_wconf 89' lang='lat' dir='ltr'><strong>ctiam</strong></span> <span class='ocrx_word' id='word_1_391' title='bbox 514 4316 598 4389; x_wconf 79' lang='lat' dir='ltr'><strong>dixit,</strong></span> <span class='ocrx_word' id='word_1_392' title='bbox 609 4335 677 4375; x_wconf 92' lang='lat' dir='ltr'><strong>cum</strong></span> <span class='ocrx_word' id='word_1_393' title='bbox 687 4315 786 4389; x_wconf 90' lang='lat' dir='ltr'><strong>sciret,</strong></span> <span class='ocrx_word' id='word_1_394' title='bbox 796 4312 964 4394; x_wconf 91' lang='lat' dir='ltr'><strong>Philippum</strong></span> <span class='ocrx_word' id='word_1_395' title='bbox 977 4311 1119 4371; x_wconf 89' lang='lat' dir='ltr'><strong>auemine</strong></span> <span class='ocrx_word' id='word_1_396' title='bbox 1127 4312 1221 4388; x_wconf 84' lang='lat' dir='ltr'><strong>Athe-</strong></span> 
     </span>
     <span class='ocr_line' id='line_1_44' title="bbox 116 4404 1219 4490; baseline -0.005 -18"><span class='ocrx_word' id='word_1_397' title='bbox 116 4411 213 4474; x_wconf 86' lang='lat' dir='ltr'><strong>niensi</strong></span> <span class='ocrx_word' id='word_1_398' title='bbox 226 4412 342 4489; x_wconf 91' lang='lat' dir='ltr'><strong>captivo</strong></span> <span class='ocrx_word' id='word_1_399' title='bbox 360 4411 487 4490; x_wconf 89' lang='lat' dir='ltr'><strong>pretinm</strong></span> <span class='ocrx_word' id='word_1_400' title='bbox 500 4428 631 4489; x_wconf 89' lang='lat' dir='ltr'><strong>unquam</strong></span> <span class='ocrx_word' id='word_1_401' title='bbox 652 4406 829 4488; x_wconf 87' lang='lat' dir='ltr'><strong>postulasse,</strong></span> <span class='ocrx_word' id='word_1_402' title='bbox 840 4416 876 4466; x_wconf 81' lang='lat' dir='ltr'><strong>&#39;et</strong></span> <span class='ocrx_word' id='word_1_403' title='bbox 892 4426 930 4466; x_wconf 88' lang='lat' dir='ltr'><strong>ex</strong></span> <span class='ocrx_word' id='word_1_404' title='bbox 952 4406 1014 4484; x_wconf 89' lang='lat' dir='ltr'><strong>ejus</strong></span> <span class='ocrx_word' id='word_1_405' title='bbox 1033 4404 1135 4463; x_wconf 88' lang='lat' dir='ltr'><strong>amicis</strong></span> <span class='ocrx_word' id='word_1_406' title='bbox 1157 4424 1219 4466; x_wconf 88' lang='lat' dir='ltr'><strong>om-</strong></span> 
     </span>
     <span class='ocr_line' id='line_1_45' title="bbox 115 4494 1220 4600; baseline -0.011 -29"><span class='ocrx_word' id='word_1_407' title='bbox 115 4510 206 4572; x_wconf 87' lang='lat' dir='ltr'><strong>nibus</strong></span> <span class='ocrx_word' id='word_1_408' title='bbox 221 4506 346 4587; x_wconf 86' lang='lat' dir='ltr'><strong>audiret,</strong></span> <span class='ocrx_word' id='word_1_409' title='bbox 361 4494 527 4569; x_wconf 82' lang='lat' dir='ltr'><strong>aumatium</strong></span> <span class='ocrx_word' id='word_1_410' title='bbox 538 4504 677 4584; x_wconf 83' lang='lat' dir='ltr'><strong>reliquos,</strong></span> <span class='ocrx_word' id='word_1_411' title='bbox 692 4522 766 4582; x_wconf 91' lang='lat' dir='ltr'><strong>pace</strong></span> <span class='ocrx_word' id='word_1_412' title='bbox 775 4502 864 4575; x_wconf 82' lang='lat' dir='ltr'><strong>facta,</strong></span> <span class='ocrx_word' id='word_1_413' title='bbox 879 4498 1085 4565; x_wconf 66' lang='lat' dir='ltr'><strong>dimissurum</strong></span> <span class='ocrx_word' id='word_1_414' title='bbox 1108 4499 1220 4600; x_wconf 81' lang='lat' dir='ltr'><strong>ferebat</strong></span> 
     </span>
    </p>
   </div>
   <div class='ocr_carea' id='block_1_7' title="bbox 0 0 1488 4950">
    <p class='ocr_par' dir='ltr' id='par_1_8' title="bbox 0 0 1488 4950">
     <span class='ocr_line' id='line_1_46' title="bbox 0 0 1488 4950; baseline 0 4"><span class='ocrx_word' id='word_1_415' title='bbox 0 0 1488 4950; x_wconf 95' lang='lat' dir='ltr'><strong> </strong></span> 
     </span>
    </p>
   </div>
  </div>
 </body>
</html>
