2967 4950
438 323 629 402 uxama
649 325 916 401 collutottute
1160 331 1223 396 816

128 476 449 566 aeruuiuaerenuesu
461 491 530 562 roe
544 481 796 564 uniuersum
813 503 947 554 smne
958 483 1056 552 semu
1068 484 1221 568 sumu

128 581 158 656 et
171 571 267 654 puppes
282 571 624 656 tuitmtbtufflsism
643 596 702 646 nou
716 597 783 646 essa
795 577 978 647 mursam
996 577 1148 657 premitis
1184 577 1224 642 te

129 664 216 748 ulpio
230 683 299 745 itm
312 665 342 724 ‘m
360 665 554 748 fflltsptfflta
574 687 642 735 erse
656 667 824 748 Philippum
845 669 1023 740 mmmm,
1035 669 1165 739 amum
1182 690 1222 736 ae

129 756 233 842 denum
257 776 325 840 pum
344 757 475 838 piratica
495 777 585 830 naues
608 758 648 829 ad
672 760 877 828 Marathonem
894 760 1086 842 appulissent.
1127 762 1224 831 Qun

128 850 204 927 0¹⁸1!ss
217 848 372 935 Albulam,
387 851 591 925 Athenienses,
602 853 695 933 pube
707 852 849 921 instructo
862 863 992 922 uteretur
1003 855 1148 926 aarum,
1161 865 1224 918 tun

128 961 181 1026 vos
193 941 321 1008 coudl‘u's
337 943 449 1008 utimini
462 945 604 1019 celeriter·
646 944 702 1010 Est
724 956 823 1015 aaut
843 954 875 1010 et
889 945 969 1011 lente
988 945 1222 1023 debbarundrn,

129 1044 161 1118 rt
172 1055 236 1118 era
250 1036 370 1116 dress
389 1036 498 1110 soum
517 1049 630 1110 ustus
648 1037 784 1122 talama
800 1038 1133 1117 massagetarum
1156 1040 1224 1114 uae,

128 1127 188 1189 uisi
199 1139 229 1188 et
240 1131 359 1192 uberem
372 1130 606 1204 commentariis
618 1142 753 1212 promptu
767 1129 929 1200 herodas
939 1140 970 1193 et
982 1130 1089 1204 ducem
1096 1133 1225 1213 aliquem
1324 1115 1336 1133 “

127 1221 298 1302 prudentem
319 1223 398 1284 bello
422 1224 610 1304 preferentis
633 1233 789 1304 uerbaque
811 1224 932 1292 deeras
949 1233 1121 1290 temtantes
1141 1245 1225 1289 snb

127 1315 198 1391 ritis,
213 1315 286 1376 nihil
310 1336 329 1376 a
348 1316 430 1379 robis
443 1317 611 1378 confectum
624 1317 659 1384 iri
679 1317 736 1384 uisi
758 1317 890 1390 decreta,
902 1326 933 1379 et
954 1334 1058 1399 omues
1073 1318 1223 1400 impensu

127 1407 234 1486 busitu
254 1408 409 1488 perituras,
443 1421 474 1472 et
502 1410 564 1470 iore
588 1419 622 1468 ut
648 1428 746 1488 neque
763 1411 848 1471 rebus
872 1408 1030 1489 quicquum
1055 1409 1225 1485 canumet,

128 1511 214 1581 atque
236 1501 301 1562 irati
315 1520 505 1582 quoscunque
518 1503 633 1572 libitum
645 1500 733 1562 fuerit
745 1501 775 1560 in
792 1501 936 1580 judicium
949 1501 1116 1568 ademeris
1157 1503 1223 1582 ligo

128 1612 197 1670 vero
209 1593 299 1670 polim
307 1613 358 1663 ves
372 1597 552 1664 committere
566 1604 599 1660 ut
611 1593 689 1660 cives
699 1592 779 1673 prius
791 1594 821 1656 iu
830 1594 951 1674 judiciis
962 1594 1127 1680 exagitatis,
1134 1614 1225 1674 quen

127 1685 227 1762 bpstes
240 1686 439 1760 ulciscemini:
460 1688 573 1767 nequitus
587 1686 666 1752 enim
687 1695 733 1754 est
751 1697 784 1750 ut
804 1707 873 1746 cum
890 1686 955 1759 illis,
969 1707 1058 1766 qulam
1069 1688 1144 1752 iuter
1155 1707 1223 1760 nes,

127 1778 341 1860 seligeremus.
373 1781 482 1842 Verum
503 1779 612 1842 ne—-id
633 1779 713 1858 quod
735 1779 816 1845 fectu
831 1779 1001 1845 tmittimum
1022 1789 1223 1844 est-tancu

129 1871 291 1952 objurgem,
305 1893 365 1952 qua
388 1883 476 1953 pacto
496 1873 561 1934 haec
583 1871 696 1934 euobis
711 1880 846 1954 oportere
859 1871 919 1933 lieri
934 1880 1043 1950 putem,
1057 1872 1223 1951 explicabo,

128 1975 264 2044 precatus
278 1985 296 2025 a
308 1965 402 2035 robis,
417 1987 454 2026 ne
469 1965 654 2045 obstrepatis,
673 1983 747 2024 neue
769 1984 816 2032 me
840 1963 1019 2041 tergiversari
1037 1973 1091 2028 aut
1109 1964 1224 2028 differre

60 2081 62 2088 ·
128 2056 279 2137 negotium
304 2057 486 2120 existimetis.
529 2058 598 2118 Non
618 2057 695 2118 enim
716 2056 767 2136 qui
786 2056 918 2116 celeriter
933 2065 964 2116 et
975 2055 1064 2116 hodie
1084 2075 1145 2115 rem
1158 2077 1225 2118 sus·

129 2150 296 2230 cipieudam
314 2151 440 2211 suadent
460 2149 621 2212 rectissime
638 2149 897 2210 consulunt—non
917 2147 995 2207 enim
1017 2167 1053 2209 ea
1074 2168 1140 2226 quae
1157 2149 1222 2228 jam
1262 2208 1264 2211 ,

128 2243 248 2326 quidem
269 2243 439 2303 acciderunt
460 2242 551 2322 copiis
573 2241 761 2302 auxiliaribus
773 2240 928 2322 probibere
943 2240 1220 2320 poterimus-,sed

127 2335 178 2418 qui
192 2335 364 2408 ostenderit,
377 2355 444 2414 quse
459 2337 552 2418 copire
571 2344 749 2416 comparate
763 2353 842 2396 nunc
855 2351 1026 2414 permanere
1039 2353 1075 2393 ac
1088 2345 1223 2399 constare

127 2439 248 2512 queant,
261 2427 404 2511 tantisper
419 2429 491 2491 dum
510 2439 562 2490 aut
579 2427 678 2490 hostes
693 2445 873 2507 superemus,
893 2435 945 2486 aut
956 2425 1126 2507 persuaderi
1139 2431 1224 2498 nobis

127 2523 273 2603 patiamur
292 2532 326 2582 ut
346 2522 454 2586 bellum
468 2524 659 2607 deponamus.
701 2520 751 2581 Sic
763 2521 840 2580 enim
859 2520 910 2581 liet
929 2530 961 2578 ut
979 2519 1064 2581 melis
1081 2520 1112 2581 in
1123 2532 1225 2606 puste-

126 2632 192 2684 rum
205 2614 370 2692 liberemur.
388 2616 391 2624 ’“

636 2770 721 2831 XXI.
799 2793 803 2797 ·

167 2886 300 2951 Arbitror
312 2907 415 2948 omues
433 2907 497 2961 vos,
511 2890 715 2963 Athenienses,
727 2890 923 2962 confessuros,
937 2898 1071 2971 oportere
1088 2897 1221 2961 nostram

129 2980 244 3054 urbem,
265 3000 332 3041 cum
354 2979 391 3040 de
412 2980 526 3061 priuato
547 2984 639 3063 ipsius
660 2984 798 3063 quopiam
822 2984 940 3062 negotio
966 2982 1115 3053 deliberet,
1136 3001 1221 3061 reque

129 3090 265 3153 magnam
284 3073 393 3134 habere
407 3074 537 3135 utilitatis
551 3086 637 3157 atque
647 3075 768 3157 justitioe
782 3074 941 3137 rabonemt
962 3093 1031 3135 cum
1043 3092 1113 3133 vero
1128 3074 1223 3134 socio-

127 3185 192 3227 rum
209 3186 258 3227 res
280 3176 408 3246 aguntur
430 3177 483 3229 aut
499 3188 681 3241 communes,
695 3169 859 3250 cujusmodi
880 3168 969 3228 etiam
991 3167 1057 3230 baec
1081 3176 1139 3252 est,
1152 3166 1226 3232 nihil

128 3278 195 3319 esre
216 3259 335 3339 perinde
349 3260 511 3321 curandum
525 3272 558 3321 ut
570 3263 747 3341 equitatem.
789 3262 866 3323 Nam
887 3260 919 3345 in
942 3260 998 3321 illis
1020 3260 1087 3343 ipsa
1102 3268 1148 3319 est
1167 3260 1226 3321 uti·

127 3348 195 3413 litas
210 3352 300 3413 satis:
322 3352 353 3412 in
366 3351 533 3435 hujusmodi
558 3364 655 3415 eutem
677 3356 765 3415 rebus
787 3352 908 3433 adjungi
928 3360 1045 3433 oportet
1061 3351 1149 3413 etiam
1171 3351 1226 3414 ho·

127 3453 282 3506 uestatem.
323 3446 460 3507 Actiones
475 3447 597 3509 enimin
609 3467 709 3509 eorum
727 3457 872 3527 potestate
885 3457 953 3507 sunt
968 3446 1104 3526 aquibus
1118 3466 1226 3527 gerun-

125 3546 194 3597 tur:
217 3547 248 3598 at
259 3537 473 3621 existimationi,
495 3560 560 3621 quar
583 3542 713 3603 actiones
735 3540 876 3622 sequitur,
889 3559 975 3601 nemo
994 3550 1094 3601 tantus
1108 3549 1155 3600 est
1175 3538 1227 3622 qui

126 3629 303 3703 dominetur,
330 3632 385 3691 sed
407 3632 639 3715 qualemcunque
662 3654 710 3697 res
737 3645 830 3714 gestae
861 3633 1028 3716 opinionem
1061 3632 1228 3705 excitarint,

127 3718 197 3783 talis
212 3722 249 3784 de
267 3724 433 3785 auctoribus
456 3726 534 3788 fama
555 3730 699 3811 spargitur
713 3748 732 3789 a
745 3727 865 3809 populo.
907 3727 1125 3790 Prouidendum
1138 3728 1228 3809 igitur

125 3825 157 3875 et
171 3814 272 3883 danda
283 3836 382 3897 opera,
396 3828 430 3878 ut
441 3838 486 3879 em
496 3822 586 3899 Justre
601 3822 764 3883 videantur.
783 3821 899 3881 Decet
912 3830 1011 3881 uutmn
1023 3840 1125 3882 omues
1138 3840 1176 3881 co
1193 3820 1226 3879 iu

125 3905 240 3987 injuriis
262 3906 384 3970 affectos
405 3930 470 3970 esse
493 3913 599 3986 auimo,
613 3933 675 3993 quo
687 3932 759 3995 erga
782 3932 824 3985 se,
837 3912 863 3971 si
884 3912 954 3993 quid
971 3913 1128 3987 accideret,
1146 3910 1232 3993 quod¹
1277 3986 1280 3992 ,

126 3999 216 4070 absit,
239 4001 363 4082 quisque
388 4002 459 4063 alios
484 4022 549 4065 esse
565 4004 671 4066 vellet:
694 4006 748 4066 sed
771 4004 841 4089 quia
858 4006 992 4072 nonnulli
1007 4006 1078 4067 huic
1090 4005 1146 4087 ipsi
1159 4024 1226 4063 sen·

126 4092 228 4151 tentiae
241 4092 439 4169 adversantur,
453 4098 502 4157 ubi
515 4116 613 4178 pauca
631 4098 688 4159 illis
702 4098 890 4181 respondero,
904 4118 973 4184 ques
990 4098 1075 4162 uobis
1090 4094 1227 4177 expedire

127 4186 254 4278 menime
268 4180 417 4259 cerussam,
432 4191 579 4273 eustatium
594 4192 735 4279 suadebo.

631 4346 732 4407 XXII.

170 4452 240 4546 Nou
263 4478 382 4539 parvam
400 4462 470 4524 mihi
484 4462 642 4543 jacturam,
657 4464 864 4549 Athenienses,
878 4463 1230 4550 eristimaturiridemiui,
