2967 4950
161 310 172 323 -
224 281 283 338 ees
349 250 361 273 ²
549 274 771 337 auvsssus
801 227 998 337 securim.

223 433 309 513 ginta
321 432 406 493 minis
419 427 669 503 dotii‘minorem,
685 430 826 492 Leocrati.
869 434 1034 499 Quacum
1057 430 1326 503 itusehaberent,
1363 432 1371 459 ⁸

222 534 289 586 orto
308 526 384 585 inter
402 523 595 604 Polyeuctum
615 535 647 585 et
660 525 833 585 Leocratem
853 524 987 594 dissidio,
1003 524 1040 584 de
1059 544 1119 603 quo
1139 525 1239 585 nescio
1254 525 1327 605 quid

223 618 331 691 dicam,
344 626 475 697 ereptum
488 618 528 678 ab
540 636 577 677 eo
590 617 680 678 filiam
693 616 815 697 Spudiae
830 616 1006 696 despondet.
1036 618 1093 692 ¹Eo
1105 608 1185 693 iacto
1199 618 1326 677 'cumiu-

222 711 392 789 dignaretur
405 710 572 781 Leocrates,
586 708 616 770 in
631 710 682 794 jus
704 708 988 790 vocstoPolyoucto
1002 718 1033 771 et
1047 709 1167 797 spuriis,
1185 710 1222 770 de
1238 712 1326 770 rebus

224 804 359 863 omuibus
379 800 519 861 rationem
537 800 661 862 reddere
675 811 824 880 coguntur
841 819 848 859 :
867 802 985 862 tandem
999 801 1040 861 ita
1054 802 1221 881 transigunt
1234 814 1268 861 ut
1279 822 1327 862 re-

113 900 119 909 ’
222 895 318 974 ceptis
329 894 366 953 iis
379 893 536 953 Leocrutes
544 912 613 972 quas
624 893 664 952 de
677 912 734 953 suo
747 893 930 953 infunditur}
943 893 1093 965 attulerat,
1106 913 1161 954 nec
1176 894 1253 954 maie
1265 894 1326 953 vel·

223 984 268 1046 let
282 985 458 1065 Polyeucto,
474 991 609 1045 etomue
630 984 778 1044 intereos
796 984 948 1045 dissidium
965 996 1046 1045 esset
1065 985 1217 1047 abolitum.
1255 986 1329 1055 Qua

223 1074 314 1157 igitur
324 1077 361 1137 de
371 1076 554 1138 causarobis
566 1076 633 1136 hoec
647 1076 773 1149 narravi,
784 1076 802 1137 J
806 1076 924 1149 udices?
945 1077 1035 1149 Quod
1049 1078 1119 1138 dote
1133 1098 1192 1138 non
1207 1090 1330 1159 recepta

226 1170 315 1243 omni,
329 1169 384 1229 sed
405 1166 484 1229 mille
507 1168 654 1228 drachmis
669 1168 875 1229 deficientibus
896 1179 964 1249 post
977 1170 1132 1251 Polyeucti
1145 1170 1257 1231 obitum
1275 1171 1330 1245 (ite

226 1261 303 1321 enim
326 1261 516 1337 convenerat)
540 1260 709 1333 reddendis,
719 1261 865 1339 'quamdiu
881 1262 1036 1323 Leocretes
1059 1263 1213 1343 Polyeucti
1234 1263 1329 1325 breues

224 1354 292 1427 suit,
303 1373 372 1413 cum
394 1373 432 1415 eo
445 1353 517 1412 mihi
538 1372 587 1413 res
599 1352 670 1413 fuit:
689 1353 746 1413 sed
764 1374 833 1415 cum
855 1355 994 1416 cessisset
1013 1356 1179 1431 leocrates,
1193 1367 1224 1415 et
1238 1356 1328 1461 Poly-

223 1454 330 1505 erictus
344 1444 509 1526 periculose
522 1444 720 1517 decumberet,
732 1446 961 1525 tunc,Judiccs‚
967 1448 1050 1508 sedes
1061 1448 1099 1508 ob
1115 1448 1217 1509 decem
1235 1449 1334 1509 minas

225 1538 341 1629 pignori
360 1538 431 1596 mihi
454 1538 651 1619 opponuntur,
665 1558 682 1597 e
703 1538 829 1616 quibus
827 1560 875 1599 me
891 1540 1046 1601 locationis
1061 1542 1188 1621 pretium
1202 1542 1331 1626 recipere

225 1640 308 1689 vetat
321 1629 460 1709 Spudias.
502 1629 656 1690 Primum
647 1631 734 1709 igitur
746 1631 828 1692 vobis
842 1642 933 1694 testes
944 1634 1091 1715 adducam
1105 1655 1157 1715 qur
1148 1634 1331 1709 affuerunt,

225 1741 295 1782 cum
309 1722 507 1801 desponderet
520 1722 591 1785 mihi
605 1722 786 1804 Polyeuctus
800 1726 889 1786 filiam
899 1708 1094 1807 quadraginta
1107 1729 1192 1789 minis
1205 1730 1331 1811 promis·

226 1814 287 1875 sis:
305 1814 424 1885 deinde,
439 1813 520 1900 rpiile
539 1814 688 1875 drachmis
707 1816 804 1877 minus
826 1818 972 1899 recepisse
993 1840 1039 1881 me
1059 1821 1228 1881 ostendamt
1254 1840 1331 1899 prte-

227 1917 318 1981 terea,
332 1906 525 1987 Polyeuctum
544 1926 659 1988 semper
678 1928 747 1969 esse
767 1911 933 1971 consessum
953 1932 985 1972 se
999 1913 1106 1973 debere
1119 1913 1190 1972 mihi
1204 1923 1237 1973 et
1257 1914 1332 1975 Leo·

226 2008 336 2059 cratem
359 1998 488 2079 praedem
510 1997 639 2071 dedisse,
652 2009 683 2059 et
703 2000 873 2064 morientem
893 2002 1015 2064 taudem
1037 2004 1183 2085 pepigisse
1206 2024 1238 2065 se
1261 2005 1331 2065 mihi

227 2091 343 2152 libellos
362 2091 441 2150 miile
455 2091 660 2151 drachmarum
678 2093 790 2155 indices
805 2105 924 2176 propter
938 2096 1039 2159 dotem
1053 2097 1091 2158 ad
1104 2098 1185 2159 aedes
1200 2098 1333 2160 colloce-

228 2194 335 2246 turum.
376 2183 462 2243 Voca
472 2182 545 2244 ιιιίΙιί
559 2191 659 2243 testes.

697 2392 861 2463 TESTES.
960 2455 963 2461 ,

270 2554 299 2610 3
321 2552 389 2612 Hoc
406 2551 497 2631 igitur
518 2569 608 2609 unum
622 2559 677 2622 est,
690 2550 824 2643 Judices,
839 2567 938 2609 eorum
954 2547 991 2608 de
1004 2504 1110 2629 quibus
1126 2546 1269 2627 Spudiam
1283 2567 1335 2607 ac·

230 2662 321 2703 cuso:
343 2644 431 2704 aede
447 2631 637 2722 ecquidnam
653 2643 749 2722 majus
765 2651 819 2702 eut
836 2636 945 2701 firmius
963 2640 1071 2700 advos
1086 2638 1228 2712 afferrem,
1246 2659 1333 2719 quam

229 2735 336 2815 legem,
350 2757 417 2816 quse
436 2736 526 2816 plane
545 2734 627 2805 dicit,
651 2754 731 2813 quae
751 2733 839 2813 quis
858 2731 1205 2813 oppigneraverit‚
1224 2730 1264 2790 iu
1290 2751 1336 2792 ea

232 2847 308 2888 uon
330 2828 461 2888 licere
486 2848 606 2907 agere
628 2846 713 2888 nec
708 2826 810 2910 ipsi
831 2845 902 2885 nec
924 2823 1180 2908 haeredibus?
1214 2823 1333 2884 Nihilo-

172 2946 177 2956 ·
203 2929 209 2938 ’
230 2919 326 2980 miuus
338 2921 534 2982 contrahoc'
522 2941 606 2999 Jusv
589 2920 668 2979 venit
683 2917 811 3005 Spudias
826 2917 1047 2997 disceptaturus
1087 2915 1235 2988 Alterum,
1246 2917 1333 2976 dudi·

229 3032 292 3085 ces,
305 3024 362 3086 est,
373 3014 451 3073 duas
460 3033 556 3072 minas
563 3021 687 3072 testatus
698 3021 745 3072 est
753 3009 944 3090 Aristogenes
952 3009 1123 3089 postulasse
1130 3007 1335 3088 Polyedctum

230 3128 318 3189 quae
309 3111 364 3173 sibi
375 3108 551 3170 deberentur
561 3128 583 3168 a
594 3107 717 3197 Spudia,
727 3127 795 3167 cum
804 3105 967 3166 usura-id
975 3125 1043 3166 vero
1053 3106 1128 3176 servi
1141 3103 1267 3184 pretium
1278 3117 1334 3182 est,

122 3247 127 3258 .
209 3201 214 3210 ’
228 3221 317 3282 quem
330 3222 398 3263 cum
409 3202 467 3262 iste
477 3220 497 3261 a
506 3201 669 3281 Polyeucto
682 3199 810 3270 emisset,
825 3195 951 3278 pretium
964 3217 1061 3277 neque
1075 3197 1117 3256 iili
1131 3196 1334 3278 solutusque

229 3312 348 3354 nuncin
356 3293 689 3373 communeprotuht-
698 3293 886 3370 ootrngentas
896 3311 982 3370 porro
992 3302 1023 3350 et
1031 3291 1287 3374 mdledraehmas
1296 3290 1334 3351 de

229 3387 336 3465 quibus
359 3405 489 3464 necego
502 3385 565 3445 scio
578 3384 649 3463 quid
661 3384 738 3464 oequi
754 3383 849 3464 possit
866 3383 983 3445 dicere:
1003 3379 1155 3442 mutuatus
1180 3381 1257 3440 enim
1279 3382 1335 3442 ruit

229 3497 297 3549 eum
309 3477 463 3556 muniam
478 3495 498 3535 a
510 3475 665 3557 Polyeucti
677 3495 781 3549 uxore,
795 3486 826 3535 et
838 3475 948 3536 tabula
968 3473 1180 3553 exstantrquss
1195 3472 1255 3534 'illa
1269 3471 1334 3534 r'no·

154 3575 157 3580 ’
232 3570 311 3634 riens
324 3568 453 3648 reliquit,
467 3577 558 3630 testes
566 3577 672 3628 *autem
684 3578 755 3628 sunt
768 3557 897 3628 mulieris
911 3569 1026 3641 fratres,
1039 3566 1089 3646 qui
1098 3567 1186 3626 rebus
1196 3565 1334 3628 omnibus

231 3662 426 3723 interfuerunt
438 3670 470 3721 et
482 3659 648 3740 siugulatim
663 3662 828 3739 percontati
843 3663 921 3732 sunt,
936 3679 974 3719 ue
995 3659 1066 3737 quid
1083 3657 1158 3718 aiter
1176 3658 1261 3718 elteri
1283 3679 1335 3720 ne-

233 3755 306 3834 gotii
322 3755 546 3815 facesseremus.
585 3752 633 3812 An
647 3773 707 3813 ιιοιι
719 3752 819 3832 igitur,
832 3753 967 3826 iudices,
980 3751 1114 3833 iniquum
1131 3761 1161 3824 et
1179 3749 1269 3830 grave
1282 3763 1335 3826 est,

188 3904 192 3912 f
232 3866 424 3910 cumeorum
447 3865 504 3927 ego
526 3845 665 3928 omnium,
683 3865 751 3926 quus
774 3845 821 3905 vel
845 3863 863 3906 a
886 3846 1049 3926 Polyeucto
1071 3845 1187 3904 vivente
1209 3841 1336 3906 e'meram

234 3939 283 4000 vel
303 3941 341 4001 ab
361 3958 452 4000 uxore
466 3939 531 4018 ejus
544 3930 714 4009 habueram,
728 3948 760 3998 et
773 3957 891 3998 usuram
904 3937 1038 3998 solverim
1054 3947 1085 3997 et
1097 3935 1224 4018 pretium
1238 3939 1335 3997 reddi·

117 4024 121 4033 ’
232 4031 338 4105 derint,
349 4041 380 4091 et
393 4052 484 4109 nuuc,
496 4050 563 4111 quae
576 4029 674 4103 debui,
685 4031 784 4091 omnia
798 4029 992 4090 incommune
1006 4030 1168 4112 proferam:
1181 4029 1271 4089 istum
1282 4051 1335 4091 nec

233 4125 315 4206 ‚leges
334 4143 439 4188 curare
460 4134 584 4196 vestros,
598 4121 695 4202 neque
706 4122 859 4205 Polyeucti
875 4133 1093 4196 testamentum,
1104 4141 1201 4202 neque
1221 4122 1336 4184 relictss

234 4221 358 4293 tabulas,
380 4237 477 4298 neque
498 4235 596 4276 rerum
608 4215 756 4292 conscios,
778 4216 831 4278 sed
849 4226 954 4278 contra
971 4216 1038 4276 heae
1059 4214 1159 4276 omnis
1169 4215 1268 4275 venire
1281 4215 1335 4276 liti·

234 4311 356 4394 gatum?
386 4311 469 4392 Cspe
481 4310 571 4390 igitur
585 4310 710 4390 primum
724 4309 832 4390 legam,
847 4329 913 4386 quoe
926 4328 986 4370 non
1001 4308 1072 4370 sinit
1085 4324 1181 4375 rerunt
1194 4309 1336 4389 oppigne-
