2967 4950
238 315 295 391 tos
344 383 349 391 ,
564 312 609 398 ill
631 260 976 380 cunsttnoursttt

234 471 361 534 alienam
373 469 520 544 audirent,
534 470 574 530 sd
588 468 669 530 aliud
682 466 806 548 aliquod
825 466 956 526 animum
976 463 1143 552 advertunt.
1181 463 1251 524 Jam
1269 481 1338 527 sero

234 584 272 627 ex
291 564 501 625 Demosthenis
516 564 628 623 artibus
650 572 767 642 turpem
781 558 1047 622 consuetudinem
1038 578 1068 624 ιιι
1078 549 1218 637 judicia
1211 578 1337 638 irrepere

238 659 357 719 sivistis.
385 656 505 716 Inversa
519 657 596 721 enim
610 654 694 715 nobis
713 664 782 714 sunt
798 653 868 732 jura
881 651 1027 712 civitatis:
1044 660 1199 710 accusator
1218 650 1337 728 quidem

211 821 217 828 .
234 746 376 822 defendit,
391 769 458 810 reus
472 759 595 812 accusat
596 747 728 828 ,judices
742 765 867 826 quarum
879 764 976 804 rerum
990 743 1203 822 disceptatores
1217 743 1338 802 sedeant

132 869 136 874 ¹
233 843 382 904 interdum
400 843 622 913 obliviscuntur,
636 839 706 900 de'‘
688 859 724 900 ιιι
736 858 807 900 vero
817 841 903 898 rebus
905 855 1047 916 ‚quarum
1058 835 1175 941 judices
1186 854 1246 894 non
1259 845 1336 910 sunt,
1359 823 1374 850 ²

235 937 411 996 sententiam
433 935 509 994 ferre
523 943 678 1013 coguntur.
722 933 817 1004 Reus,
832 932 856 992 si
878 929 999 1010 quando
1013 947 1074 988 rem
1092 929 1186 1007 ipsam
1199 927 1337 1007 attigerit,

234 1050 295 1090 non
305 1041 342 1089 'se
356 1027 428 1089 dicit
446 1029 578 1107 legitima
591 1028 774 1107 scripsisse,
784 1027 850 1088 ssi
858 1027 961 1086 album
967 1024 1058 1084 etiarn
1077 1034 1166 1084 antea
1184 1043 1252 1083 cunr
1268 1025 1338 1112 talia

234 1123 400 1202 scripsisset
425 1121 594 1181 absolutum
620 1140 704 1186 esse:
735 1141 796 1198 quo
816 1119 935 1198 quidem
961 1128 1134 1198 argumento
1160 1105 1339 1197 magnopere

229 1220 294 1292 jam
302 1235 387 1276 nunc
400 1214 511 1274 elatum
525 1235 590 1274 csse
603 1213 691 1274 audio
705 1212 935 1293 Ctesiphontem.
1067 1221 1070 1224 “

276 1310 327 1368 65.
350 1309 448 1366 Ausus
463 1318 510 1366 est
531 1305 689 1412 aliquando
703 1305 790 1385 apud
804 1324 857 1377 vos
871 1303 996 1383 gloriari
1009 1301 1189 1381 Aristophon
1201 1301 1252 1360 ille
1267 1301 1336 1361 Aze-

234 1402 357 1474 uiensis‚
372 1421 404 1462 se
420 1401 606 1480 septuaginta
618 1401 749 1497 quinque
769 1399 932 1459 actionibus
947 1397 984 1456 de
1003 1397 1125 1456 decretis
1140 1407 1245 1455 contra
1257 1397 1336 1474 leges

234 1493 320 1554 factis
334 1493 510 1573 postulatum
523 1481 625 1552 luisse.
657 1490 734 1550 Αι
711 1511 776 1550 non
784 1491 825 1550 tta
836 1490 958 1570 priscus
966 1490 1017 1549 ille
1032 1489 1191 1568 Cephalus
1211 1489 1266 1566 qur
1275 1507 1335 1547 orn

176 1625 184 1638 ι
232 1587 315 1646 nium
327 1585 811 1664 maximepopularisesthabitus‚
826 1585 937 1642 nonita
950 1585 1094 1660 ιιιιιιιιιιιι
1087 1581 1253 1660 ἰιιιιιιιιιιι
1266 1601 1335 1641 con·
1381 1591 1382 1594 ’
1465 1565 1466 1586 ’

233 1679 329 1738 trariis
350 1678 529 1755 gloriabatur
549 1679 645 1750 lactis,
660 1677 741 1756 quod
760 1692 877 1756 nempe,
889 1695 955 1736 cum
968 1677 1055 1756 plura
1068 1683 1161 1755 ῑιιιιιιιιι
1177 1675 1337 1753 quisalius

233 1770 391 1848 plebiscita
416 1769 591 1849 scripsisset,
615 1765 768 1849 nunqudm
796 1781 894 1828 tamen
916 1769 952 1828 de
966 1769 1100 1828 decretis
1126 1769 1344 1846 contraleges.

211 1881 217 1901 ι
234 1862 350 1941 scriptis
356 1865 432 1922 'reus
446 1863 545 1922 factus
556 1863 648 1935 essen
659 1863 803 1942 proeclsra
817 1861 1178 1940 meaquidemsentcntla
1193 1861 1335 1939 gloriatio.

234 1953 315 2014 Nam
329 1954 367 2015 de
389 1955 518 2014 desistis
531 1954 886 2032 adsersumiegeslactis
900 1954 950 2013 elli
972 1954 1044 2014 alios
1060 1953 1261 2032 postulabant,
1277 1973 1336 2013 non

233 2045 253 2104 ii
267 2055 382 2106 tantum
395 2046 444 2125 'qui
467 2047 498 2106 in
511 2047 583 2125 r'eipt
597 2044 1047 2124 partibus·oissiderent·,'rerunt
1060 2034 1149 2106 ἰιιιιιι
1158 2037 1251 2109 'amici
1268 2047 1336 2105 anri-

225 2132 296 2210 cos,
310 2139 419 2216 siquid
442 2139 472 2196 in
493 2139 702 2216 rempublicam
714 2139 940 2199 commisissent.
971 2137 1008 2196 ld
1023 2148 1120 2198 antem
1143 2139 1251 2199 exinde
1266 2159 1336 2218 cog·

233 2224 373 2290 noscetis.
405 2230 552 2291 Archinus
575 2231 694 2290 Coeleus
713 2231 888 2290 violatarum
907 2231 1007 2309 legum
1021 2232 1189 2310 postulabat
1207 2233 1335 2312 Thrasy·

235 2324 338 2382 bulum
358 2322 538 2396 Stiriensem‚
552 2323 634 2402 quod
647 2333 751 2382 contra
763 2323 845 2402 leges
859 2321 1009 2383 decretum
1030 2323 1151 2396 lecerat,
1164 2339 1256 2384 unum
1279 2325 1335 2386 sci-

181 2438 184 2443 ·
233 2415 304 2476 licet
322 2435 358 2475 ex
377 2417 412 2476 iis
425 2417 474 2495 qui
490 2435 590 2476 secum
604 2419 623 2475 'a
636 2416 732 2497 Pb'ylb
742 2415 942 2486 revertissent,
954 2426 987 2476 et
1000 2428 1082 2476 retum
1095 2411 1217 2497 peregit,
1232 2437 1333 2477 recen·

231 2509 309 2568 tibus
324 2510 412 2568 stiam
426 2519 499 2569 tunc
511 2515 573 2585 ejus
588 2529 658 2588 erga
670 2509 811 2588 populum
825 2508 985 2580 beneficiis,
996 2512 1120 2588 quoruln
1134 2520 1234 2569 tamen
1247 2513 1334 2570 ratio-

233 2620 301 2659 nem
324 2620 510 2681 nequaquam
520 2596 635 2680 judices
647 2601 837 2660 babuerunt:
858 2598 1072 2661 existimabant·
1083 2602 1172 2673 enim,
1195 2605 1337 2680 quemad·

233 2690 354 2749 modum
373 2701 438 2750 tum
458 2693 539 2771 ipsos
563 2693 732 2753 exsulantes
756 2686 956 2773 Thrasybulus
980 2705 1156 2768 revocasset,
1182 2697 1224 2755 ita
1250 2699 1336 2758 etiam

121 2865 125 2870 α
233 2801 315 2841 nunc
328 2782 455 2843 eundem
468 2803 501 2843 se
518 2785 550 2843 in
568 2786 640 2844 urbe
654 2784 831 2845 constitutos
847 2788 1012 2858 exturbare,
1028 2787 1338 2873 oum‘aliquid‘rtontrs

163 2937 165 2947 ,
232 2874 317 2952 leges
329 2874 512 2935 decerneret.
535 2876 738 2939 Nunc.autem
753 2893 811 2937 non
826 2878 867 2939 ita
879 2880 922 2959 tit,
936 2878 1007 2957 quin
1021 2878 1108 2959 plane
1119 2880 1218 2941 aliter.
1241 2883 1348 2961 Vestri,

231 2966 311 3027 enim
324 2967 421 3026 eximii
429 2968 629 3048 imperatores,
641 2989 801 3051 eorumque
811 2972 944 3043 nonnulli
955 2973 1005 3050 qui
1019 2973 1125 3033 victum
1137 2976 1337 3052 quotidianum

231 3060 263 3118 in
277 3059 425 3140 Prytaneo
438 3074 615 3133 meruerunt,
630 3064 762 3123 actiones
776 3065 814 3124 da
828 3064 955 3125 decretis
970 3076 1073 3127 contra
1087 3067 1167 3145 leges
1181 3066 1269 3129 factis
1286 3071 1337 3130 de·

231 3154 447 3231 precationibus
461 3156 523 3215 suis
543 3165 687 3225 evertunt,
702 3176 783 3235 quos.
793 3157 860 3237 jurs'
871 3176 924 3217 ros
936 3156 1076 3236 'ingratos
1090 3160 1263 3220 'existimare
1276 3162 1336 3222 de-

232 3245 340 3305 beatis.
382 3247 415 3305 Si
428 3247 493 3325 quis
506 3248 585 3307 enim
593 3248 624 3306 in
636 3248 730 3308 libera
739 3250 890 3329 republica
898 3250 1041 3311 honorem
1054 3262 1242 3323 consecutus,
1257 3254 1288 3312 in
1302 3274 1338 3313 ea

231 3340 394 3415 praesertim
408 3340 538 3417 civitate,
561 3360 650 3418 quam
664 3340 706 3399 dii
720 3341 862 3421 legesque
876 3354 1062 3414 conservant,
1085 3345 1121 3403 ils
1142 3346 1194 3423 qui
1217 3346 1335 3409 decreta

231 3429 347 3507 legibus
362 3431 488 3493 adversa
501 3435 634 3493 scribunt
646 3434 784 3511 opitulari
795 3435 932 3509 audetis
945 3456 1010 3496 eam
1020 3438 1114 3517 ipsam
1128 3439 1348 3516 rempublicam·

230 3522 350 3593 evertit,
364 3541 384 3581 n
395 3541 455 3599 qua
471 3534 517 3584 est
529 3526 713 3585 honestatusi
749 3552 751 3559 ⁴
837 3552 839 3559 ’

273 3616 323 3674 66.
345 3614 490 3683 Quisnam
508 3617 597 3694 igitur
607 3618 791 3682 defensionis
811 3622 886 3680 ratio
904 3630 1030 3701 patrono
1040 3622 1122 3701 justo
1144 3638 1181 3682 ac
1200 3626 1337 3691 modesto

227 3709 404 3787 praescripta
415 3718 461 3769 est
471 3709 634 3788 i'Dicam'.¹
649 3711 688 3769 ιιι
700 3720 759 3771 tres
773 3722 879 3791 ,partos
889 3712 1074 3775 distribuitur
1090 3714 1165 3786 dies,
1176 3732 1249 3793 upuu
1257 3721 1339 3778 sctis

202 3875 205 3880 Ι
224 3801 273 3861 ιιι
294 3800 418 3862 decretis
431 3814 536 3864 contra
554 3804 639 3883 leges
654 3804 740 3863 lactis
758 3806 790 3863 in·
799 3804 943 3883 judiciam
955 3808 1047 3871 vcnitt
1073 3806 1244 3868 infunditur
1259 3812 1337 3871 onim

233 3893 329 3973 prima
345 3912 422 3972 aqua
436 3896 612 3969 accusatori,
624 3896 751 3976 legibus,
764 3897 896 3979 libertati
902 3897 1032 3979 denique
1045 3899 1340 3980 populari,‘secunda

197 3998 204 4008 ·
232 3986 391 4065 rcoiisque
402 3987 590 4066 potroniruni
603 3990 633 4047 in
647 4004 712 4048 rem
720 3990 818 4067 ipsam
825 3990 910 4069 loqui
920 3993 1045 4060 cultata
1063 4006 1227 4054 ‚cumesses
1238 3997 1338 4074 prima

230 4079 380 4143 sententia
392 4085 453 4138 non'
467 4079 704 4141 solutum'lnerit·
715 4082 896 4142 violatarum·
910 4084 1010 4163 legum
1021 4085 1151 4157 crimen,
1161 4087 1258 4145 ‘tertia
1273 4092 1337 4162 jam

229 4182 312 4250 aqua
324 4170 383 4234 litis
395 4171 584 4232 aestimationi
597 4174 763 4235 infunditur
773 4165 936 4257 sestroeque
950 4179 1001 4237 iroe
1017 4179 1223 4287 magnitudini.
1243 4218 1246 4225 .
1261 4182 1337 4247 Qni-

229 4282 349 4341 cunque
367 4266 456 4345 igitur
475 4268 505 4327 in
520 4268 704 4329 aestimanda
709 4270 761 4329 lite
784 4271 956 4353 suffragium
971 4273 1054 4353 petit,
1077 4275 1102 4333 is
1121 4274 1193 4333 iram
1207 4284 1336 4337 vestram

230 4356 428 4433 deprecatur:
444 4371 476 4419 at
488 4361 589 4439 quiin
603 4363 702 4440 prima
712 4366 919 4426 contentionis
942 4378 1027 4447 parte
1053 4350 1236 4447 suffragium
1252 4371 1338 4449 petit,

230 4446 438 4525 jusjurandum
451 4455 537 4532 petit,
545 4456 643 4536 legem
656 4458 740 4537 petit,
749 4460 855 4541 populi
866 4460 1033 4523 libertatem
1047 4460 1131 4544 petit,
1141 4480 1270 4543 quorum
1284 4484 1337 4527 ne·
