2967 4950
490 313 644 374 ORATIO
666 312 894 384 AMATORIA.
1175 312 1235 374 ⁷99

137 465 312 531 usnteuerit
323 473 357 528 ut
368 467 502 528 omuibus
515 482 604 548 supra
617 467 735 528 modum
749 469 878 548 placeas.
905 466 955 528 ld
968 465 1051 547 quod
1059 465 1177 546 signum
1188 475 1237 526 est

138 569 202 618 tuse
221 558 335 620 virtutis
359 559 618 623 euidentissimum.
661 559 780 623 Nemini
800 561 878 622 enim
896 577 934 620 ea
953 559 1076 638 negasti,
1095 579 1161 638 quta
1169 557 1238 638 jure

139 651 324 730 honesteque
343 651 585 730 tribui-possunt:
599 671 672 731 uum
690 672 760 714 vero
779 673 847 715 cum
860 652 966 730 probro
980 651 1136 730 conjuncta
1159 660 1239 722 sunt

140 763 178 804 ea
200 763 255 804 nec
278 762 393 822 sperare
415 744 568 823 quisquam
589 744 621 804 in
640 744 770 805 animum
789 743 920 812 inducitr
942 753 1054 805 tantam
1075 743 1187 804 mrtntis
1208 751 1240 803 et

138 835 306 895 honestatis
327 835 530 914 appetentibus
554 844 741 915 potestatem,
761 835 980 915 impudentibus
996 835 1238 918 desperationem,

137 926 231 998 affert
243 936 295 998 tua
307 925 460 986 modestia.
481 965 485 977 ·
502 927 658 997 Praeterea,
672 945 738 992 cum
758 927 796 994 ‚iu
815 927 1013 990 adolescentia
1032 928 1163 1009 plerique
1176 946 1240 988 mo·

142 1019 250 1081 destina
266 1017 383 1081 laudem
402 1019 598 1080 taciturnitate
610 1029 764 1095 venentur,
777 1031 811 1078 tu
824 1028 937 1080 tantum
958 1021 1076 1102 iugenio
1089 1019 1193 1100 polles,
1206 1028 1241 1080 ut

143 1111 327 1172 sermonibus
349 1122 380 1170 et
393 1110 546 1191 colloquiis
560 1112 619 1172 tuis
642 1131 702 1172 non
715 1113 855 1175 minorem
866 1131 958 1191 quam
972 1114 1087 1174 ceteris
1096 1113 1240 1174 ,omnibus

141 1198 235 1262 rarus
246 1202 325 1282 apud
337 1201 492 1263 familiares
505 1212 572 1264 tuos
586 1201 702 1264 laudem
718 1203 758 1264 sis
777 1212 948 1272 assecutus:
969 1212 1066 1262 tantus
1080 1212 1147 1265 tuus
1161 1203 1240 1283 lepos

142 1305 204 1368 est,
222 1305 303 1356 tantu
316 1295 455 1366 suavitas,
470 1305 532 1356 tum
552 1295 633 1356 seriis
647 1305 709 1356 tum
724 1296 834 1377 jocosis
846 1296 881 1364 in
891 1297 988 1356 rebus.
1029 1296 1106 1356 Cum
1115 1287 1152 1356 ¹et
1169 1298 1240 1360 sim.-

143 1388 215 1468 plex
228 1387 268 1449 sis
287 1389 397 1466 absque
415 1386 533 1460 delicto,
546 1397 576 1446 et
590 1390 820 1468 acutus-absque
832 1389 952 1469 malitia,
966 1398 997 1449 et
1015 1388 1160 1448 humanus
1172 1407 1239 1451 cum

142 1482 337 1561 ingenuitate,
351 1500 386 1542 ac
400 1479 526 1559 denique
540 1480 616 1554 talis,
630 1481 724 1560 qualis
737 1482 830 1554 ferme
850 1481 927 1541 filius
938 1479 1075 1560 Cupidini
1089 1499 1109 1541 e
1125 1479 1241 1542 Virtute

150 1584 334 1636 nasceretur.
1035 1633 1038 1638 .
1077 1634 1081 1641 .

160 1729 163 1736 ,
190 1669 220 1726 6.
232 1667 281 1726 De
290 1665 460 1728 fortitudine
471 1677 676 1730 autem--nam
686 1678 716 1728 et
726 1668 806 1728 hauc
814 1669 961 1746 praeterire
969 1687 1029 1727 non
1036 1669 1134 1740 decet,
1147 1683 1240 1746 quan-

145 1779 236 1839 quam
262 1767 314 1818 tua
341 1757 459 1836 quidem
482 1769 589 1820 natura
610 1759 719 1818 multas
740 1759 839 1821 adhuc
857 1759 1039 1822 amasiones
1065 1759 1176 1840 recipit,
1195 1779 1242 1820 se·

136 1871 300 1932 „quemque
321 1860 435 1930 tempus
457 1851 616 1917 laudaturis
631 1869 769 1930 magnam
788 1849 904 1931 copiam
922 1851 1129 1929 suppeditabit,
1144 1862 1242 1914 amen

142 1943 349 2024 pulcherrimae
372 1952 442 2002 sunt
460 1943 516 2004 ista
535 1953 623 2004 aetate
647 1941 836 2023 laudemque
852 1941 923 2002 nibil
942 1942 1110 2022 delinquere
1131 1945 1243 2004 caeteris

57 2035 60 2040 “
141 2047 193 2096 est
206 2035 409 2116 optabile—ac
429 2046 481 2094 tua
500 2035 618 2114 quidem
636 2035 775 2106 fortitudo
789 2055 856 2096 cum
869 2055 907 2095 ex
920 2034 985 2095 aliis
1003 2037 1091 2104 rebus
1104 2035 1244 2104 celebrari

144 2129 252 2210 possit,
275 2139 337 2188 tum
359 2147 427 2190 vero
450 2139 568 2209 propter
586 2127 930 2207 exerdtationem„cujns
950 2127 997 2188 rel
1019 2126 1134 2207 plurimi
1152 2137 1244 2190 testes

143 2222 333 2296 exstiterunt.
375 2221 522 2280 Fortassis
541 2230 639 2281 autem
658 2221 689 2280 in
703 2219 803 2300 primis
820 2219 980 2281 dicendum
1001 2229 1058 2291 est,
1073 2240 1161 2299 quam
1174 2240 1244 2300 pru·

143 2316 253 2376 denter
266 2314 296 2373 id
315 2313 445 2374 studium
467 2312 581 2374 caeteris
602 2313 775 2392 pretuleris.
817 2313 895 2375 Nam
912 2311 1044 2392 prudens
1062 2313 1243 2392 agendarum

143 2427 244 2468 rerum
254 2406 386 2468 delectus
400 2407 429 2466 in
440 2406 635 2478 adolescente,
646 2424 800 2466 commune
810 2405 925 2485 signum
935 2414 981 2464 est
994 2415 1025 2465 et
1039 2404 1127 2464 animi
1139 2406 1244 2472 libera,-

143 2503 184 2563 lis
200 2512 230 2562 et
245 2502 357 2563 cordati
368 2500 487 2580 ingenii.
530 2502 715 2580 Quapropter
725 2519 779 2560 nec
793 2499 878 2560 istius
891 2488 1015 2559 instituti
1027 2498 1091 2559 laus
1105 2509 1150 2559 est
1167 2518 1243 2580 proe·

146 2593 346 2655 termittenda.
387 2594 464 2654 Cum
477 2592 566 2671 igitur
579 2592 670 2653 scires
684 2612 702 2653 a
722 2592 840 2671 reliquis
857 2592 1065 2653 certaminibus
1077 2612 1131 2653 uec
1144 2611 1243 2655 servor

143 2707 207 2747 nec
228 2687 396 2767 peregrinos
419 2685 545 2759 excludi,
559 2685 635 2747 istud
649 2706 718 2747 vero
740 2684 811 2746 solis
834 2686 1017 2767 propositum
1035 2706 1103 2747 esse
1121 2686 1244 2759 civibus,

141 2780 277 2859 1necnisi
300 2784 337 2841 ab
356 2778 542 2859 optimatibus
558 2779 665 2859 expeti,
680 2779 721 2841 sic
746 2799 782 2840 eo
805 2792 836 2839 te
857 2777 1012 2841 contulisti.
1056 2779 1105 2839 Ad
1121 2778 1197 2851 baec,
1218 2778 1245 2839 si

144 2874 203 2954 qui
217 2873 359 2933 currendo
372 2892 404 2933 se
424 2872 559 2951 fatigent,
573 2892 673 2933 eornm
694 2892 749 2933 nec
770 2872 967 2943 fortitudinem
983 2871 1144 2941 neclanimi
1167 2892 1244 2951 prta·

148 2968 289 3027 stantiam
303 2967 411 3047 augeri,
424 2986 476 3026 eos
487 2986 554 3027 vero
565 2965 615 3044 qui
627 2965 759 3046 pugilatu
772 2975 824 3025 aut
837 2966 902 3025 aliis
916 2965 980 3045 ejus
993 2964 1107 3043 generis
1120 2964 1197 3025 ludis
1210 2984 1244 3026 se

147 3069 319 3133 exerceant,
341 3069 448 3143 praeter
468 3058 546 3119 mala
568 3058 707 3137 corporis,
725 3057 813 3131 etiam
839 3058 956 3137 ingenia
975 3074 1157 3137 corrumpere
1176 3076 1244 3117 cum

142 3150 308 3231 judicares,
323 3150 587 3231 splendidissimum
605 3150 887 3230 pulcherrimumque
911 3149 1128 3212 exercitationis
1150 3167 1244 3231 genus

148 3259 268 3325 tuaeque
293 3254 405 3305 nature
428 3244 609 3324 aptissimum
630 3242 758 3322 elegisti,
772 3244 851 3321 quod
871 3252 901 3302 et
921 3260 1065 3311 armorum
1086 3252 1244 3302 consuetu·

149 3338 231 3411 dine,
245 3346 274 3397 et
288 3356 426 3397 cursuum
440 3336 603 3407 tolerantia,
616 3333 685 3393 belli
707 3333 891 3394 simulacrum
912 3341 1119 3412 repraesentem
1140 3343 1171 3393 et
1183 3354 1245 3394 rua·

146 3428 330 3509 gnificentia,
346 3438 377 3489 et
396 3428 551 3507 splendore
565 3437 731 3506 apparatus,
747 3425 886 3505 potentias
903 3426 1024 3486 deorum
1043 3424 1135 3487 simile
1147 3424 1253 3500 videaq

149 3534 219 3583 tur:
240 3532 383 3601 praeterea
398 3530 428 3583 et
441 3529 575 3601 spectatu
585 3520 847 3595 jucundisssimum
860 3519 908 3593 sit,
921 3530 953 3579 et
971 3539 987 3579 e
1001 3518 1131 3599 plurimis
1145 3519 1245 3581 umde-

150 3635 211 3694 que
235 3616 388 3694 generibus
409 3623 533 3695 constet,
560 3625 590 3673 et
614 3613 742 3692 ingentia
768 3614 888 3692 premia
910 3613 1014 3673 merito
1041 3624 1245 3692 consequatur.

150 3709 263 3769 Praetcr
277 3707 353 3767 enim
366 3728 404 3768 ea
416 3726 483 3787 quoe
496 3707 672 3779 tribuuntur,
686 3707 752 3787 ipsa
768 3706 856 3765 etiam
870 3704 1038 3766 exercitatio
1051 3714 1153 3768 ettam
1170 3726 1245 3785 prte-

148 3801 264 3861 clarum
289 3799 417 3861 studium
440 3818 500 3859 nou
528 3818 649 3879 parvum
675 3797 825 3876 praemium
842 3796 961 3872 ,bomini
989 3796 1037 3856 vel
1062 3796 1246 3867 mediocriter

148 3892 266 3954 virtutis
280 3893 410 3953 studioso
424 3891 578 3953 videatur..
608 3889 696 3958 Quod
711 3890 860 3949 Homerici
874 3888 1010 3949 carminis
1022 3890 1247 3956 testimoniavel

148 3988 181 4047 in
195 3986 296 4067 primis
310 3988 525 4065 comprobatur,
539 3984 569 4043 in
583 4002 641 4062 quo
655 3991 686 4042 et
699 3980 821 4042 Graecos
836 3994 866 4041 et
879 3981 1026 4064 Barbaros
1038 3984 1090 4043 tali
1105 3992 1248 4062 apparatu

149 4077 280 4159 gessisse
293 4076 403 4138 bellum
422 4078 491 4138 fecit
510 4077 585 4135 inter
602 4094 686 4134 sese:
708 4073 948 4152 pretereaettam
967 4074 1055 4136 hodie
1076 4075 1246 4135 Graecarum

148 4170 269 4233 urbium
281 4189 340 4229 non
355 4169 568 4251 abjectissimis,
579 4168 632 4229 sed
646 4166 789 4238 maximis,
798 4165 828 4226 in
842 4168 1046 4229 certaminibus
1060 4168 1150 4227 utico
1162 4167 1247 4228 iami-

149 4264 228 4324 liare
244 4271 299 4323 est.
1176 4312 1180 4319 ,

193 4356 222 4415 7.
246 4354 415 4415 institutum
434 4355 521 4433 igitur
541 4354 697 4421 honesturn
717 4372 802 4432 teque
821 4372 858 4413 ac
872 4354 1010 4415 dilectum
1025 4352 1166 4413 universis
1185 4372 1258 4437 cmg

148 4448 238 4509 nibus
254 4458 306 4507 est.
336 4446 413 4517 Quia
426 4466 493 4507 nero
507 4448 633 4527 putabas
648 4443 719 4507 nihil
733 4445 873 4525 prodesse
886 4465 982 4508 rerum
992 4441 1248 4524 pulcherrimarum
