2967 4950
430 291 942 380 soressus'nsocusssu.
1180 320 1239 376 sar

29 532 30 535 ,
135 494 190 553 que
203 474 298 535 ullum
308 468 409 535 virens
422 476 473 537 ille
488 476 708 557 adoptarit,lex
721 483 822 536 autem
834 473 1022 534 haereditates
1043 492 1151 551 genera
1165 473 1238 552 'pro-
1331 514 1334 520 ·

29 562 30 603 ἶ
136 568 217 629 rimis
241 568 354 641 tribuit,
377 590 474 631 nonne
501 580 626 650 utraque
650 569 762 629 ratio'ne
786 583 905 645 aequum
929 579 977 627 est
995 587 1051 626 nos
1074 568 1160 626 bonis
1176 585 1238 625 non

135 658 284 723 fraudari?
315 662 394 723 Nam
416 674 446 723 et
464 662 631 733 Archiadae,
645 662 730 742 cujus
752 661 833 721 foere
857 662 938 721 bona
958 660 996 719 ab
1019 659 1112 729 initio,
1131 678 1239 737 genere

134 753 257 831 proximi
271 774 384 829 sumus,
399 766 432 839 et
439 756 577 835 adoptivo
588 755 733 815 Leocrati.
776 754 858 813 lilius
872 752 950 812 enim
963 762 1057 831 pater,
1070 752 1110 813 ad
1124 752 1239 811 Eleusi-

29 890 30 895 η
135 846 198 907 nios
212 865 359 920 resersus,
373 848 620 909 necessitudinem
640 847 720 907 illam
735 844 853 925 exlege
866 846 928 924 ipse
942 846 997 904 sibi
1011 845 1162 924 precidit:
1183 865 1239 905 uos

135 960 216 1009 vero,
231 940 263 999 in
282 958 402 1017 quorum
416 951 480 1001 arat
494 940 613 1013 familia,
629 939 821 1000 arctissimam
835 938 1041 1017 cognationem
1058 936 1238 1009 retinuimus,

29 1032 31 1051 ³
139 1050 207 1091 oum
228 1052 355 1093 essemus
378 1032 442 1112 ejus
464 1032 583 1093 sobrini.
626 1031 766 1102 Proinde,
786 1031 811 1089 si
828 1031 883 1102 vis,
898 1042 932 1089 ut
945 1030 1106 1091 Arabiadae
1119 1031 1238 1109 cognati

139 1122 334 1185 haereditatem
354 1124 494 1203 petimus,
515 1124 540 1185 si
560 1124 615 1196 ris,
629 1132 664 1187 ut
685 1122 844 1183 Leocratis.
884 1122 944 1187 Qui
963 1142 1032 1181 cnm
1056 1122 1120 1182 sine
1139 1118 1238 1182 liberis

139 1213 305 1287 decesserit,
320 1236 407 1280 nemo
421 1226 467 1277 est
481 1216 509 1277 ei
522 1217 611 1295 quim
630 1236 684 1277 nor
706 1234 815 1295 genere
837 1214 973 1295 propior:
995 1224 1026 1288 et
1048 1225 1189 1292 quantum
1208 1210 1238 1274 in

136 1314 163 1365 te
177 1308 298 1387 quidem
310 1308 366 1370 fuit
378 1310 596 1383 exs'tinot'aest,
611 1310 773 1379 Leostrate,
788 1308 908 1367 familis.
936 1301 1150 1387 Propter'bona
1159 1302 1238 1368 enirn

137 1400 370 1480 conjunctionem
385 1422 484 1465 eorum
497 1402 624 1463 virorum
639 1402 689 1481 qui
703 1414 732 1463 te
751 1402 929 1482 adoptarent
949 1400 1087 1461 tuebaris.
1128 1403 1239 1467 Quoad

137 1494 221 1568 enim,
234 1516 272 1557 eo
290 1496 443 1581 defuncto,
457 1496 659 1561 haereditatem
684 1516 772 1557 nemo
795 1498 924 1577 petebat,
941 1494 1054 1555 nullum
1072 1495 1238 1557 'Archiadee

137 1588 224 1655 fllium
236 1590 412 1671 adoptabas,
421 1602 577 1672 postquam
591 1600 690 1651 autem
700 1611 756 1651 nor
764 1592 828 1671 ejus
841 1589 961 1669 cognati
973 1590 1005 1647 in
1014 1588 1145 1649 medium
1155 1590 1237 1649 veni-

138 1701 209 1753 mus,
222 1692 292 1749 tum¹
300 1684 437 1765 adoptas,
451 1694 484 1745 ut
501 1685 581 1747 bona
601 1684 748 1745 retineas:
768 1704 835 1744 cum
853 1683 926 1742 nibil
944 1702 1010 1743 esse
1031 1683 1113 1743 dicas
1129 1679 1239 1749 Archi-

138 1772 210 1849 sdoe,
224 1794 315 1855 aquo
331 1776 370 1837 sis
385 1777 555 1857 adoptatus,
570 1777 746 1839 contestaris
758 1788 863 1837 contra
878 1796 942 1849 nos,
956 1788 986 1837 et
999 1796 1094 1855 genus
1104 1788 1238 1836 nostrum

138 1868 213 1944 quod
227 1868 256 1925 in
270 1868 407 1931 confesso
424 1880 471 1931 est
491 1871 627 1951 expellis.
670 1871 757 1940 Quod
781 1871 806 1930 si
826 1870 901 1929 nibil
919 1880 966 1930 est
985 1871 1014 1929 in
1029 1871 1151 1940 sedibus,
1165 1858 1237 1949 quid

138 1959 186 2019 tibi
201 1960 318 2022 decedit
331 1962 357 2022 si
374 1982 428 2023 nos
441 1964 514 2025 nihil
527 1965 599 2026 iilud
614 1984 653 2025 ex
668 1964 840 2025 haereditate
853 1955 1050 2043 percipimus?
1083 1963 1144 2023 Sed
1158 1964 1237 2023 enim

37 2099 42 2113 r
139 2051 199 2131 ejus
214 2053 398 2133 ,impudentia
412 2068 442 2117 et
456 2058 577 2117 avaritia
589 2058 723 2129 talisest,
740 2058 872 2127 Judices,
888 2068 926 2115 ut.
937 2056 1083 2116 existimet
1093 2045 1238 2134 oportere

139 2164 167 2203 se
180 2153 210 2203 et
219 2145 248 2205 iu
261 2147 420 2209 Eleusiniis
433 2159 558 2229 paterna
570 2152 648 2211 bona
660 2170 825 2229 regressum
835 2150 978 2223 obtinere,
989 2158 1022 2209 st
1035 2168 1136 2209 eorum
1148 2140 1237 2213 etism

140 2258 203 2316 quas
214 2242 266 2318 per
286 2240 475 2321 adoptionem
496 2244 662 2324 occupavit,
676 2264 744 2303 cum
766 2264 825 2303 non
849 2245 889 2303 sit
903 2243 1117 2314 filiusfamilias,
1130 2243 1237 2321 potiri:

140 2342 222 2411 atque
235 2332 300 2394 hoeo
314 2334 414 2395 omnia
426 2336 512 2395 facile
527 2337 650 2417 perficit,
664 2337 724 2414 qui,
740 2356 808 2395 cum
826 2337 865 2395 de
885 2336 981 2396 alieno
995 2345 1101 2397 contra
1114 2355 1169 2395 nos
1182 2329 1238 2394 ho-

140 2424 226 2486 mines
239 2446 385 2508 pauperes
398 2436 429 2488 et
442 2428 545 2508 inopes
556 2429 698 2508 largiatur
710 2430 858 2507 facileque
871 2431 972 2489 omnia
984 2429 1130 2501 conficiat,
1144 2422 1238 2490 multo

140 2520 332 2600 esbsnperior.
374 2521 562 2601 Quapropter
573 2541 626 2582 ros
645 2520 733 2582 etiam
748 2522 886 2600 opitulari
899 2533 1033 2602 oportere
1046 2521 1171 2584 arbitror
1181 2524 1238 2584 bo-

142 2611 258 2672 minibus
272 2612 345 2672 nibil
359 2613 451 2694 iuiqui
465 2614 642 2694 petentibus,
658 2615 710 2681 sed
725 2633 761 2673 eo
775 2614 933 2687 contentis,
947 2616 972 2674 si
989 2615 1056 2694 quis
1069 2635 1124 2676 nos
1137 2613 1237 2696 legum

141 2703 507 2787 fruipraesidiispatiatur.
549 2706 628 2776 Quid
651 2707 730 2767 enim
753 2708 904 2787 agendum
925 2708 1010 2768 nobis
1034 2719 1089 2780 est,
1103 2710 1236 2782 Judices,

143 2795 296 2877 adoptione
310 2819 363 2880 per
376 2809 436 2860 tres
447 2809 620 2879 pervagata,
634 2812 665 2861 et
677 2811 827 2881 postremo
848 2802 878 2865 io
895 2801 1179 2879 Archiadeexfamilia
1190 2822 1237 2864 re-

142 2887 216 2967 licta,
227 2893 276 2972 qui
293 2912 362 2955 cum
374 2895 438 2954 sine
451 2893 554 2955 iiberis
569 2895 740 2970 decesserit,
755 2915 855 2956 nonne
868 2893 988 2954 tandem
1010 2894 1169 2974 aliquando
1183 2916 1237 2957 no-

140 2992 228 3044 strum
241 2985 500 3068 recuperabimus?
523 2987 591 3048 Hoc
604 2987 693 3067 igitur
701 2989 769 3069 jure
782 2988 865 3061 freti,
876 2989 915 3048 ad
928 2999 1083 3068 praetorem
1098 3009 1149 3050 eos
1162 2992 1236 3050 cita-

145 3076 242 3154 vimus.
280 3082 443 3142 Leochares
457 3093 554 3164 autern
567 3083 608 3142 ita
621 3084 805 3144 confidenter
817 3083 926 3147 salsum
940 3091 1135 3154 contestatus,
1149 3100 1238 3161 opor-

146 3179 202 3233 tere
215 3161 266 3234 1ios
279 3175 426 3238 existimat
439 3185 542 3237 contra
554 3194 656 3235 omnes
670 3177 753 3256 leges
763 3175 894 3235 fraudari
906 3174 1105 3232 hereditate..
1135 3240 1140 3246 ,
1216 3229 1220 3234 ,
1236 3216 1240 3222 -

184 3267 227 3325 10.
248 3266 378 3328 Primum
399 3268 499 3347 igitur,
512 3278 547 3327 ut
567 3278 693 3342 constet,
707 3268 760 3328 illa
782 3269 822 3328 de
843 3262 1051 3346 adoptionibus
1075 3276 1106 3326 et
1129 3285 1237 3345 genere
1281 3304 1286 3322 f

144 3357 255 3419 istorum
268 3381 336 3422 vere
351 3380 406 3422 nos
421 3361 540 3435 dixisse,
564 3372 595 3421 et
614 3381 737 3442 puerum
761 3381 829 3422 cum
848 3361 938 3420 situla
952 3359 1111 3420 Archiadoe
1132 3359 1239 3420 monu-

144 3461 233 3512 mento
246 3473 311 3514 esse
330 3453 510 3532 impositum,
523 3454 588 3514 baec
608 3454 691 3514 robis
708 3453 877 3514 testimonia
890 3441 1096 3514 recitabimus:
1117 3451 1186 3511 dein
1206 3463 1240 3512 et

145 3553 241 3605 catera
253 3545 408 3626 perspicue
421 3566 474 3605 ros
488 3545 688 3618 edocebimus,
698 3555 732 3604 ut
745 3545 820 3607 istos
832 3545 918 3606 falsos
929 3543 1152 3606 contestationis
1165 3563 1242 3606 con*

106 3691 107 3696 ,
146 3633 291 3702 vunnu.
335 3638 418 3724 Cape
433 3637 611 3713 testimonia,
624 3657 692 3718 quoe
707 3638 785 3700 dico.

1062 3749 1080 3784 s
1120 3751 1134 3783 ι,

447 3835 450 3840 ’
545 3849 818 3950 mensuum.

147 4003 263 4100 Proinde
275 4015 317 4074 rei
329 4013 446 4075 ratioet
455 4012 579 4094 simplex
586 4014 641 4094 jus·
649 4014 830 4074 baereditatis
844 4013 932 4074 itare
940 4011 1042 4085 babet,
1052 4012 1070 4071 J
1073 4012 1194 4081 adicem
1209 4021 1240 4070 et

148 4111 314 4185 eorumquae
326 4108 395 4167 inde
410 4109 448 4168 ab
460 4107 543 4167 initio
557 4119 625 4168 acta
637 4117 708 4168 suut
720 4109 786 4186 ipsa
798 4107 897 4186 capita
909 4107 970 4165 fers
983 4105 1084 4164 omnia
1096 4104 1220 4164 audistis
1230 4124 1247 4173 :⁴

149 4211 207 4270 que
218 4209 316 4270 autent
328 4209 397 4280 post
409 4201 553 4262 actionem
575 4201 612 4260 de
631 4199 802 4262 hereditate
815 4200 977 4260 institutam
990 4198 1122 4269 fecerint,
1136 4205 1167 4255 et
1176 4215 1240 4274 quo

95 4330 98 4335 -
147 4297 224 4361 pacto
246 4309 300 4352 nos
318 4293 486 4364 ‚tractarius
507 4292 589 4354 dictu
612 4291 811 4352 necessarium
834 4290 982 4351 existimo.
1015 4288 1050 4347 ln
1061 4286 1240 4346 baereditatis

150 4378 217 4438 eninr
231 4382 346 4460 judiciis
371 4395 430 4448 tam
451 4385 550 4466 inique
570 4405 637 4446 oum
656 4377 773 4446 neruiue
793 4385 917 4444 arbitror
937 4401 1004 4442 esse
1026 4390 1135 4454 actum,
1150 4399 1245 4462 quam

150 4471 301 4548 noffiscum.
643 4483 646 4488 ·
887 4473 891 4483 ’
