2967 4950
504 348 573 412 DE'
587 348 701 413 DO'lE
725 348 944 415 MATERNA.
1193 354 1249 417 591

149 506 389 571 cileostendam.
426 470 557 570 ‘Primum
575 511 652 572 enim
671 508 820 591 Polyarati
837 482 904 569 'tna
923 508 988 581 luit,
1002 510 1053 589 qui
1074 518 1105 569 et
1127 526 1146 570 a
1168 510 1253 571 voltis

150 599 304 659 colebatur
319 612 363 659 et-
374 618 496 679 magnas
515 622 587 682 opes
603 603 783 683 possidebat.
826 597 937 663 Postea
950 612 1090 663 testatum
1103 600 1252 681 vobis'est,

149 692 236 750 etiarn
252 712 384 753 sororem
403 696 467 773 ejus
490 695 663 774 tantundem
683 697 815 755 attulisse
829 696 904 754 dotis
917 705 948 755 et
962 690 1157 776 Eryximacho
1172 698 1251 757 affini
1277 768 1283 773 ¹

35 794 41 809 ·
150 783 288 845 Chabrioe
309 785 463 866 nupsisse,
498 786 644 847 Praeterea
657 796 785 859 constat,
799 798 921 847 matrem
935 784 1030 847 meam
1044 788 1180 868 nupsisse
1193 790 1252 869 pri·

148 893 227 934 mum
243 872 460 951 Cleomedonti,
474 877 558 958 cujus
572 882 683 954 patrem
698 878 839 937 Cleonem
854 878 951 937 ierunt
964 879 1042 958 apud
1060 877 1186 960 mejdres
1200 900 1251 941 ve·
1333 890 1335 902 '

148 977 228 1027 stros
240 964 297 1028 suo
312 970 405 1058 ductu
417 980 448 1030 et
461 969 600 1049 auspiciis
608 969 719 1029 multos
733 969 972 1051 Lacedaemopios
986 970 1052 1055 Pyli
1063 970 1143 1032 vivos
1157 971 1252 1052 cepis·

14 1110 22 1133 ,
65 1057 69 1063 ’
150 1077 195 1133 se,
206 1059 380 1140 'summamre
400 1063 476 1122 inter
498 1063 576 1123 eires
601 1061 695 1141 gloria
713 1061 864 1123 floruisse:
889 1080 986 1139 quare,
1001 1062 1056 1123 nec
1075 1064 1139 1143 ejus
1151 1064 1250 1145 §filiunt

149 1151 393 1215 e'arn'indotatam
413 1154 522 1239 ducere
540 1154 742 1226 conveniebat,
756 1172 852 1231 neque
866 1152 1066 1213 Menexenunl
1083 1154 1250 1235 etBatbyl·

147 1242 208 1303 ium
222 1241 457 1308 consentaneum
470 1246 588 1326 estqui
601 1255 632 1306 et
645 1244 699 1325 ipsi
719 1254 930 1325 magnas'opes
949 1244 1135 1306 haberentet
1148 1247 1249 1321 dotem

148 1338 369 1401 Cleomedonte·
383 1350 498 1402 mortuo
515 1340 707 1418 recepissent,
730 1358 773 1398 ea
788 1356 925 1397 sororem,
941 1357 1024 1409 suam
1047 1330 1249 1416 defraudasse,

147 1431 198 1490 sed
213 1432 295 1511 ipsos
309 1432 454 1512 adjecisse
473 1431 584 1510 aliquid
601 1441 632 1491 et
650 1432 726 1511 patri
742 1420 915 1503 collocasse,
935 1442 969 1489 ut
985 1440 1016 1489 et
1030 1430 1087 1509 ipsi
1104 1431 1183 1515 apud
1195 1452 1249 1493 vos

145 1525 290 1584 etcaeteri
303 1524 462 1587 necessarii
474 1524 575 1585 testati
587 1533 666 1584 sunt.
707 1524 769 1584 Sed
782 1523 829 1581 his
844 1521 958 1582 omissis
973 1523 1249 1604 cogitate,'quarnu·

41 1630 46 1635 *
146 1615 227 1673 brem
242 1626 337 1695 pater,
352 1618 377 1676 si
394 1636 461 1677 mea
483 1628 577 1677 mater
599 1616 747 1695 desponsa
769 1635 829 1675 non
851 1614 955 1675 fuisset
978 1634 1073 1694 neque
1088 1617 1187 1678 dotem
1204 1628 1249 1678 at-

143 1707 269 1779 tulisset,
284 1709 408 1769 istorum
429 1706 499 1769 vero
518 1708 672 1780 attulisset,
685 1710 759 1767 istos
772 1726 841 1796 suos
862 1710 1000 1785 negasset
1019 1726 1085 1769 esse
1100 1709 1185 1782 filios,
1201 1730 1248 1770 me

146 1809 244 1859 autem
258 1810 288 1859 et
302 1800 471 1879 agnrorisset
485 1812 516 1860 et
534 1798 727 1860 instituisset?
749 1799 790 1859 Ut
803 1798 916 1858 scilicet
937 1807 967 1857 et
986 1798 1056 1857 mihi
1078 1800 1247 1878 gratificans

146 1903 176 1949 et
189 1892 277 1951 matri
291 1912 376 1963 meae,
390 1892 459 1952 istos
474 1884 636 1971 ig'noruinia
647 1890 795 1950 afficeret?
823 1890 863 1948 At
884 1908 920 1947 ea
932 1889 1050 1966 quidem
1065 1890 1186 1965 obierat,
1200 1913 1246 1953 me

144 2002 235 2061 parvo
257 2004 350 2063 puero
373 1984 485 2057 relicto,
500 1984 620 2045 istorum
638 2002 708 2043 vero
731 1991 826 2068 mater
845 1981 969 2059 Plango,
984 1992 1015 2040 et
1037 1993 1106 2041 ante
1128 1994 1158 2041 et
1180 1995 1248 2063 post
1308 2010 1311 2016 ·
1387 2048 1394 2057 ,

144 2076 275 2154 eleganti
288 2077 383 2136 sonna
399 2076 512 2150 mulier,
526 2069 595 2137 cum
614 2094 651 2136 eo
673 2094 734 2135 rem
751 2075 895 2134 habebat:
915 2092 1005 2152 quare
1019 2068 1109 2137 multo
1123 2076 1248 2136 credibi-

145 2161 202 2227 lius
226 2166 290 2227 erat
313 2186 382 2227 eom
397 2177 526 2247 ,propter
545 2167 692 2228 viventem
713 2166 877 2239 mulierem,
897 2184 985 2245 quam
1008 2165 1174 2239 adamabat,
1195 2168 1248 2228 de·

143 2259 263 2321 lonctoe.
279 2259 371 2319 filium
394 2270 590 2332 contemnere,
604 2278 692 2340 quam
715 2270 833 2338 propter
856 2275 903 2317 me
924 2270 955 2318 et
974 2254 1246 2320 defunctam'filios

143 2350 303 2412 crisante
321 2347 452 2410 muliere
466 2359 630 2429 susceptos,
655 2351 740 2431 cujus
772 2348 986 2410 consuetudine
1012 2361 1151 2424 uteretur,
1185 2360 1246 2411 non
1324 2354 1331 2373 ⁸

144 2450 316 2526 agnoscere.
370 2442 460 2522 Atqui
480 2462 516 2503 eo
538 2443 596 2502 iste
615 2443 694 2510 veuit
715 2442 858 2514 audaciae,
872 2452 905 2502 ut
929 2440 988 2504 aiat
1009 2438 1246 2522 patremmeum

143 2556 198 2619 pro
226 2559 260 2598 se
288 2535 432 2596 decimam
458 2534 572 2595 solenni
596 2534 729 2595 convivio
757 2535 938 2601 celebrasse:
970 2553 1064 2614 eaque
1086 2535 1124 2594 de
1145 2555 1176 2595 re
1198 2537 1247 2594 Ti-

143 2623 284 2691 mocratis
307 2623 403 2688 solum
426 2619 852 2695 et-Pr'omachi'testimonium
873 2627 1014 2697 exhibuit,
1037 2623 1087 2706 qui
1104 2641 1167 2689 'nec
1186 2629 1248 2691 ulla
1339 2677 1350 2692 ,

139 2719 324 2800 cognatione
341 2728 455 2799 patrem
469 2707 566 2777 meum
582 2712 742 2797 attingunt,
758 2735 856 2796 neque
869 2715 913 2776 illi
933 2717 1018 2777 amici
1032 2719 1166 2788 fuerunt;
1191 2717 1246 2781 ita·

142 2811 202 2893 q'ue
214 2807 374 2874 manifeste
385 2809 464 2870 falsa
481 2810 583 2870 testati
605 2819 685 2880 sunt,
699 2818 744 2879 ιιι
758 2829 846 2888 quem
861 2809 943 2869 vobis
958 2805 1099 2877 ¹omnibus
1120 2807 1246 2873 consciis
1360 2833 1365 2838 ·
1392 2827 1399 2835 “

143 2907 198 2966 iste
212 2906 244 2964 in
254 2906 306 2984 jus
319 2911 454 2963 vocatum
466 2901 566 2981 coegit
579 2902 617 2962 ad
626 2901 879 2982 seadcptaudum,
890 2921 959 2961 eum
972 2898 1030 2974 isti,
1043 2899 1185 2982 tanquam
1196 2904 1246 2983 qui

143 3000 205 3059 duo
217 2993 415 3071 soli'siatores
428 2995 498 3066 sint,
511 3004 656 3055 testentur
669 3013 722 3074 pro
737 2994 794 3054 hoc
810 2993 953 3054 decimam
965 2995 1141 3064 celebrasse.
1173 2997 1247 3064 Qui·
1284 3007 1287 3014 ’

143 3089 276 3168 busqais
288 3086 421 3148 ιιιιιιιιιι
433 3086 558 3146 medati
576 3085 645 3149 Jam
655 3105 712 3146 nee
722 3084 798 3144 illud
809 3084 836 3144 ai
847 3084 919 3160 licet
928 3086 1037 3157 dicere,
1051 3105 1082 3156 se
1090 3083 1246 3165 'parvulum
1290 3081 1292 3086 ’

142 3186 265 3291 quidem
288 3177 411 3265 aputre
433 3183 575 3262 agnitam,
583 3225 586 3228 -
598 3174 782 3260 grandiorem
807 3188 904 3250 autem
927 3180 1046 3282 tactum,
1071 3181 1108 3240 ab
1133 3178 1246 3252 eodem,

143 3279 230 3339 matri
250 3278 379 3358 ipsorum
393 3275 478 3346 irato,
492 3273 687 3354 repudiatum.
730 3271 829 3330 Multo
843 3269 921 3352 enim
939 3270 1033 3350 magis
1049 3281 1131 3332 certe
1150 3270 1247 3332 solent
1296 3330 1299 3339 2

143 3390 219 3432 uxor
231 3379 263 3429 et
275 3368 396 3428 maritus
412 3375 476 3426 orta
484 3365 585 3445 jurgia
600 3373 720 3445 propter
733 3363 839 3423 liberos
854 3339 1010 3441 deponere,
1025 3380 1114 3440 quam
1126 3374 1247 3470 propter

141 3464 200 3523 iras
214 3462 290 3521 inter
303 3479 335 3520 sa
350 3477 521 3518 communes
535 3458 624 3518 etiam
636 3455 743 3517 liberos
757 3452 879 3514 odisse.

183 3559 214 3614 5.
229 3550 404 3625 Proinde,'
382 3571 406 3610 ιι
419 3549 483 3611 hoee
494 3549 609 3610 dicere
602 3547 770 3618 instituerit,
781 3563 819 3604 ne
830 3544 966 3604 feratis
940 3563 1003 3624 ejus
1018 3515 1244 3653 impudentiam:

142 3649 198 3708 sin
207 3645 246 3707 de
260 3646 358 3706 causis
367 3631 479 3704 dixerit
491 3659 616 3723 quarunt
635 3661 683 3700 me
703 3638 831 3700 absolvit
853 3638 971 3712 arbiter,
985 3629 1075 3715 seque
1092 3657 1110 3696 a
1126 3633 1173 3698 r'ne
1191 3641 1245 3699 im-

141 3748 279 3836 paratum
306 3756 372 3797 ease
399 3753 575 3830 oppressum
602 3731 781 3802 causabitur,
805 3730 931 3809 primum
959 3729 1158 3802 memineritis,
1185 3725 1247 3792 non

141 3827 280 3913 paruum
287 3838 404 3908 tempus
425 3815 527 3899 ιιίιιὲ,
536 3845 608 3906 quo
627 3823 709 3884 illum
731 3842 767 3883 se
787 3839 889 3901 parare
910 3819 1048 3901 oportuit,
1063 3822 1125 3881 sed
1137 3822 1246 3883 multos

139 3941 256 3992 anuos·
270 3921 389 4011 deiude,
402 3939 470 3979 eum
483 3919 574 3978 luisse
595 3927 738 3989 actorem,
759 3931 854 3992 quare
870 3911 964 3972 multo
977 3911 1158 3991 probabilius
1173 3925 1245 3988 erat,

142 4037 190 4075 me
204 4017 243 4076 ab
255 4034 291 4074 eo
305 4014 480 4094 imparatum
494 4029 680 4100 oppressum,
694 4027 783 4090 quam
793 4027 861 4066 eum
882 4023 900 4065 a
916 4025 979 4074 me;
1002 4005 1042 4066 ad
1048 4006 1130 4078 h'ae,e
1144 4025 1244 4067 coram

135 4108 226 4168 vobis
247 4125 350 4166 omnes
369 4105 419 4185 qui
440 4103 520 4183 apud
544 4100 684 4163 arbitrum
704 4098 814 4160 affuere
832 4097 929 4159 testati
953 4097 1142 4168 sontiatum
1170 4117 1244 4175 prae-

140 4210 268 4272 sentem,
282 4217 352 4258 cum
368 4215 416 4256 me
436 4195 545 4257 arbiter
557 4195 734 4264 absolveret,
749 4211 805 4252 nec
818 4191 856 4251 sd
866 4189 1009 4270 judicium
1021 4188 1198 4269 appellasse,
1212 4199 1244 4249 et

140 4294 173 4353 in
188 4277 307 4361 arbitrio
321 4290 514 4370 acquievisse.
555 4287 726 4348 Absurdum
748 4294 845 4345 autem
864 4283 935 4342 mihi
955 4282 1080 4353 videtur,
1096 4299 1164 4340 oum
1183 4280 1243 4353 elii,

136 4385 194 4464 qui
208 4384 345 4461 injustiam
363 4382 420 4445 sibi
433 4382 500 4444 lieri
516 4388 632 4463 putant,
642 4381 732 4446 etiam
746 4377 984 4475 causasomnioo
998 4375 1122 4436 minutas
1133 4369 1176 4434 ad
1191 4393 1255 4450 vos,
