2967 4950
260 329 320 393 830'
574 329 1056 399 Exosolrcouctouum

266 669 269 686 '
296 687 521 772 squameae,
535 692 810 767 Atheniensem
824 711 885 755 non
902 694 1132 775 monstrans
1151 712 1206 756 vos
1220 695 1356 777 reapse

257 781 422 858 voluerunt,
436 803 524 865 quam
545 785 581 846 iis
600 785 650 866 qui
664 796 833 867 potuerunt,
846 788 943 849 irasci.
984 787 1061 850 Nam
1080 789 1163 868 quod
1175 787 1208 848 in
1219 788 1290 870 ipsis
1302 789 1359 850 foit'

257 871 399 950 iecerunt,
415 895 509 958 eoque
530 897 583 940 vos
602 877 803 941 induxerunt:
823 881 999 960 quodvero
1020 881 1092 942 irriti
1112 897 1214 942 eorum
1232 890 1355 944 condus

257 971 385 1046 suerunt,
398 971 518 1033 fortuna
529 972 560 1033 in
574 987 663 1034 oense
676 983 732 1047 est,
746 983 777 1034 et
787 975 883 1054 major
893 994 975 1036 nunc
987 973 1143 1056 prudentia
1154 985 1257 1036 restra
1268 995 1355 1056 quam

257 1059 320 1124 ium
338 1081 406 1125 cum
420 1065 459 1126 ab
475 1062 751 1128 ististraherernini.
792 1067 857 1146 Ego
876 1086 948 1129 vero
967 1077 1082 1129 tantum
1094 1067 1197 1129 abesse
1208 1079 1284 1149 puto
1302 1070 1355 1130 no·

257 1165 347 1218 stram
360 1159 473 1229 urbem,
493 1168 527 1218 ut
540 1157 580 1220 de
599 1157 635 1219 iis
649 1177 668 1220 a
681 1157 789 1239 quibus
811 1157 885 1221 laese
904 1170 951 1222 est
972 1179 1088 1241 poenam
1107 1171 1214 1234 sumat,
1228 1158 1264 1222 ut
1279 1163 1355 1222 bene

255 1249 407 1311 nobiscum
418 1251 467 1330 agi
479 1251 657 1325 videatur,si
668 1271 778 1331 cauere·
787 1252 917 1334 possitis,
927 1273 966 1315 ue
978 1273 1067 1334 quam
1080 1255 1136 1334 ipsi
1149 1253 1265 1314 cladem
1279 1255 1354 1316 acei-

255 1341 359 1433 piatis:
380 1353 425 1404 tot
447 1345 623 1424 imposturis,
637 1333 868 1426 totprrsssstigiis,
881 1357 927 1406 tot
945 1346 1073 1426 denique
1093 1346 1239 1426 obsequiis
1260 1367 1354 1428 oppu-

255 1435 394 1514 gnamini.
435 1435 479 1496 Ae
493 1427 614 1497 istorum
635 1435 753 1515 quidem
767 1438 944 1520 improbitati
967 1428 1141 1502 accusanda
1157 1448 1275 1520 tempus
1296 1441 1353 1502 hoc

255 1519 315 1588 hon
330 1536 526 1608 opportunum
540 1545 605 1600 esse
618 1529 721 1592 video:
742 1529 810 1592 vnio
824 1543 922 1594 autem
935 1531 982 1593 his
996 1532 1035 1593 de
1048 1535 1137 1598 rebus
1150 1528 1271 1614 propter
1281 1553 1354 1614 quas

255 1619 377 1691 surrexi,
392 1637 460 1699 qum
472 1617 553 1681 utilia
565 1631 676 1704 putem,
690 1621 798 1685 dicere.
1227 1618 1232 1623 ⁴

777 1779 826 1840 Li.

292 1897 433 1960 Convicia
449 1889 647 1972 et'tumultus,
662 1897 871 1972 Athenienses,
884 1915 951 1978 qum
970 1906 1112 1980 perpetuo
1124 1913 1232 1956 nocere
1244 1897 1351 1973 solent,

251 1989 429 2053 nuncetiam
444 1993 480 2052 ab
493 1990 597 2052 iisdem
616 1999 681 2066 orta
702 2001 780 2064 sunt,
793 2011 812 2052 a
823 1992 931 2070 quibus
951 2007 1082 2070 semper:
1103 2009 1163 2049 non
1175 1998 1276 2050 antem
1290 2001 1350 2052 tam

249 2082 299 2145 isti
308 2083 541 2166 reprehendendi
551 2083 793 2146 sunt-iortassis
806 2083 884 2144 enim
897 2083 935 2145 ad
946 2084 1004 2144 ista
1010 2081 1145 2143 iacienda
1152 2082 1310 2144 iracundia
1320 2096 1351 2146 et

250 2173 435 2248 emulatione
459 2177 656 2250 adducuntur,
678 2177 815 2257 quodque
839 2176 969 2236 omnium
987 2175 1145 2236 maximum
1167 2184 1223 2248 est,
1236 2177 1350 2255 privata

248 2265 425 2343 utilitate-,
439 2287 527 2349 quam
537 2285 603 2344 uos,
613 2269 818 2344 Athenienses,
827 2269 887 2349 qui,
898 2267 1021 2349 publicis
1030 2260 1204 2348 magnisque
1214 2269 1348 2330 derebus

248 2361 415 2436 convocati,
429 2362 548 2442 privatis
573 2362 710 2423 conviciis
725 2377 809 2422 aures
827 2362 992 2443 prebentes
1009 2360 1156 2432 assidetis,
1175 2379 1270 2440 neque
1291 2363 1349 2424 hoc

247 2479 315 2519 curn
329 2459 435 2539 vestris
448 2455 551 2521 animis
565 2457 693 2539 cogitare
707 2457 842 2538 potestis,
857 2457 986 2517 omnium
1004 2465 1152 2517 oratorum
1169 2455 1246 2516 inter
1266 2457 1348 2536 ipsos

247 2552 380 2613 convicia
393 2574 461 2633 quae
477 2565 561 2613 extra
579 2550 722 2632 judicium
741 2551 821 2612 faeta
843 2562 923 2624 sunt,
937 2550 1055 2614 tametsi
1070 2550 1109 2611 de
1131 2548 1189 2610 iilis
1204 2551 1278 2619 aiios
1300 2552 1349 2611 aiii

248 2637 438 2718 convicerint,
453 2663 488 2703 eo
500 2644 630 2705 recidere
645 2644 772 2724 denique
785 2654 884 2705 utros
901 2663 1003 2724 poenas
1016 2642 1102 2705 detis.
1143 2642 1257 2705 Praeter
1270 2644 1345 2705 enim

246 2736 371 2796 fortasse
386 2755 508 2817 paucos,
523 2757 562 2821 ne
576 2756 678 2797 omnes
693 2738 799 2805 dicam,
813 2736 913 2797 nuilus
930 2756 1030 2797 eorum
1045 2736 1094 2796 alii
1107 2737 1300 2812 conviciatur,
1313 2749 1346 2796 ut

245 2828 316 2889 uliae
329 2850 376 2890 res
390 2838 496 2891 vestrae
511 2829 890 2913 corrigantur-plurimum
904 2844 982 2890 certe
1005 2830 1139 2904 abest-,
1160 2831 1215 2891 sed
1226 2830 1298 2892 iacit
1309 2851 1345 2891 eo

244 2924 376 3003 quisque,
400 2932 434 2983 ut
455 2942 490 2984 ea
514 2943 581 3003 quae
603 2924 701 2985 facere
722 2925 871 3005 quendam
886 2934 1043 3000 asserunt,
1056 2924 1174 2984 tametsi
1200 2944 1345 2985 summum

243 3014 341 3075 scelus
361 3012 602 3075 committendum
620 3016 668 3089 sit,
683 3014 713 3075 id
727 3016 791 3095 ipse
805 3020 914 3094 majore
929 3034 996 3074 cum
1011 3014 1071 3075 otio
1081 3025 1237 3094 perpetret
1270 3007 1344 3075 Haec

243 3108 286 3169 ita
299 3129 331 3169 se
344 3109 465 3190 habere,
477 3129 513 3169 ne
527 3108 597 3169 mihi
611 3108 731 3183 credite,
746 3109 799 3169 sed
819 3110 875 3189 ipsi
890 3108 1039 3189 paulisper
1052 3108 1245 3170 considerate.
1288 3109 1344 3169 Ec-

243 3204 309 3285 quis
323 3224 454 3286 unquam
469 3202 594 3263 surrexit
608 3202 658 3283 qui
673 3202 793 3274 diceret,
806 3224 824 3262 v
835 3210 971 3262 estras
998 3219 1096 3283 opes
1122 3201 1198 3283 dep
1210 3217 1282 3264 ecu
1292 3204 1342 3263 ia-

244 3308 363 3357 turus
402 3296 550 3377 prodii,
586 3296 885 3366 Athenienses,
920 3306 961 3354 et
989 3314 1065 3354 non
1089 3304 1230 3356 vestra
1261 3315 1342 3375 gra-

243 3384 325 3449 tint
355 3388 450 3449 Nemo
468 3390 510 3449 sic
524 3388 606 3460 dicit,
617 3388 669 3449 sed
684 3390 845 3468 provehis,
859 3400 889 3447 et
901 3398 1019 3467 propter
1031 3407 1094 3459 vos,
1104 3397 1137 3447 et
1149 3388 1224 3449 tales
1238 3402 1342 3449 causas

243 3480 378 3542 afferunt.
421 3482 511 3559 Agite
532 3500 601 3541 vero
625 3482 821 3553 considerate,
839 3482 1044 3553 Athenienses,
1061 3482 1113 3560 qui
1138 3482 1261 3541 tandem
1283 3482 1341 3556 flat,

244 3584 279 3633 ut
301 3593 416 3633 summa
440 3594 536 3633 rerum
559 3568 731 3646 vestrarum,
764 3576 870 3655 quibus
894 3594 997 3635 omnes
1019 3574 1251 3654 patrocinantur,
1278 3576 1341 3636 ioco

180 3745 182 3749 Ι
243 3664 333 3725 nihilo
346 3665 465 3725 meliore
481 3664 519 3724 sit
531 3684 619 3744 quam
637 3665 736 3745 prius:
758 3666 807 3726 isti
828 3686 897 3725 vero
918 3667 969 3745 qui
990 3684 1045 3746 pro
1058 3664 1140 3725 vobis
1161 3666 1272 3739 omnia,
1289 3688 1341 3748 pro

242 3758 405 3839 semetipsis
426 3758 508 3831 nihil,
528 3758 639 3829 dixere,
664 3758 768 3818 divites
792 3747 809 3819 e
832 3748 975 3819 mendicis
998 3758 1069 3819 faeti
1095 3758 1176 3820 sinti
1204 3760 1285 3827 Quis
1300 3780 1341 3833 se,

143 3866 146 3871 '
243 3850 451 3924 Athenienses,
474 3869 528 3912 vos
557 3856 654 3911 amare
673 3852 800 3932 jactant,
823 3872 891 3913 eum
907 3870 975 3919 ,noo
997 3848 1067 3922 vos,
1081 3853 1134 3912 sed
1156 3854 1341 3935 semetipsos,

242 3954 348 4005 ament.
391 3944 427 4004 Id
450 3945 568 4025 quidem
587 3948 622 4005 ut
634 3946 778 4019 rideretis,
799 3956 833 4005 ut
846 3944 1073 4030 applauderetis,
1090 3945 1238 4005 interdum
1252 3950 1340 4009 etism

242 4050 274 4098 ut
287 4036 453 4118 speraretis
465 4039 547 4098 vobis
565 4038 785 4118 impertierunt:
808 4038 861 4097 sed
881 4036 1005 4116 adipisci
1027 4045 1258 4119 constanterque
1273 4042 1341 4101 sri-

239 4132 366 4211 pubiicae
380 4131 494 4190 tradere
508 4132 579 4190 boni
601 4131 758 4211 quicquam
776 4150 813 4189 ne
827 4131 936 4190 velient
947 4130 1079 4209 quidem.
1120 4131 1190 4198 Quo
1202 4134 1282 4192 enim
1293 4134 1342 4194 die

240 4224 395 4283 immodica
418 4225 475 4283 ista
498 4225 665 4283 infirmitate
688 4223 801 4284 liberati
823 4223 946 4305 fueritis,
957 4224 1028 4283 istos
1050 4243 1107 4284 nec
1124 4224 1234 4285 intueri
1256 4248 1342 4307 porro

241 4317 431 4377 sustinebitis.
461 4317 549 4376 Nunc
563 4336 630 4375 vero
644 4316 795 4396 drachma,
810 4317 894 4386 ehoe,
908 4326 1035 4397 quatuor
1042 4316 1148 4390 obolis,
1156 4315 1237 4377 reiut
1246 4338 1341 4398 regre-

240 4418 351 4467 tantem
373 4411 512 4489 populum
533 4407 653 4485 lactant,
677 4432 711 4471 ac
736 4412 865 4485 omnino,
891 4410 1096 4484 Athenienses,
1110 4427 1181 4490 qum
1197 4410 1240 4471 iiii
1257 4414 1340 4474 nohis
