2967 4950
242 350 302 406 m
575 347 746 408 CUNTRA
769 346 997 408 CONONEM:

181 497 199 542 ·'
242 499 414 580 quasivero
436 503 576 562 continuo
596 503 733 562 credituri
755 503 868 574 essetis,
883 511 913 562 et
935 502 1085 560 veritatem
1101 497 1179 558 haud
1196 496 1335 558 conside·

243 591 342 665 retuli,
355 594 480 673 primum
490 593 593 675 neque
613 593 814 675 Lysistratum,
828 613 922 672 neque
945 594 1078 664 Famam,
1092 611 1188 671 neque
1209 591 1335 651 Nicerass

242 694 315 756 tum,
332 707 428 765 neque
444 687 623 758 Diodorum,
638 689 687 766 qui
701 689 799 767 palam
813 688 957 748 testificati
975 697 1046 746 sunt
1059 706 1091 745 se
1111 685 1221 745 vidisse
1244 683 1292 744 me
1314 703 1337 744 a

243 778 365 840 Conone
380 781 532 852 verberari,
548 791 579 840 et
588 783 717 841 vestibus
731 781 823 853 exsui,
837 793 868 842 et
881 782 995 841 caeteris
1008 800 1081 859 quas
1095 798 1247 859 perpessus
1269 798 1338 838 sum

242 872 425 930 contumeliis
449 873 537 948 affici,
555 873 686 934 homines
706 873 823 950 ignotos
840 874 948 952 quique
967 871 1086 932 fortuito
1106 871 1146 929 rei
1169 871 1336 930 intervene-
1364 874 1366 879 '

243 973 320 1034 runt,
342 983 469 1042 unquam
488 964 578 1024 fuisse
597 966 801 1025 commissuros
815 977 850 1026 ut
868 966 943 1026 falsa
963 967 1197 1037 testificarentur,
1209 963 1266 1023 nisi
1286 982 1338 1022 me

243 1055 285 1114 ite
298 1055 469 1115 mulctatum
485 1056 640 1118 vidissent:
662 1057 770 1118 deinde
793 1059 841 1118 cui
858 1059 892 1117 fit
905 1058 1058 1118 verisimile
1074 1076 1133 1129 me,
1147 1056 1203 1115 nisi
1223 1058 1261 1115 ab
1279 1056 1338 1115 isto

243 1146 365 1208 fuissem
388 1148 444 1208 hoc
464 1149 552 1210 modo
574 1150 673 1229 lessus,
687 1151 804 1211 omissis
822 1150 857 1211 iis
872 1152 1009 1230 aquibus
1024 1150 1081 1230 ipsi
1093 1170 1140 1210 me
1152 1149 1340 1210 verberatum

244 1260 307 1301 esse
321 1242 504 1314 confitentur,
518 1253 620 1303 contra
639 1263 706 1303 eum
726 1245 777 1323 qui
796 1264 850 1304 neo
869 1244 1014 1322 attigisset
1030 1244 1131 1303 venire
1148 1241 1274 1321 primum
1290 1243 1339 1301 in·

244 1333 398 1394 intuisset
428 1334 488 1394 Cur
502 1334 600 1394 enim?
628 1355 721 1414 quave
736 1336 774 1394 de
789 1336 900 1397 cause?
927 1336 996 1396 Non
1020 1335 1063 1394 ita
1083 1343 1140 1411 est,
1154 1334 1207 1393 sed
1227 1353 1341 1407 eum‚a

246 1444 306 1505 quo
326 1426 452 1506 primum
465 1428 633 1487 verberatus
655 1447 717 1486 sum
735 1429 926 1506 maximisque
949 1427 1130 1487 contumeliis
1150 1425 1284 1502 allectus,
1308 1435 1343 1486 et

246 1537 364 1592 accuso,
378 1530 409 1578 et
431 1518 493 1594 odi,
516 1527 546 1578 et
564 1539 731 1599 persequor.
774 1522 818 1581 Ac
836 1541 903 1600 quae
924 1540 982 1599 ego
995 1520 1073 1591 dico,
1094 1518 1137 1577 uti
1153 1537 1183 1577 re
1194 1518 1260 1596 ipsa
1270 1537 1343 1578 vera

246 1621 317 1671 sunt
336 1613 441 1684 omnia,
462 1612 503 1672 ita
523 1613 610 1671 etiam
628 1632 694 1673 esse
718 1631 787 1672 vera
803 1614 952 1673 videntur:
974 1615 1029 1672 iste
1052 1621 1159 1682 autem,
1174 1610 1230 1668 nisi
1249 1621 1341 1671 testes

247 1702 319 1762 istos
334 1702 528 1782 produxisset,
540 1705 621 1784 quod
643 1705 756 1764 diceret
773 1724 834 1765 non
848 1706 977 1775 haberet,
992 1704 1045 1764 sed
1059 1703 1214 1781 evestigio
1231 1703 1343 1762 tacitus

249 1795 380 1857 damnari
394 1798 546 1877 potuisset.
575 1798 652 1857 Cum
667 1807 765 1859 autem
778 1799 842 1878 ejus
861 1798 1049 1860 combibonee
1066 1797 1125 1856 sint
1137 1806 1169 1854 et
1181 1795 1344 1854 multorum

247 1888 348 1948 talium
364 1889 524 1950 facinorum
538 1889 619 1962 socii,
632 1889 711 1949 haud
731 1892 769 1949 ab
787 1911 818 1950 re
830 1890 938 1950 falsum
952 1891 980 1950 in
995 1891 1059 1970 ejus
1073 1889 1195 1968 gratiam
1208 1889 1344 1948 testimo·

249 1981 328 2040 nium
343 1981 486 2042 dixerunt.
529 1982 617 2051 Quod
637 1983 662 2042 ei
682 2001 729 2042 res
748 2001 784 2043 eo
802 1983 927 2053 redierit,
948 1992 990 2053 ut,
1003 1983 1028 2040 si
1049 1981 1098 2060 qui
1111 1979 1201 2039 semel
1214 1979 1345 2041 frontem

250 2073 449 2153 perfriouerint
462 2086 491 2137 et
505 2087 605 2156 aperte
618 2075 694 2134 salsa
714 2076 862 2134 testificari
876 2074 940 2133 ausi
954 2073 1069 2143 fuerint,
1083 2070 1166 2132 nullu
1182 2073 1281 2134 sutura
1302 2076 1346 2135 sit

249 2166 380 2226 tentatis
393 2168 511 2240 utilitas,
525 2167 645 2245 indigns
656 2187 703 2226 res
716 2168 780 2226 erit.

294 2260 341 2317 12.
363 2255 531 2319 mehercule
550 2259 610 2330 mn
624 2267 694 2318 sunt
706 2258 801 2318 tales?
831 2259 894 2319 lmo
906 2270 1015 2319 norunt
1026 2269 1164 2333 vestrum,
1178 2269 1213 2320 ut
1228 2253 1344 2340 opinor,

251 2349 336 2411 multi
349 2361 379 2411 et
390 2350 549 2410 Diotimum
565 2361 595 2410 et
607 2350 820 2411 Archebiadem
832 2363 864 2412 et
878 2353 1084 2412 Cboeretimum
1097 2353 1236 2412 incanum
1247 2353 1345 2426 illum,

250 2441 301 2522 qui
321 2462 388 2505 cum
401 2443 523 2504 interdiu
537 2443 843 2524 frontem'corrugent,
861 2453 892 2505 et
912 2436 1062 2505 Laconum
1080 2445 1238 2506 imitatores
1252 2445 1347 2506 videri

252 2535 350 2607 velint,
365 2547 395 2596 et
407 2538 539 2597 lacernas
553 2539 686 2609 induant,
698 2547 727 2598 et
741 2538 852 2619 simplis
867 2537 954 2598 soleis
967 2548 1097 2611 utantur,
1109 2548 1266 2618 postquam
1275 2558 1346 2599 con·

254 2631 366 2709 gregati
380 2641 448 2690 sunt
469 2640 499 2691 et
519 2634 593 2691 inter
614 2652 679 2691 sese
697 2628 929 2705 coiere‚'nullum
947 2631 1062 2691 sceleris
1083 2641 1113 2690 et
1130 2631 1235 2711 flagitii
1249 2652 1344 2710 genus

253 2725 489 2803 praetermittunt.
532 2725 662 2793 Quorum
682 2724 748 2783 haec
767 2724 925 2803 splendida·
936 2734 966 2784 et
982 2724 1138 2802 magnilica
1151 2725 1242 2784 rerba
1257 2735 1345 2785 sunt:

255 2817 306 2875 An
318 2834 377 2877 non
391 2816 456 2876 aliis
469 2816 516 2877 elii
529 2828 631 2876 mutua
642 2818 811 2877 testimonia
823 2817 975 2877 dicemus?
987 2817 1036 2876 An
1049 2836 1109 2877 non
1122 2816 1187 2876 hrec
1201 2817 1347 2878 sodalium

255 2909 453 2971 ctamicorum
466 2909 563 2970 officia
576 2909 759 2978 suntlQnid
769 2930 838 2971 vero
852 2929 940 2989 grave
951 2918 1053 2971 contra
1063 2919 1094 2969 te
1106 2907 1232 2969 afferet?
1244 2909 1348 2991 Vapu-

254 3002 314 3062 lare
327 3002 445 3081 quidam
460 3022 526 3061 eum
540 3022 572 3062 se
586 3002 693 3062 vidisse
707 3002 828 3062 dicent?
858 3022 913 3062 nos
931 3020 1001 3063 vero
1019 3011 1048 3064 oe
1061 3020 1179 3081 prorsus
1198 3022 1258 3062 non
1277 3004 1348 3064 atti·

256 3097 334 3175 giesc
346 3115 412 3155 eum
426 3096 653 3156 testificabimur.
691 3095 856 3175 spoliatum
871 3114 936 3154 esse
949 3094 1100 3155 restibus?
1120 3094 1150 3153 id
1163 3094 1231 3154 illos
1244 3095 1349 3157 fecisse

255 3190 363 3268 priores
378 3208 431 3247 noe
446 3189 660 3247 affirmabimus.
702 3189 868 3249 Consulum
880 3208 945 3248 esse
958 3185 1093 3247 labrum?
1114 3205 1169 3246 nos
1183 3198 1273 3266 caput
1291 3209 1345 3249 no·

254 3280 300 3341 bis
327 3293 378 3340 aut
405 3280 484 3340 aliud
511 3280 659 3360 quippiam
680 3299 747 3340 esse
770 3278 978 3339 comminutum
1002 3278 1254 3359 dicemus—Ego
1276 3300 1347 3340 vero

257 3374 387 3433 medicos
412 3382 502 3431 testes
524 3374 657 3433 exhibeo.
700 3374 736 3433 Id
749 3374 829 3452 quod
842 3372 1038 3445 illi,Judioes,
1053 3390 1115 3432 non
1125 3371 1246 3434 habent.
1287 3374 1348 3432 Ex·

152 3502 161 3522 .
257 3465 350 3545 ceptis
363 3464 438 3523 enim
450 3465 483 3525 iis
496 3484 562 3543 quae
574 3465 630 3544 ipsi
644 3465 718 3525 inter
732 3485 765 3529 ee
779 3467 944 3539 conserunt,
957 3464 1067 3525 nullius
1080 3463 1166 3524 testis
1178 3475 1280 3526 eontm
1290 3486 1347 3528 nos

257 3558 370 3638 copiam
396 3566 465 3617 eunt
487 3557 633 3618 habituri:
654 3568 764 3637 quanta
776 3579 846 3621 vero
865 3578 967 3619 eorum
981 3559 1020 3618 sit
1034 3568 1065 3617 et
1079 3557 1179 3635 qualis
1201 3559 1239 3618 ad
1259 3578 1346 3619 omne

257 3650 372 3711 facinus
388 3650 525 3722 audacia,
539 3649 674 3729 equidem
696 3650 736 3710 ita
759 3671 806 3711 me
829 3650 869 3711 dii
890 3660 1000 3721 ament,
1024 3650 1121 3711 dicere
1138 3670 1261 3730 nequeo.
1305 3650 1349 3710 Ut

258 3755 357 3805 autem
367 3743 473 3815 sciatis,
484 3743 583 3823 qualia
596 3744 725 3805 facinora
738 3745 849 3822 passim
862 3744 1030 3823 designent,
1038 3745 1129 3805 recita
1141 3743 1207 3805 hee
1219 3744 1348 3804 testimo-

258 3836 318 3909 nia,
331 3846 364 3897 tu
376 3854 444 3895 vero
459 3836 530 3896 siste
543 3855 659 3915 aquam.

679 4054 952 4116 TESTIMONIA.

258 4198 335 4259 Cum
349 4196 438 4277 igitur
452 4194 576 4274 parietes
596 4196 761 4277 perfodient
777 4208 809 4258 et
826 4198 857 4257 in
870 4197 971 4276 obvios
985 4208 1166 4279 grassentur,
1179 4217 1248 4259 num
1265 4194 1350 4257 dubi·

257 4302 344 4361 taturi
357 4298 440 4361 vobis
454 4298 590 4359 videntur
603 4309 734 4361 mutuum
745 4302 775 4361 in
788 4302 929 4364 tabellula
938 4303 1117 4382 perscribere
1130 4299 1350 4365 testimouium!

259 4408 329 4451 num
352 4388 470 4454 atanto
489 4399 519 4451 et
537 4390 589 4451 tali
610 4392 678 4453 odio
691 4402 722 4455 et
734 4393 917 4473 improbitate
940 4404 971 4455 et
993 4394 1227 4475 impudentiaet
1246 4400 1351 4455 contu·
