2967 4950
241 242 308 341 rs·
597 280 641 339 ru
663 229 996 341 crnsrpnournin.
1052 321 1057 330 .

240 434 331 494 dicari
342 458 351 504 ;
361 434 495 494 'alteram
507 443 604 493 autem
620 435 719 494 dicent
732 453 800 493 esse
814 435 909 511 legem
923 433 991 492 huic
1007 435 1195 508 contrariam,
1209 453 1276 512 quae
1295 455 1346 497 co·
1355 439 1367 508 '‚

239 535 321 586 ronse
348 526 588 606 pradicationem
608 526 639 583 in
659 525 775 584 theatro
797 525 940 604 tragoedis
964 525 1080 585 fabulas
1109 527 1265 604 agentibus
1286 511 1366 587 fieri¹

238 619 389 696 permittit,
402 619 491 678 modo
511 618 542 676 id
560 618 680 676 sciverit
691 618 829 698 populus.
856 617 904 676 Ex
920 617 976 676 hac
997 617 1086 696 igitur
1099 617 1165 696 lege
1179 618 1281 678 dicent
1294 620 1347 678 dc-

239 723 352 771 cretum
366 712 468 771 tulisse
476 710 719 788 Ctesiphontem.
1245 765 1247 768 .

282 805 326 862 16.
351 804 418 882 Ego
432 823 501 863 vero
514 803 656 863 adversus
669 803 793 862 istorum
807 801 958 882 captiones
979 801 1061 880 leges
1080 810 1193 862 vestras
1206 812 1346 880 patronas

240 897 401 968 advocabo,
410 896 491 974 quod
506 895 576 953 mihi
590 914 643 974 per
657 905 751 956 totam
761 896 880 974 quidem
886 895 1111 956 xaccusationem
1123 915 1238 954 summo
1247 895 1345 953 studio

240 997 296 1048 est.
331 988 408 1047 Nam
425 988 458 1046 si'
471 989 529 1048 hoc
550 1008 651 1048 verum
665 998 721 1058 est,
742 989 767 1046 si
782 987 849 1048 talis
862 989 892 1046 in
906 987 1118 1068 rempublicam
1132 999 1260 1047 vestram
1273 1006 1343 1047 con·

241 1081 369 1140 suetudo
387 1077 512 1160 iriepsit‚
526 1091 560 1139 ut
573 1081 657 1160 leges
671 1080 760 1139 irritis
774 1079 849 1140 inter
865 1091 943 1140 ratas
958 1080 1018 1140 sint
1031 1080 1197 1160 adscriptae,
1217 1088 1248 1139 et
1268 1080 1342 1140 binae

242 1173 283 1253 de
293 1174 396 1232 eadem
415 1194 447 1234 re
460 1175 536 1234 inter
548 1193 581 1234 se
602 1183 780 1253 pugnantes,
793 1173 910 1252 qualem
923 1174 1044 1245 taudem
1056 1193 1121 1232 eam
1140 1173 1222 1234 dicat
1242 1171 1342 1251 aliquis

240 1283 307 1323 esse
320 1254 541 1344 rempublicam,
554 1266 585 1323 in
597 1266 747 1344 qua'leges
758 1265 861 1324 eadem
872 1265 970 1324 lacere
980 1274 1011 1323 ct
1020 1271 1081 1324 nnn
1091 1265 1187 1324 facere
1196 1265 1341 1342 jubeant?

239 1357 352 1418 Verum
365 1359 424 1418 ista
437 1379 498 1420 non
518 1359 561 1419 ita
581 1379 613 1419 se
632 1359 760 1427 hubent;
783 1368 813 1419 et
832 1358 962 1418 absit'ut
980 1378 1032 1420 vos
1047 1377 1177 1437 unquam
1192 1357 1232 1416 ad
1254 1358 1351 1433 talem,

238 1451 339 1530 legum
351 1453 554 1512 confusionem
576 1452 781 1533 prolabamini,
797 1441 894 1530 nequ's'
904 1451 970 1510 haec
984 1460 1055 1510 sunt
1072 1450 1275 1528 alagislatore
1293 1451 1340 1530 qui

237 1545 378 1623 populare
398 1532 720 1622 imperium'constituit
736 1543 882 1622 neglecta,
891 1544 967 1622 'quin
982 1543 1089 1602 diserta
1100 1543 1288 1621 imperatum.
1299 1552 1341 1601 est

237 1636 489 1717 thesmuthetis‘ut
501 1635 584 1715 leges
596 1635 753 1714 quotannis
768 1635 798 1694 in
811 1635 921 1714 populo
935 1637 1093 1716 corrigant,
1108 1655 1175 1694 cum
1186 1635 1349 1714 diligenter
1370 1635 1374 1650 '

238 1721 450 1805 inq'uisiy'erint,
459 1736 490 1787 et
500 1729 699 1799 considerent,
713 1738 812 1786 utrum
826 1727 874 1785 lex
885 1726 966 1785 alteri
977 1727 1036 1805 legi
1044 1728 1189 1787 contraria
1200 1726 1340 1799 obtineat,

239 1828 292 1880 aut
307 1819 387 1879 irrita
405 1820 481 1878 inter
498 1818 588 1890 ratas,
602 1819 766 1879 aut'sicnbi
785 1819 953 1898 plusquam
968 1839 1028 1879 una
1047 1814 1086 1880 sit
1105 1819 1142 1879 dc
1164 1819 1296 1897 qualibet
1312 1839 1341 1878 re

237 1914 420 1992 perscripta:
442 1911 563 1991 quodsi
583 1913 656 1991 quid
668 1910 838 1990 hujusmodi
860 1911 1114 1988 deprehenderint,
1134 1913 1221 1991 jubet
1240 1932 1291 1971 eas
1312 1911 1340 1970 in

238 2005 346 2064 tabulis
373 2004 535 2084 descriptas
561 2023 615 2082 pro
635 2024 667 2062 x.
689 2004 811 2062 heroum
835 2003 939 2062 statuis
960 2005 1094 2083 proponi,
1114 2014 1253 2083 prytanes
1274 2023 1340 2063 vero

139 2140 154 2184 ι.
240 2096 411 2156 concionem
424 2095 543 2167 habere,
552 2097 755 2174 programmcti
767 2115 815 2154 suo
826 2095 936 2152 titulum
949 2097 1127 2156 nomothetis
1138 2095 1338 2166 inscribentes,

188 2203 193 2215 ⁸
240 2198 303 2248 tum
321 2188 481 2269 praesidum
491 2175 665 2268 praelectum
680 2189 822 2268 populum
842 2189 875 2248 in
899 2187 1039 2268 suffragia
1057 2189 1182 2256 mittere,
1207 2199 1238 2262 et
1259 2189 1338 2266 leges

237 2283 309 2342 alias
322 2285 474 2361 abrogare,
484 2282 557 2341 alias
571 2282 706 2355 retinere,
720 2291 755 2340 ut
766 2299 828 2340 una
839 2280 877 2339 sit
890 2281 950 2354 lex,
961 2299 1020 2340 non
1033 2280 1142 2358 plures,
1153 2279 1192 2339 de
1206 2298 1337 2358 unaqua-

238 2373 294 2453 qu'e
307 2395 349 2435 re.
382 2375 491 2434 Recita
505 2373 577 2433 mibi
589 2374 682 2453 leges.

709 2590 850 2651 LEGES.

238 2734 270 2793 Si
284 2733 370 2811 igitur
382 2745 575 2807 cessassent,
592 2730 796 2808 Athenienses,
810 2755 876 2821 quae
891 2737 929 2795 ab
941 2736 976 2795 iis
990 2711 1137 2808 dicuntur,
1158 2735 1286 2813 duaeque
1302 2736 1336 2794 de

235 2826 390 2906 praeconiis
400 2826 480 2905 leges
493 2828 685 2900 exstitissent,
700 2828 794 2899 aliter,
810 2828 922 2908 opinor,
941 2828 1004 2888 fieri
1017 2847 1077 2887 non
1090 2830 1245 2908 potuisset,
1268 2830 1335 2908 quin

137 2918 140 2924 ’
234 2939 255 2979 a
267 2920 470 2979 thesmuthetis
486 2922 676 3001 deprehensa
690 2922 822 2993 fuissent,
837 2932 868 2981 et
881 2942 899 2982 a
912 2922 1085 3003 prytanibus
1102 2924 1334 2987 nomothetarum

230 3012 344 3091 judicio
358 3013 483 3086 traditae,
498 3024 527 3073 et
542 3015 585 3073 sic
599 3014 693 3073 altera
705 3034 742 3073 ex
754 3015 870 3093 legibus
885 3004 1046 3089 tolleretur,
1062 3015 1108 3075 vel
1124 3035 1162 3075 ea
1177 3036 1245 3093 quae
1261 3037 1334 3095 prae·

146 3153 152 3169 ,
234 3104 351 3163 conium
369 3103 431 3162 fieri
443 3114 524 3163 extra
538 3108 686 3164 concionem
699 3106 892 3183 permitteret,
906 3107 954 3167 vel
968 3127 1004 3167 ea
1017 3128 1084 3186 quse
1098 3118 1220 3167 vetaret.
1260 3111 1334 3167 Cum
1413 3167 1416 3177 ,

233 3207 331 3257 autem
346 3196 418 3256 nihil
432 3198 490 3256 tale
503 3198 613 3258 factum
624 3199 674 3265 sit,
690 3181 791 3275 aperte
803 3199 936 3257 nimirum
950 3208 1077 3271 constat,
1088 3218 1139 3257 eos
1151 3218 1212 3257 non
1220 3211 1334 3261 tanturn

232 3310 300 3367 quse
318 3309 387 3349 vera
406 3309 466 3349 non
484 3290 544 3349 sint
562 3290 717 3357 affirmare,
734 3288 889 3347 sedetiam
912 3310 985 3368 quaes
998 3310 1037 3349 ne
1054 3289 1115 3349 fieri
1136 3290 1257 3367 quidem
1277 3295 1334 3353 ullo

232 3379 456 3460 modopos'sint.
1014 3390 1022 3413 ‘

275 3476 323 3534 17.
344 3474 454 3559 Verum
469 3474 547 3533 unde
567 3475 624 3534 hoc
645 3474 830 3535 mendacium
852 3475 992 3549 eruerint,
1013 3494 1071 3553 ego
1088 3494 1141 3535 vos
1161 3476 1288 3551 docebo,
1309 3480 1333 3539 si

231 3566 312 3646 prius
326 3566 399 3644 quas
413 3567 451 3624 ob
465 3564 572 3625 causas
586 3568 668 3645 leges
689 3569 726 3627 de
739 3566 894 3647 praeconiis
909 3567 1098 3628 theatralibus
1118 3568 1187 3627 lata
1210 3562 1272 3630 'sint
1284 3592 1332 3631 ex·

230 3678 367 3738 posuero.
397 3655 480 3717 Cum'
487 3657 550 3717 ludi
565 3655 669 3737 tra'gici
682 3660 786 3719 urbani
801 3660 913 3733 fierent,
926 3659 983 3731 alii,
998 3680 1029 3719 re
1042 3681 1060 3720 a
1073 3660 1185 3740 populo
1200 3682 1262 3721 non
1280 3664 1332 3722 im·

161 3749 166 3756 “
230 3759 355 3832 patrata,
369 3752 589 3829 praedicandum
603 3754 748 3811 curabant
758 3772 788 3812 se
803 3771 912 3811 corona
925 3753 1028 3812 donari
1040 3772 1058 3813 a
1072 3753 1239 3825 tribulibus,
1254 3755 1301 3815 alii
1316 3776 1334 3815 a

230 3844 432 3924 popularibus,
457 3844 593 3904 nonnulli
612 3846 700 3904 etiam
720 3846 836 3905 silentio
856 3864 907 3924 per
933 3863 1100 3924 praeconem
1125 3846 1206 3905 facto
1234 3866 1332 3908 servos

230 3958 301 4009 suos
320 3935 452 3997 libertate
467 3937 626 4010 donabant,
641 3936 822 4015 Graecosque
836 3938 1071 3998 manumissionis
1084 3938 1162 3997 illius
1177 3948 1270 3998 testes
1283 3940 1332 4005 ad2

229 4030 387 4089 bibebant:
409 4039 440 4088 et
452 4031 533 4107 qnod
548 4030 677 4089 omnium
691 4041 754 4089 erat
767 4028 1034 4104 invidiosissimum,
1048 4030 1166 4108 quidam
1179 4032 1263 4111 apud
1281 4052 1330 4091 ex·

229 4131 307 4182 teras
321 4122 453 4181 civitates
466 4121 593 4202 hospitia
606 4124 758 4183 consecuti
778 4124 965 4202 perfecerunt
983 4133 1017 4183 ut
1038 4122 1218 4202 praeconiurn
1238 4125 1327 4197 fieret,

231 4233 263 4271 se
277 4232 296 4271 a
308 4214 429 4292 populo,
441 4224 514 4293 puta
527 4215 652 4275 fortasse
664 4215 782 4275 Rhodio
793 4215 838 4275 vel
853 4216 928 4275 Chio
942 4216 989 4275 vel
999 4216 1058 4275 alio
1075 4234 1260 4294 quocunque,
1274 4216 1328 4274 vir·

232 4304 303 4362 tutis
321 4324 393 4383 ergo
406 4315 437 4364 et
448 4306 633 4379 fortitudinis,
649 4326 758 4367 corona
770 4306 881 4367 donari.
917 4304 1012 4387 Atque
1033 4309 1098 4367 haec
1119 4328 1178 4367 non
1200 4309 1242 4367 itu
1260 4328 1328 4387 age·

230 4393 312 4466 bant,
325 4399 472 4473 quomodo
484 4400 503 4457 ii
518 4398 567 4477 qui
580 4418 599 4458 a
612 4409 715 4459 senatu
729 4410 826 4461 vestro
841 4402 887 4462 vel
902 4422 921 4462 a
933 4402 1045 4483 populo
1059 4410 1244 4475 coronantur,
1258 4420 1288 4460 re
1310 4422 1327 4460 a
