2967 4950
441 328 664 395 ADVERSUS
685 332 995 397 mactatarum.
1058 398 1062 407 ,
1207 344 1269 403 ota

163 482 336 561 inertiores.
355 502 448 563 quam
463 488 578 567 nepotis
592 507 609 547 e
623 487 827 563 iratre‘hiium,
838 500 872 552 et
884 510 952 551 eum
963 491 1017 573 qui
1027 500 1126 553 estex
1141 494 1201 557 ahia
1220 496 1266 557 is·

167 574 251 635 mdis.
294 577 341 637 Ac
353 577 544 660 Theopompo
554 580 633 642 filius
647 582 850 644 Macartatus:
876 584 1033 647 Eubulidas
1044 595 1146 647 autem
1156 587 1267 669 Phylo-

166 669 279 731 mune
294 670 367 749 filio,
385 671 436 751 qni
457 686 595 753 respectu
616 675 709 754 patris
731 672 863 755 Philagri
885 673 1015 757 Hagnioe
1035 679 1176 758 patrueii's
1200 682 1267 755 init,

165 780 235 841 puer
253 762 304 823 hic
327 774 415 824 natus
433 775 488 840 est,
502 766 630 846 Hagnioe
649 768 824 847 conjunctus
847 769 978 831 attilius
999 770 1138 849 patmeiir
1156 773 1266 846 fratris,
1354 771 1358 779 ’

166 857 302 934 qouniam
315 855 527 936 Ph'yloruaohe,
541 872 634 921 mater
648 860 817 934 Eubulidas,
830 870 861 921 et
873 861 1008 935 Polemo,
1026 874 1112 943 pater
1129 864 1267 944 Hagniae,

166 949 271 1009 matres
291 948 412 1011 fuerunt
432 954 564 1031 germani
584 955 741 1015 etuterini.
784 954 952 1017 Macartato
964 968 1073 1030 autem,
1087 958 1147 1020 filio
1168 960 1266 1021 Theo·

169 1042 276 1122 pompi,
288 1043 500 1123 nihil·genitunr
510 1056 567 1119 est,
581 1048 662 1126 quod
676 1047 714 1107 sit
727 1048 759 1106 in
770 1047 881 1108 ismilia
893 1048 984 1129 hujus
994 1061 1025 1110 et
1038 1052 1166 1113 Stratii..
1196 1103 1200 1109 .

209 1138 237 1194 9.
257 1138 333 1203 Quae
346 1158 414 1199 cunr
427 1138 470 1199 ita
484 1140 552 1211 sint,
566 1158 657 1220 puero
676 1139 746 1201 huic
764 1160 874 1201 nomen
892 1151 939 1201 est
960 1159 1000 1201 ex
1022 1161 1123 1203 eorum
1145 1163 1268 1209 nurnero

166 1231 363 1309 qusregrbus
372 1234 523 1312 jubentur,
537 1243 567 1294 et
580 1245 725 1313 quatenus
745 1235 793 1295 lex
811 1234 1060 1315 propinquitatem
1080 1238 1201 1299 extendi
1218 1240 1268 1320 jo·

166 1322 227 1382 het:
248 1326 417 1385 consobrini
437 1326 515 1386 enim
535 1326 664 1406 Huguioe
680 1326 759 1386 filius
772 1336 828 1399 est,
841 1335 923 1407 pater
935 1325 1014 1389 enim
1027 1328 1090 1407 ejus
1105 1330 1267 1391 Eubulides'

163 1417 358 1477 consobrinus
375 1417 433 1477 tuit
455 1418 593 1498 Hagniss,
611 1420 697 1499 cujus
717 1428 765 1479 est
782 1418 952 1480 haereditas.
992 1423 1037 1481 At
1049 1420 1268 1502 Theopompus,

164 1510 598 1588 pertractationum&
614 1532 723 1573 nornen
740 1512 808 1591 lege
825 1513 971 1573 sancitum
988 1513 1139 1593 imponere
1153 1516 1267 1594 potuis·

164 1612 227 1662 set:
247 1622 286 1663 ex
299 1604 360 1665 alia
369 1605 449 1664 enim
461 1604 518 1665 fuit
526 1604 675 1667 Shahana
687 1605 808 1665 semiim.
847 1605 954 1685 Neque
967 1626 1037 1667 vero
1050 1608 1198 1682 convomit,
1210 1609 1267 1669 Jo-

163 1694 254 1767 dices,
269 1706 305 1757 ut
317 1700 473 1778 quisquam
484 1698 662 1772 mortalium,
676 1697 726 1777 qui
741 1699 779 1759 rit
791 1718 829 1759 ex
838 1697 1023 1771 aliahmdia,
1037 1700 1163 1781 Hagniae
1172 1702 1267 1762 hisra-

163 1789 285 1852 ditatern
301 1793 417 1866 hebeat,
428 1794 500 1853 dum
514 1794 618 1873 aliquis
634 1792 814 1874 superfuerit
830 1795 862 1855 in
877 1794 1037 1875 Hagniana
1048 1796 1158 1857 familia
1169 1808 1269 1872 natur,
1325 1808 1331 1815 '

163 1892 213 1942 aut
223 1884 253 1942 vi
268 1904 437 1963 quenquam
450 1885 518 1946 inde
528 1885 634 1965 ejiciat,
649 1885 680 1944 id
693 1886 774 1965 quod
789 1886 837 1946 isti
849 1896 953 1965 agunt,
964 1907 1032 1948 cum
1046 1888 1105 1949 sint
1115 1899 1267 1969 etgenera

165 1978 335 2038 remotiores
352 1988 389 2037 'et
403 1998 464 2038 non
481 1978 512 2038 in
534 1978 637 2038 eadem
657 1978 786 2040 familia:
805 1980 863 2039 hoc
876 1979 953 2039 enim
974 1979 1047 2040 illud
1065 1990 1121 2054 est,
1134 1983 1153 2042 J
1157 1982 1266 2059 udices,

163 2089 221 2149 quo
234 2070 453 2151 Theopompus,
468 2071 624 2131 Macartati
637 2080 730 2151 pater,
739 2072 837 2131 fucum
848 2072 1001 2151 judicibus
1015 2073 1094 2134 fecit.
1137 2074 1265 2142 Quinam

162 2161 250 2241 igitur
273 2164 409 2224 restant?
442 2164 503 2233 Qui
525 2164 624 2225 adhuc
645 2164 704 2224 sint
726 2164 756 2224 in
776 2166 904 2246 lingniis
925 2164 1046 2237 familia,
1067 2165 1266 2246 Phyiomache
1351 2240 1355 2249 Ι

161 2274 235 2315 uxor
248 2274 326 2329 mea,
340 2257 496 2317 Eubulida
510 2267 607 2317 autem
622 2256 683 2317 filia
695 2258 836 2336 patruelis
850 2258 988 2337 Hagnioe,
1002 2268 1034 2318 et
1053 2257 1102 2318 hic
1121 2278 1205 2339 puer,
1220 2260 1266 2319 in·

162 2350 318 2411 troductus
339 2352 417 2412 iilius
440 2350 469 2411 in
483 2350 628 2411 'familiam
653 2348 860 2411 Eubulidoeam
880 2362 911 2411 et
932 2350 1132 2430 Hagnianam.
1171 2352 1267 2437 Theos

161 2460 287 2523 pompus
298 2453 405 2517 autem,
422 2444 579 2505 Macartati
593 2453 686 2524 pater,
701 2462 769 2504 cum
783 2463 819 2505 ex
834 2442 960 2523 Hagniae
974 2439 1089 2505 familia
1100 2463 1160 2505 non
1174 2457 1265 2518 esset,

162 2535 274 2616 ingenti
287 2537 443 2598 mendacio
454 2538 571 2618 decepit
582 2537 705 2597 Judices
715 2546 747 2597 et
759 2537 796 2596 de
812 2536 1024 2617 Phylomacha,
1038 2538 1206 2599 Polemonis
1216 2560 1266 2603 so-

162 2647 236 2703 rore,
256 2630 349 2690 amita
368 2630 504 2710 Hagniae,
523 2650 610 2709 quarn
626 2639 750 2710 negaret
769 2649 833 2690 esse
852 2628 1033 2703 Polemonis,
1055 2631 1182 2711 Haghie
1198 2631 1263 2710 iiiii,

163 2741 332 2801 germanam
346 2733 376 2782 et
400 2723 540 2783 uterinam
562 2743 708 2791 sororemr
731 2733 761 2783 et
781 2739 893 2793 rursus,
916 2741 983 2781 cum
998 2722 1126 2802 jactaret
1144 2744 1178 2784 se
1199 2743 1266 2785 essa

163 2813 289 2894 Hagniee
311 2815 460 2894 gentilem,
475 2819 525 2896 qui
545 2833 697 2897 nunquam
715 2815 780 2875 fuit.
823 2814 900 2874 Haec
913 2833 983 2874 vero
996 2814 1204 2898 Theopompus
1217 2834 1264 2878 se·
1343 2883 1346 2889 ,

144 2916 147 2922 ’
163 2915 232 2966 cure
246 2907 347 2967 omnis
358 2906 491 2981 dicebat,
501 2907 582 2967 nullo
597 2907 714 2988 quidem
729 2915 804 2966 teste
823 2905 963 2974 adhibito.
977 2906 1028 2984 qui
1042 2908 1126 2966 nobis
1144 2907 1175 2966 in
1185 2907 1267 2988 judis

164 2999 209 3058 cio
229 3000 374 3060 rationem
397 3001 551 3062 redderet:
573 3001 627 3062 sed
648 2999 728 3080 quod
750 3017 921 3060 assensores
938 2998 1069 3058 habehat
1088 2999 1193 3072 socios,
1214 3001 1264 3080 qui

167 3101 280 3152 mutuas
303 3091 459 3153 tradebant
478 3112 593 3174 operae,
614 3104 702 3173 atque
724 3091 799 3151 adeo
823 3091 970 3152 cummuni
993 3091 1116 3152 consilio
1136 3092 1265 3172 agebant

167 3185 270 3258 omnia,
285 3198 320 3246 ut
332 3186 476 3266 eriperent
489 3207 508 3247 a
521 3187 643 3248 muliere
654 3186 742 3266 hujus
753 3185 836 3265 pueri
849 3193 942 3244 matre
954 3183 1164 3259 hereditatem,
1175 3204 1263 3264 quam

164 3279 190 3340 ei
202 3301 255 3342 vos
270 3280 478 3342 decreveratis.

205 3375 250 3433 10.
273 3373 353 3436 Volo
373 3371 472 3453 igitur,
492 3371 624 3445 Judices,
647 3391 748 3434 eorum
767 3389 835 3450 quse
854 3369 913 3429 dixi
936 3368 1016 3449 apud
1029 3389 1082 3430 vos
1098 3371 1263 3454 testimonia

160 3468 301 3546 proferre,
311 3476 345 3526 ut
353 3476 478 3537 constet,
490 3466 614 3546 primum
625 3464 748 3526 evicisse
757 3463 959 3524 hoereditatem
970 3463 1097 3542 Hagniee
1107 3465 1263 3525 Eubulidas

161 3557 249 3620 fiHam
272 3557 516 3639 Phylomacham‚
531 3577 638 3639 genere
658 3558 834 3638 proximam,
847 3567 916 3638 post
935 3556 972 3616 de
990 3555 1104 3617 caeteris
1117 3556 1263 3618 omnibus.

163 3647 242 3731 Lege
256 3650 477 3712 testimonium.-

550 3804 865 3866 TESTIMONIUM.

191 3926 321 3991 Testantnr
331 3937 358 3972 re
369 3923 464 3972 affuisse
470 3925 532 3986 apud
538 3923 649 3971 arbitrum
656 3922 804 3985 Nicophemo
815 3926 925 3983 pretore,
930 3935 982 3968 oum
990 3920 1090 3969 evicerit
1095 3921 1264 3984 Phylomaehe,

161 4000 286 4048 Eubulidas
297 4000 353 4057 filis,
365 4001 523 4048 hereditatem
534 4001 635 4062 Hagoira
647 4008 727 4050 centn
739 4014 820 4047 omnes
831 3999 871 4060 qai
880 3997 903 4044 ei
913 3998 1094 4046 conuoversiam
1105 4000 1228 4049 faciehant.

160 4113 203 4174 Ac
226 4115 348 4174 evicisse
362 4112 605 4196 Phylomacham,
620 4113 776 4174 Eubulidas
790 4113 890 4187 tiliam,
904 4114 1107 4177 hereditatem
1121 4117 1260 4196 Hagnire,

161 4207 295 4282 audistis,
310 4205 450 4278 iudicesr
474 4209 562 4270 evicit
579 4219 677 4270 autem
692 4208 775 4268 anilo
789 4208 922 4288 improbo
937 4219 1046 4270 conatu
1059 4219 1112 4270 aut
1125 4215 1261 4288 conjura·

158 4300 249 4376 tione,
261 4301 314 4360 sed
326 4321 394 4361 uum
405 4322 470 4373 nos,
482 4323 570 4384 quam
580 4301 642 4380 fieri
647 4300 810 4382 justissime
822 4311 931 4385 potest,
944 4303 1183 4378 ostendissemus,
1194 4308 1261 4366 eam

160 4413 225 4470 csse
238 4414 348 4476 genere
362 4395 524 4475 proximam
538 4395 675 4476 Hagnae,
689 4395 774 4476 cujus
786 4405 834 4456 est
845 4395 1014 4470 haereditas,
1027 4395 1135 4477 quippe
1146 4418 1213 4477 qure
1223 4400 1263 4460 rit

161 4487 299 4564 patruelis
320 4487 390 4562 filia,
409 4498 440 4548 et
455 4509 472 4548 e
489 4487 598 4550 familia
613 4488 751 4584 Hagnise.
794 4488 825 4548 Si
842 4487 1024 4550 Macartatus
1037 4489 1127 4569 igitur
1145 4490 1265 4564 dinerit,
1387 4575 1394 4587 ι
