2967 4950
231 290 275 347 72.
582 289 628 358 tlt
654 286 989 352 CTESIPHONTEM.

228 439 300 509 dum
312 460 459 521 quemque
478 451 606 508 vestrum
619 445 744 523 puderet
762 447 918 512 stationem
931 447 962 506 in
974 446 1054 508 bello
1071 445 1126 506 sibi
1145 445 1329 526 asslgumem

227 531 372 604 deserere,
386 534 429 594 ita
443 535 531 599 etism
548 555 629 598 nunc
642 537 804 617 pudeatub
826 558 863 599 ec
881 539 948 600 loco
967 540 1105 620 migrare,
1121 538 1227 618 inquo
1247 559 1266 600 a
1285 539 1328 598 le-

228 623 316 704 mom
332 626 469 710 collocati
489 628 560 690 estis
577 629 783 691 dominationis
797 630 946 710 popularis
963 631 1107 692 custodes
1123 631 1268 692 hodierno
1281 629 1329 690 die

228 717 383 777 constituti.
843 726 853 754 s

221 854 223 858 .
268 813 299 868 4.
319 810 397 870 Illud
408 811 495 872 etiam
507 812 876 882 memoriaesttenendum,
888 811 1039 874 uniuersos
1050 814 1129 875 cives
1139 815 1210 894 reip.
1220 822 1329 877 statum

228 910 317 980 atque
331 905 461 980 regimen
473 914 579 964 vestrm
594 925 675 965 nunc
688 905 757 964 fidei
771 907 964 983 commisisse,
977 926 1101 986 quorum
1115 905 1166 968 alii
1178 905 1328 987 hodierum

228 993 377 1053 intersunt
388 1013 498 1066 cuusae,
516 995 564 1056 ulii
578 1016 646 1056 vero
663 999 772 1073 absunt
785 999 847 1058 suis
868 998 1005 1078 occupati
1023 998 1165 1078 negotiis:
1186 1018 1263 1077 quos
1282 1018 1329 1058 rc·

227 1085 322 1155 veriti,
342 1095 373 1145 et
386 1087 588 1166 jurisjurandi,
614 1108 675 1167 quo
693 1087 827 1151 obstricti
845 1092 928 1161 estis,
946 1089 1104 1170 legumque
1122 1109 1279 1161 memores,
1303 1089 1329 1150 si

229 1178 454 1257 Ctesiphontem
475 1181 691 1242 convicerimus
718 1192 750 1241 et
769 1176 886 1261 legibus
906 1184 1082 1244 contrarium
1105 1183 1275 1263 falsumque
1300 1193 1329 1244 et

227 1270 337 1350 civitati
350 1272 570 1344 incommodum
578 1267 729 1335 decretum
742 1276 964 1354 conscripsisse,
979 1276 1108 1348 evertite,
1119 1276 1328 1350 Athenienses,

228 1362 329 1443 iniquo
341 1367 501 1445 proposita,
516 1365 745 1426 dominationem
759 1367 930 1446 popularem
949 1368 1061 1448 civitoti
1081 1369 1220 1442 stabilite,
1236 1369 1275 1430 de
1294 1371 1328 1429 iis

228 1457 316 1538 quiin
325 1460 457 1539 gerenda
465 1480 525 1540 rep.
540 1479 635 1538 neque
645 1460 761 1538 legibus
770 1481 863 1540 neque
875 1461 985 1522 civitati
998 1481 1094 1539 neque
1104 1463 1253 1522 communi
1267 1481 1328 1521 om·

228 1553 312 1618 nium
320 1564 448 1613 restrum
462 1553 580 1614 utilitati
600 1554 760 1616 consulunt
772 1575 874 1636 ponas
889 1553 1044 1616 desumite.
1067 1555 1154 1624 Quod
1169 1555 1194 1614 si
1207 1555 1253 1614 bis
1268 1556 1328 1614 sui·

228 1643 285 1702 mis
302 1665 339 1704 ea
352 1665 418 1723 quse
431 1644 562 1705 dicturus
576 1665 641 1705 sum
661 1646 821 1719 audieritis,
839 1657 919 1710 certe
936 1647 995 1707 scio
1016 1643 1078 1705 vos'¹
1085 1656 1117 1706 et
1128 1646 1242 1726 justam
1264 1646 1329 1705 reli·

202 1748 206 1756 “
229 1735 400 1817 giosnmque
428 1747 459 1796 et
480 1738 563 1797 vobis
581 1737 807 1818 reipublicaeque
825 1738 979 1818 perutilem
1004 1738 1179 1800 senteutiam
1200 1758 1265 1798 esse
1286 1739 1331 1799 la·

229 1837 338 1888 turos..

239 1993 243 2003 Ι
270 1922 301 1978 5.
322 1920 419 1996 Aede
437 1921 574 1982 universa
586 1923 706 2003 quidem
721 1922 909 1984 accusatione
923 1923 994 1983 satis
1008 1921 1101 1982 multa
1113 1939 1159 1983 me
1177 1923 1331 2001 predam

229 2030 294 2072 csse
307 2013 446 2074 confido:
467 2014 506 2074 de
519 2014 635 2094 legibus
649 2024 758 2087 autem,
772 2033 839 2094 quic
858 2015 896 2075 ad
916 2028 968 2076 eos
989 2014 1138 2095 pertinent
1149 2014 1200 2094 qui
1212 2015 1331 2076 rationi·

228 2102 284 2165 bus
299 2103 457 2165 referendis
472 2116 543 2166 sunt
554 2107 683 2177 obnoxii,
696 2116 799 2168 contra
808 2127 883 2185 quas
898 2107 1048 2168 decretum
1063 2107 1246 2186 bocsorlpsit
1260 2108 1334 2167 Cte-

229 2195 346 2274 siphon,
359 2199 462 2277 paucis
472 2198 534 2277 jam
545 2199 628 2272 ,mihi
642 2219 708 2258 esse
723 2198 879 2258 dicendum
893 2199 1019 2258 videtur.
1055 2199 1261 2282 Superioribus
1277 2200 1332 2280 igi-

231 2297 277 2356 tur
290 2290 478 2368 temporibus,
496 2291 630 2350 nonnulli
644 2291 766 2352 summis
784 2291 814 2350 in
830 2291 934 2370 repub.
954 2291 1174 2370 magistratibus
1192 2292 1288 2352 functi
1302 2302 1333 2352 et

45 2347 73 2396 ⁶·
133 2409 137 2419 ·
231 2382 424 2461 vectigalibus
438 2382 571 2462 praefecti
586 2383 735 2455 curandis,
749 2383 857 2463 quique
875 2383 1020 2443 incorum
1039 2382 1162 2460 singulis
1180 2385 1333 2458 sordidum

229 2484 378 2553 quaestum
391 2477 531 2548 frement,
546 2478 741 2556 adjungendis
759 2477 814 2539 sibi
835 2487 896 2537 tum
911 2496 929 2535 a
942 2486 1046 2537 senatu
1061 2487 1123 2537 tum
1137 2496 1155 2537 a
1169 2477 1256 2556 plebe
1267 2498 1333 2539 ora·

228 2568 351 2641 toruus,
378 2569 524 2629 rationum
543 2568 762 2630 referendarum
778 2569 891 2649 judicia
911 2568 1047 2629 leudibus
1071 2581 1102 2630 ct
1124 2569 1278 2648 praeconiis
1297 2590 1336 2629 ex

229 2657 389 2737 longinquo
398 2662 631 2732 antevertebant,
638 2662 685 2721 ita
693 2672 727 2721 ut
736 2662 767 2721 in
777 2661 1166 2740 rationibusmagistratuum
1176 2661 1334 2723 reddendis

230 2761 431 2825 accusatores,
456 2752 608 2831 multoque
631 2754 719 2813 etiam
738 2754 832 2832 magis
845 2748 983 2832 judices,
1004 2754 1035 2813 iu
1056 2754 1197 2813 monimus
1222 2754 1334 2815 redacti

229 2858 313 2906 eraut
325 2846 487 2924 angustias.
510 2846 598 2906 Multi
608 2846 687 2907 enim
694 2866 796 2907 corum
809 2847 859 2925 qui
872 2848 998 2907 rationes
1011 2846 1136 2907 reddere
1144 2848 1334 2923 tenebantur,

230 2956 299 3016 cum
312 2939 495 3017 apertissime
508 2939 661 3019 peculatus
674 2950 875 3019 arguerentur,
891 2960 907 2999 e
916 2938 1036 3019 judiciis
1053 2948 1151 2999 tomen
1169 2950 1332 3003 evaserunt.

232 3024 344 3109 Neque·
356 3029 388 3088 id
408 3050 481 3090 sune
496 3032 616 3091 mirum.
650 3030 789 3091 Pudebat
807 3031 918 3091 scilicet
932 3030 1105 3111 judices,iu
1126 3031 1232 3091 eadem
1252 3034 1336 3105 urbe,

230 3120 362 3182 fortassis
385 3122 474 3183 etiam
495 3122 598 3183 eodem
616 3141 705 3194 anno,
719 3123 812 3193 virum
826 3123 919 3191 illum,
942 3122 978 3183 de
991 3142 1050 3201 quo
1071 3142 1165 3203 nuper
1179 3122 1258 3183 ludis
1280 3144 1337 3203 pu·

229 3214 314 3275 blicis
328 3215 544 3294 prediceretur,
557 3234 625 3273 eum
636 3214 751 3275 virtutis
765 3234 836 3293 ergo
850 3225 880 3276 et
890 3214 1013 3295 justitiae
1026 3233 1115 3274 aurea
1125 3234 1237 3275 corona
1251 3235 1273 3275 a
1282 3234 1335 3295 po-

230 3308 301 3385 pulo
313 3307 433 3375 donari3
455 3326 524 3367 mox
542 3326 560 3367 e
571 3306 684 3385 judicio
695 3306 785 3369 rideri
799 3316 955 3370 exeuntem
970 3307 1146 3368 forticauso
1158 3308 1335 3387 repetundu-

230 3419 296 3459 rum
310 3400 492 3459 damnatum.
525 3399 629 3478 ltabue
642 3400 819 3462 seutentiam
840 3400 916 3459 serre
924 3398 1041 3480 judicos
1059 3396 1254 3479 cogebantur,
1276 3420 1336 3461 nou

230 3511 319 3571 quam
339 3491 486 3570 objectum
505 3492 617 3551 crimen
634 3492 808 3572 postularet,
829 3492 884 3553 sed
901 3511 962 3571 qua
979 3491 1085 3557 civium
1102 3490 1207 3570 pudori
1227 3512 1336 3553 consu·

231 3584 353 3645 leretur.
973 3640 974 3643 ,
1043 3646 1047 3650 .

271 3678 302 3736 6.
323 3677 401 3736 Haec
415 3696 482 3758 cum
495 3675 644 3755 legislator
656 3675 777 3755 quidam
790 3675 1053 3747 animadvertisset,
1068 3675 1166 3754 legem
1174 3676 1243 3736 tulit
1255 3696 1337 3737 eam·

230 3788 288 3849 que
299 3767 483 3847 praeclaram,
507 3789 574 3848 quse
586 3768 697 3829 diserte
716 3778 809 3840 vetat,
830 3789 867 3829 ne
882 3768 1074 3847 quitationes
1094 3768 1228 3828 nondum
1255 3780 1336 3830 retu·

230 3863 449 3937 leruntcorona
459 3862 616 3921 donentur.
648 3861 805 3929 Quocum
818 3882 837 3921 a
848 3861 1014 3940 legislatore
1029 3871 1092 3921 tam
1104 3861 1264 3940 prudenter
1277 3862 1338 3922 sint

230 3940 488 4036 provisussinvento
499 3964 597 4015 tamen
611 3954 748 4033 quoedam
762 3964 833 4015 sunt
849 3953 975 4033 aucupia
989 3955 1143 4015 verborum
1156 3952 1272 4031 legibus
1287 3972 1338 4013 su-

231 4048 356 4125 periora,
370 4061 494 4125 quorum
511 4047 568 4112 nisi
581 4047 653 4126 quis,
663 4046 810 4107 certiores
822 4038 876 4113 uos
896 4046 995 4118 faciat,
1009 4044 1208 4125 imprudentes
1226 4045 1337 4125 decipi·

232 4139 331 4199 cmini.
353 4139 465 4199 Eorum
484 4139 572 4209 euim,
584 4138 637 4216 qui
658 4138 771 4216 aliquos
785 4148 854 4199 ante
874 4138 983 4201 relatos
1005 4138 1133 4217 rationes
1153 4156 1264 4198 corona
1283 4138 1338 4197 do-

232 4231 349 4299 cendos
363 4241 466 4291 contra
478 4231 561 4310 leges
574 4240 706 4301 censent,
720 4230 854 4292 nonnulli
869 4244 975 4295 natura
992 4238 1062 4291 sunt
1074 4228 1213 4299 modesti,
1229 4231 1254 4291 si
1270 4230 1339 4309 quis

233 4321 321 4392 modo
331 4341 431 4395 eorum
444 4323 598 4398 modestus
605 4340 676 4390 ,esse
689 4332 789 4400 potest
802 4324 852 4401 qui
871 4324 991 4390 decreta
1004 4322 1137 4385 scribunt
1150 4322 1266 4401 legibus
1279 4322 1338 4391 ‚sd-

234 4426 338 4469 ucrsa:
359 4412 732 4486 sedtameuvelamentum
742 4415 893 4491 quoddam
903 4414 1252 4495 dodoni-pretendunt.
1276 4415 1338 4475 De-
