2967 4950
251 307 310 368 768
606 302 775 364 CONTRA
795 301 993 363 NEAERAM.

248 479 356 542 moque
372 457 563 541 jurejurando
584 458 665 532 dato,
686 478 756 520 eum
777 456 839 519 tale
860 469 976 538 tempus
991 466 1024 518 et
1043 456 1153 521 bellurn
1176 457 1345 540 reipublice

249 565 357 616 nosne
379 551 542 626 incidisset,
556 551 587 612 in
600 571 659 636 quo
673 551 698 643 si
712 549 894 625 vicissemus,
914 550 1048 614 mulmis
1068 549 1239 615 Gruterum
1259 556 1346 615 nubis

248 667 314 708 esse
338 645 456 717 licebat,
469 654 500 704 et
523 644 596 704 citra
616 643 843 713 controuersiam
866 653 929 704 tum
950 651 1053 702 nostra
1076 663 1257 723 recuperare,
1281 656 1345 708 turn
1459 690 1460 701 ,

247 738 415 819 Philippum
436 736 595 810 debellare,
608 735 653 796 sin
666 731 750 815 opem
770 735 900 814 segniter
917 734 1094 810 tulissemus,
1106 745 1137 795 et
1149 737 1247 796 socios
1260 737 1345 800 dese·

246 831 415 903 scissemus,
427 839 546 910 propter
563 829 688 907 inopiam
700 827 832 910 pecuniae
845 827 986 909 dissipato
998 825 1137 902 exercitu,
1149 830 1345 894 metuendum

241 933 337 998 esset,
350 944 388 984 ne
400 923 456 984 bos
468 923 677 993 amitteremus,
698 931 728 982 et
742 921 878 986 acetaria
887 919 1003 985 Grecis
1016 919 1147 1000 perfidias
1163 932 1344 995 notaremur,

245 1027 277 1078 et
295 1017 334 1076 de
355 1016 547 1095 reliquis-ut
566 1014 689 1087 Lemno,
702 1023 735 1072 ut
754 1013 863 1085 Imbro,
875 1022 911 1076 ut
924 1011 1026 1093 Scyro,
1037 1019 1072 1072 ut
1083 1011 1344 1075 Chersoneso-in
1459 1054 1460 1095 Ἰ

244 1108 408 1192 periculum
421 1107 594 1180 veniremus,
611 1124 737 1186 cumque
756 1125 819 1178 ros,
833 1105 966 1165 omnibus
978 1104 1090 1166 civibus
1109 1103 1234 1178 eductis,
1252 1124 1344 1187 expe-
1459 1098 1460 1167 3

244 1201 385 1264 ditionem
410 1210 441 1261 et
466 1199 505 1262 ad
529 1199 703 1281 Olynthum,
723 1209 753 1258 et
779 1198 811 1257 in
834 1197 978 1258 Euboeam
999 1196 1208 1273 instituissem,
1227 1200 1344 1285 scripsit
1459 1198 1460 1269 Ϊ

244 1292 395 1356 decretum
416 1294 447 1356 in
468 1302 572 1354 senatu
585 1291 784 1372 Apollodorus
800 1300 926 1365 senator,
942 1300 972 1351 et
989 1291 1279 1354 senatusconsultum
1301 1293 1344 1357 ad

197 1375 203 1388 ⁸
243 1387 386 1468 populum
400 1382 517 1456 'retulit¹
529 1393 564 1444 ut
587 1383 835 1464 ruffrsglalerret
853 1381 990 1463 populus,
1013 1381 1178 1462 placeretne
1197 1384 1343 1465 reliquero

241 1479 427 1560 vectigalium
441 1477 594 1557 pecuniam
607 1495 671 1537 esse
686 1475 848 1548 militarem,
862 1474 1099 1536 antbeatralem:
1118 1495 1186 1537 nam
1206 1488 1239 1536 et
1257 1478 1342 1558 leges

239 1574 392 1654 jubebunt,
404 1569 475 1630 belli
498 1569 678 1650 temporibus
701 1568 836 1648 reliquias
856 1567 1041 1646 vectigalium
1059 1587 1125 1628 esse
1143 1567 1297 1643 militares,
1311 1580 1343 1631 et

240 1684 332 1744 penes
350 1662 491 1743 populum
506 1682 572 1723 esse
584 1671 718 1742 oportere
732 1663 865 1742 putabet,
877 1669 911 1720 ot
932 1659 958 1720 is
980 1660 1018 1720 de
1039 1660 1099 1720 suis
1121 1680 1176 1722 suo
1197 1663 1342 1723 arbitratu

241 1765 393 1829 statueret,
406 1765 437 1817 et
444 1756 557 1836 jurarat
571 1774 603 1815 sa
615 1755 727 1834 optima
739 1773 893 1814 suasumm
906 1773 970 1814 esse
983 1753 1093 1834 populo
1103 1750 1340 1830 Atheniensium,

240 1859 338 1909 utros
351 1867 453 1908 omnes
466 1866 502 1906 eo
514 1855 643 1927 tempore
656 1849 757 1907 testati
770 1846 853 1906 estis·
894 1846 973 1905 Latis
990 1844 1067 1905 enim
1081 1844 1237 1924 suffragiis,
1250 1868 1340 1908 nemo

239 1940 402 2020 refragatus
416 1950 470 2012 est,
484 1959 544 2018 quo
556 1940 651 1998 minus
665 1957 701 1999 ea
718 1937 884 2017 pecuniam
898 1936 1044 2016 stipendis
1053 1937 1178 1998 militum
1189 1939 1340 2002 conferre-

239 2043 304 2101 tur;
326 2042 413 2112 atquc
425 2030 514 2092 hodie
524 2030 622 2105 enam,
633 2031 657 2090 si
670 2030 790 2110 quondo
799 2031 909 2091 mentio
917 2029 1029 2103 incidit,
1037 2031 1215 2092 confitentur
1224 2051 1339 2110 omnes,

140 2131 142 2136 '
237 2144 305 2185 cum
318 2124 477 2210 rectissime
491 2123 621 2196 dixisset,
635 2122 733 2201 inique
745 2142 813 2182 cum
831 2142 869 2184 eo
884 2140 950 2184 esse
963 2133 1071 2186 actum.
1114 2123 1161 2183 Illi
1171 2124 1273 2204 igitur,
1286 2128 1338 2208 qui

236 2217 361 2278 ,ludices
382 2216 481 2278 verbis
510 2214 711 2283 circumvenit,
735 2213 919 2276 irascendum
942 2225 997 2285 est,
1025 2234 1084 2275 non
1118 2217 1338 2282 circumventis.

237 2308 316 2372 Nam
330 2308 497 2390 Stephanus
508 2305 539 2372 id
552 2306 700 2368 decretum
718 2306 890 2369 violatarum
903 2308 1003 2388 legum
1017 2327 1103 2382 ,reum
1114 2308 1197 2381 feeit,
1209 2322 1241 2371 ct
1254 2313 1337 2375 calu-

236 2402 366 2464 mniandi
378 2403 472 2483 gratia
484 2400 580 2462 forum
594 2401 755 2482 ingressus,
767 2401 851 2463 falsis
864 2401 985 2463 testibus
994 2402 1159 2483 productis,
1169 2425 1238 2467 cum
1252 2419 1337 2470 extra

235 2516 355 2557 oausam
376 2495 604 2565 declamitssset,
617 2496 767 2556 decretum
790 2494 949 2557 damnavit.
990 2496 1058 2565 Quo
1077 2498 1209 2577 perlecto
1226 2502 1252 2560 si
1269 2503 1335 2582 qui·

234 2608 334 2649 escere
346 2588 498 2661 voluisset,
511 2606 571 2647 uon
593 2587 718 2668 graviter
729 2588 891 2649 ferremust
912 2587 967 2648 sed
986 2607 1055 2648 cum
1071 2588 1151 2649 litem
1164 2592 1335 2656 uestimaturi

234 2682 253 2740 J
257 2681 358 2741 udices
371 2680 502 2741 calculos
517 2692 675 2754 sumerent,
684 2681 833 2742 orantibus
846 2680 943 2753 nobis,
954 2680 1108 2742 utveoiam
1122 2683 1218 2758 daret,
1228 2687 1335 2764 noluit,

234 2773 287 2833 sed
300 2772 468 2851 quindecim
485 2771 604 2832 talentis
626 2772 707 2833 litem
727 2772 893 2846 aestimavit,
909 2781 945 2832 nt
962 2771 1122 2835 bonoribus
1135 2776 1266 2856 privaret
1288 2781 1333 2862 ip-

234 2886 310 2936 sum,
326 2877 357 2926 et
370 2865 476 2927 liberos
490 2865 565 2945 ejus,
585 2874 616 2926 et
628 2884 758 2927 sororem
776 2886 882 2940 meam,
901 2876 933 2927 ct
943 2886 1000 2927 nos
1017 2868 1169 2931 universos
1181 2872 1223 2931 sd
1234 2883 1334 2947 extre·

232 2971 311 3020 mam
323 2958 450 3039 inopiam
466 2958 622 3038 redigeret,
636 2969 667 3019 et
685 2958 838 3040 penuriam
855 2958 985 3023 omnium
996 2980 1104 3024 rerum.
1145 2962 1225 3025 Nam
1244 2970 1333 3029 uesci

231 3072 292 3113 non
304 3054 421 3114 omnino
434 3052 521 3113 trium
535 3052 711 3115 talentorum
724 3062 807 3114 erat:
828 3063 863 3112 ut
874 3061 988 3113 tantam
1000 3054 1141 3116 mulctam
1155 3076 1217 3117 non
1229 3072 1334 3138 posses

231 3146 353 3208 solvere.
377 3146 453 3216 Quoe
467 3144 491 3205 si
505 3155 637 3207 extremo
649 3154 768 3207 senatus
780 3156 927 3207 conventu
937 3166 999 3207 nou
1013 3148 1184 3224 solveretur,
1197 3151 1333 3232 duplica.

229 3240 326 3313 batur,
348 3240 391 3300 ita
413 3251 448 3299 ut
470 3238 666 3321 Apollodorus
685 3239 889 3300 inscribendus
914 3250 993 3300 esset
1013 3240 1135 3321 triginta
1151 3243 1331 3307 talentorum

229 3328 362 3392 debitor:
394 3350 453 3410 quo
465 3330 606 3411 inscripto
617 3332 647 3393 in
660 3332 794 3413 publicas
805 3331 932 3406 tabulas,
940 3352 988 3393 res
996 3333 1169 3414 Apollodori
1180 3336 1331 3401 familiaris

229 3420 490 3498 inscribendaluit,
500 3434 535 3484 ut
546 3424 712 3503 publicata:
735 3434 876 3485 casulem
887 3424 1180 3499 divendita,lortunis
1193 3432 1331 3494 omanus

230 3512 325 3576 eversi
345 3532 487 3587 essemus,
499 3526 530 3575 et
542 3515 613 3595 ipse,
627 3528 659 3577 et
670 3516 754 3577 liberi
765 3517 841 3598 ejus,
854 3526 886 3578 et
897 3536 983 3592 uxor,
999 3538 1055 3579 nos
1067 3519 1197 3601 denique
1214 3542 1331 3595 omnes.

229 3606 333 3666 Altera
343 3614 485 3687 proetsree
497 3608 694 3687 lilia'nuptum
707 3609 814 3670 elocari
833 3600 914 3671 baud
925 3609 1080 3691 potuisset
1111 3613 1189 3681 Quis
1201 3615 1282 3676 enim
1291 3618 1331 3678 ab

229 3696 330 3758 oersrio
343 3707 373 3757 et
385 3718 480 3777 egeno
492 3697 655 3761 indotatam
668 3700 853 3780 accepisset?

270 3792 299 3849 3.
322 3791 357 3851 In
370 3801 454 3852 tanta
465 3791 554 3872 igitur
566 3794 646 3855 mala
657 3812 711 3853 nos
725 3813 877 3876 nunquam
889 3793 979 3856 lusos
1000 3815 1019 3856 a
1036 3796 1121 3859 nobis
1139 3800 1328 3879 conjiciebat.

227 3882 382 3944 Jndicibus
391 3886 556 3966 eutem,qui
569 3896 631 3947 tum
640 3886 690 3967 jus
702 3886 849 3961 dixerunt,
857 3887 916 3949 hoc
923 3887 1041 3968 quidem
1050 3890 1330 3973 numine,magnnm

225 3974 322 4037 habeo
345 3976 477 4056 gratiam,
491 3979 571 4058 quod
592 3998 659 4039 eum
682 3979 748 4041 tolli
767 4000 786 4041 e
808 3980 986 4043 medionon
1008 3982 1151 4057 siverunt,
1171 3984 1229 4045 sed
1245 3985 1327 4047 litam

225 4068 336 4131 talento
349 4068 538 4144 estimarunt,
551 4082 585 4133 ut
597 4092 676 4153 oegre
688 4083 791 4155 posset
803 4074 925 4135 solvere.
950 4074 1028 4137 Huic
1041 4076 1133 4157 igitur
1141 4077 1212 4157 jure
1224 4098 1327 4159 parem

224 4161 331 4223 referre
354 4163 477 4243 gratiam
496 4163 683 4227 instituimus.
725 4168 794 4227 Nec
816 4167 894 4229 enim
916 4168 975 4229 bac
996 4179 1080 4249 parte
1102 4169 1251 4231 duntaxat
1269 4190 1327 4232 nos

226 4262 354 4315 evertere
367 4254 490 4330 studuit,
504 4257 555 4317 sed
570 4266 601 4317 et
613 4278 630 4317 e
644 4258 737 4337 patria
750 4258 828 4319 hunc
842 4259 947 4340 ejicere
956 4261 1060 4322 voluit.
1103 4261 1231 4342 Impegit
1247 4262 1327 4323 euim

226 4342 252 4401 ei
266 4344 371 4407 falsum
383 4349 503 4423 crimen,
516 4368 584 4409 eum
590 4350 729 4415 debuisse
742 4352 844 4413 aernrio
857 4354 895 4414 ab
910 4354 995 4414 annis
1013 4356 1145 4436 quinque
1162 4364 1196 4415 et
1212 4354 1325 4436 viginti,

226 4435 445 4520 profectumque
469 4443 626 4522 aliquando
649 4444 812 4525 Aphidnas,
825 4446 865 4507 ad
883 4446 1039 4526 fugitiuum
1057 4448 1098 4509 ibi
1118 4448 1324 4527 querendum,

1458 1312 1460 1419 l
