2967 4950
452 309 621 376 CONTRA
641 310 937 379 ufluocltttteru.
1121 301 1126 308 ¹
1189 316 1265 380 tot·

151 465 311 527 infurtunia
321 466 405 528 nobis
418 477 449 528 et
460 467 529 543 boc,
542 467 677 540 ludices,
698 468 807 543 evenis,
820 479 854 530 ut
866 486 934 531 cum
947 484 1049 538 omnes
1061 486 1118 530 nos
1129 467 1254 549 instiga·

150 559 216 628 rint,
231 565 363 622 nmtrem
376 567 483 622 sortem
497 562 637 637 miserati,
650 572 680 624 et
691 562 793 643 inique
805 564 960 626 nomicum
973 581 1040 629 este
1051 572 1151 625 actim
1168 561 1250 622 dixe·

151 653 218 726 rint,
233 663 265 713 st
277 653 369 714 istum
384 653 531 716 delatione
544 655 636 716 teneri
649 655 831 729 affirmarint,
843 673 945 716 eorum
954 672 1042 716 nemo
1055 663 1154 714 tamen
1164 653 1253 715 nobis

149 743 286 824 opitulari
299 745 381 817 rslit,
394 765 492 826 neque
506 765 538 807 se
547 747 624 810 velle
638 737 789 827 suscipere
800 747 975 822 inimicitias,
984 748 1082 829 palam
1094 747 1253 828 profitenti.-¹

149 847 205 897 tur.
247 837 334 898 Adeo
346 837 412 918 pbri
427 839 508 919 apud
526 839 683 920 plerosque
698 840 777 902 valet
789 850 898 915 metus,
910 858 999 921 quam
1008 841 1132 921 justitiae
1150 857 1252 919 respe-

149 939 228 990 ctus.
268 929 344 990 Cum
367 941 478 1004 autem,
498 931 639 1007 ludices,
653 952 706 1012 per
726 931 922 994 'l'beocrinom
943 934 1047 994 malua
1065 931 1149 1000 nobis
1171 931 1251 992 cala-

148 1022 267 1082 mitates
285 1031 418 1104 tempore
432 1022 519 1086 baud
542 1025 649 1106 exiguo
662 1025 739 1086 datae
756 1025 826 1103 sint,
841 1025 926 1085 nulla
944 1026 1038 1103 major
1059 1034 1106 1086 est
1123 1044 1163 1089 ea
1183 1043 1253 1104 quaa

147 1133 231 1174 nunc
244 1115 361 1188 accidit,
375 1116 459 1196 quod
469 1117 602 1180 facinora
612 1117 783 1180 Theocrinis
792 1119 954 1198 legumque
961 1116 1144 1191 violationes,
1156 1126 1253 1197 pater,
1357 1146 1363 1157 »

146 1204 199 1286 qui
223 1215 255 1266 st
275 1207 366 1268 lessus
384 1220 442 1283 est,
463 1222 494 1270 et
513 1209 716 1272 demonstrare
738 1222 852 1291 posset,
869 1209 986 1271 silentio
1007 1219 1107 1289 tegere
1130 1229 1254 1271 secema

147 1297 373 1378 babet-leges
393 1301 472 1362 euius
492 1301 535 1364 ita
556 1302 841 1384 precipiunt-mibi
858 1317 940 1376 vero,
956 1306 1040 1379 cqjm
1060 1301 1189 1376 facultas
1205 1300 1254 1380 ¹¹⁷¹.
1321 1365 1324 1370 ,

148 1391 286 1452 mnibus
299 1392 393 1472 inpar
405 1401 462 1465 est,
476 1395 567 1455 verba
584 1395 723 1456 laeieuda
735 1405 814 1458 sunt.
855 1397 905 1457 Ac
925 1393 992 1455 aliis
1013 1393 1254 1455 adolescentibus

148 1493 247 1564 patres
260 1495 347 1565 opem
362 1485 471 1558 ierunt,
485 1486 534 1546 liic
547 1505 618 1548 vero
631 1487 662 1546 in
675 1507 722 1547 me
734 1507 818 1566 spem
827 1487 934 1549 lrabeat
945 1488 1133 1550 collocatam.

183 1578 240 1636 «16.
260 1574 326 1637 Tali
343 1577 434 1658 igitur
456 1579 613 1640 certamine
630 1578 846 1651 conflictantes,
858 1596 913 1642 vos
931 1597 1096 1658 precamur,
1114 1589 1148 1641 ut
1167 1577 1255 1640 nobis

147 1668 342 1750 opitulamini,
357 1679 388 1730 et
400 1671 535 1732 omnibus
549 1670 725 1742 ostendatis,
739 1670 801 1730 sire
813 1689 896 1750 puer,
914 1670 976 1739 sire
990 1691 1092 1742 senex,
1105 1669 1167 1732 sive
1179 1690 1254 1750 qua·

149 1781 270 1842 cunque
283 1771 374 1822 estate
387 1763 531 1842 quispiam
545 1762 584 1822 ad
597 1781 650 1824 vos
670 1761 848 1842 confugerit,
866 1771 899 1822 et
920 1763 960 1822 ad
979 1761 1073 1841 leges,
1085 1763 1114 1823 ei
1126 1773 1254 1826 vestram

143 1853 293 1934 justitiam
315 1871 383 1914 esse
404 1854 553 1933 praesidio.
595 1854 764 1915 Honestum
790 1862 839 1916 est
861 1852 980 1926 etenim,
1000 1852 1137 1924 ludices,
1158 1864 1255 1935 neque

148 1964 215 2020 ros,
230 1965 327 2026 neque
345 1946 428 2025 leges
449 1947 480 2007 in
500 1955 660 2019 summm,
680 1945 738 2008 sed
755 1945 824 2008 illos
845 1945 877 2004 in
893 1954 994 2005 vestra
1008 1963 1076 2005 esse
1090 1954 1255 2026 potestate,

148 2038 369 2119 discrimenque
395 2039 536 2100 constitui
560 2040 637 2100 inter
659 2057 720 2110 eos,
734 2038 787 2118 qui
804 2040 882 2106 bene
904 2048 938 2098 et
953 2038 1117 2118 perspicue,
1130 2048 1162 2099 et
1178 2037 1256 2102 inter

147 2150 203 2193 eos
224 2132 383 2212 quiesque
406 2130 519 2192 dicunt.
542 2131 620 2192 Nam
648 2130 686 2190 de
712 2149 750 2192 ea
771 2149 803 2194 re
829 2149 882 2190 vos
903 2131 1146 2210 pronunciatum
1162 2130 1256 2210 jurati

147 2225 235 2286 estis.
277 2223 382 2302 Neque
404 2223 481 2284 enirn
505 2223 649 2304 quispiam
672 2224 757 2286 vobis
780 2222 978 2303 persuadebit,
994 2232 1150 2303 propterea
1169 2222 1255 2284 defu·

134 2313 235 2380 'turos
258 2315 343 2376 istius
366 2315 480 2396 generis
505 2326 647 2390 oratores,
661 2325 713 2378 aut
734 2316 890 2396 propterea
910 2315 996 2398 pejus
1015 2325 1117 2391 acuum
1133 2316 1166 2379 iri
1184 2335 1254 2394 cuiq

147 2409 312 2490 republica.
364 2409 476 2470 Contra
501 2427 595 2490 egos
622 2418 694 2470 natu
723 2410 885 2491 majoribus
909 2409 1010 2481 audio,
1032 2418 1096 2469 tum
1120 2409 1256 2472 floruisse

149 2506 282 2568 maxime
294 2504 517 2585 rempublicam,
533 2524 601 2565 cum
615 2524 634 2565 a
646 2504 787 2565 modesus
804 2511 837 2565 et'
846 2504 1039 2585 prudentibus
1060 2504 1126 2565 viris
1139 2524 1256 2585 regere·

148 2610 211 2661 tnr.
253 2594 399 2678 Nunquid
416 2597 493 2657 enim
509 2596 697 2659 vconsciliarios
717 2597 792 2659 istos
811 2616 878 2659 ease
900 2598 994 2660 bonos
1012 2596 1188 2660 invenietis?
1208 2599 1255 2661 At

74 2756 77 2765 ,
149 2691 225 2759 nibil
237 2692 348 2774 populo
361 2690 475 2764 dicunt,
489 2700 520 2751 st
539 2692 576 2753 iis
598 2690 649 2772 qui
666 2692 777 2783 populo
793 2691 962 2763 consulunt,
979 2691 1157 2753 accusandis
1169 2692 1255 2753 locu·

148 2785 326 2867 platanium·
355 2784 447 2864 ldque
457 2783 651 2847 admiratione
665 2782 788 2866 dignum
801 2795 859 2859 est,
868 2804 937 2872 pum
946 2784 1156 2845 calumniando
1165 2784 1255 2853 vitam

148 2886 330 2951 resument,
344 2876 442 2937 dloere
456 2896 518 2951 ecs,
529 2878 647 2939 cenibil
659 2878 792 2959 accipere
811 2878 970 2958 epublioo,
982 2876 1035 2956 qui
1048 2888 1206 2956 antequam
1217 2876 1256 2937 ad

148 2990 208 3031 vus
219 2967 468 3043 secontulisscnt,
489 2968 604 3049 inopes,
616 2988 697 3031 nunc
718 2970 813 3043 ditati,
831 2970 942 3031 nnllam
961 2970 1045 3032 robis
1058 2969 1181 3049 gratiam
1200 2968 1255 3028 ha-

149 3064 246 3123 bent:
266 3061 318 3123 sed
329 3062 440 3143 poesim
461 3062 608 3137 dictitant,
621 3082 709 3142 quam
722 3063 893 3126 inconstans
907 3063 947 3124 sit
959 3062 1097 3143 populus,
1110 3080 1199 3140 quam
1210 3061 1255 3121 in·

150 3152 326 3225 nectamus,
340 3160 429 3235 quem
439 3155 589 3235 ingratum
610 3156 733 3237 perinde
747 3176 783 3217 ac
796 3157 821 3218 si
835 3176 889 3218 vos
907 3175 959 3235 per
971 3175 1023 3216 eos
1037 3152 1181 3225 ditemini,
1194 3172 1255 3216 non

149 3246 213 3329 ipsi
236 3265 288 3327 per
308 3248 461 3328 populum.
502 3249 601 3328 Atque
615 3255 683 3325 jure
709 3250 784 3329 adeo
805 3250 879 3311 talia
899 3250 1015 3326 dicunt,
1029 3264 1099 3309 curn
1124 3256 1253 3319 uestram

150 3340 308 3420 ignaviam
328 3339 457 3412 uideant,
471 3342 522 3419 qui
543 3342 699 3415 neminem,
713 3353 748 3402 ut
767 3360 869 3403 eorum
891 3341 1058 3402 merebatur
1075 3341 1254 3422 improbitas,
1298 3378 1301 3383 -

150 3432 318 3513 punieritis,
328 3431 383 3492 sed
396 3451 483 3492 aures
494 3433 537 3493 eis
551 3434 717 3514 praebeatis,
735 3434 911 3506 dicentibus,
925 3434 1025 3515 populi
1039 3433 1162 3494 salutem
1181 3452 1254 3513 pen-

151 3526 226 3587 dere
239 3528 277 3586 ab
291 3526 509 3587 accusatoribus
528 3538 558 3588 et
572 3528 841 3589 calumniatoribus.
870 3529 984 3597 Quibus
996 3547 1058 3588 non
1072 3527 1152 3588 aliud
1162 3549 1255 3608 genus

151 3629 204 3681 est
215 3617 410 3700 pestilentius.
453 3619 548 3687 Quam
559 3622 636 3681 enirn
650 3623 687 3681 ab
701 3620 765 3681 istis
778 3622 907 3701 praestari
920 3620 1086 3701 reipublicse
1099 3621 1256 3680 utilitatem

150 3710 306 3792 reperias?
327 3712 542 3791 Delinquentes
566 3714 615 3774 isti
638 3713 775 3774 nimirum
791 3714 928 3794 puniunt,
944 3723 974 3773 et
997 3720 1117 3793 propter
1134 3712 1190 3773 bos
1212 3711 1257 3772 illi

151 3802 410 3886 auntpaucioresl
430 3804 501 3864 Non
514 3806 625 3885 utique,
642 3805 778 3877 ludices,
792 3806 847 3867 sed
865 3806 962 3885 plures
984 3805 1082 3865 etiam
1113 3805 1191 3866 Nam
1205 3806 1256 3887 qui

150 3896 270 3959 moinus
285 3895 405 3975 aliquod
419 3897 523 3957 animis
536 3897 658 3977 agitant,
677 3917 745 3958 cum
760 3898 865 3971 sciant,
879 3897 942 3957 istis
962 3897 1051 3957 etiam
1065 3897 1175 3978 aliquid
1188 3917 1257 3958 esse

153 3989 196 4061 de
208 3988 313 4069 praeda
324 3988 559 4069 impertiendum,
571 3990 737 4051 necessario
758 3990 826 4070 plus
843 3988 906 4050 aliis
920 3990 1030 4071 eripere
1043 3990 1208 4063 instituunt,
1222 4000 1258 4050 ut

21 4162 25 4169 Ι
154 4101 216 4143 non
230 4081 287 4142 sibi
300 4082 407 4155 solum,
421 4082 474 4143 sed
493 4084 555 4144 istis
568 4084 656 4143 etiam
677 4093 810 4162 sumptus
830 4091 999 4163 suppetant.
1041 4085 1086 4144 Ac
1109 4103 1129 4144 a
1149 4082 1255 4143 ceteris

153 4173 277 4255 quidem
289 4174 442 4247 maleficis,
456 4176 507 4254 qui
524 4175 558 4235 iis
574 4175 667 4254 quiin
687 4176 767 4255 ipsos
787 4174 955 4236 inciderunt
966 4184 1084 4248 nocent,
1102 4184 1132 4233 et
1149 4192 1196 4233 res
1209 4172 1256 4233 fa-

153 4265 289 4341 miliaris,
306 4268 479 4328 custodibus
507 4259 656 4342 adhibitis,
677 4268 784 4329 serrari
806 4272 912 4349 potest,
935 4279 967 4330 st
991 4268 1041 4349 qui
1064 4267 1144 4327 domi
1165 4276 1257 4328 noctu

154 4368 268 4431 manet,
281 4357 353 4417 nihil
366 4358 434 4420 mali
455 4358 572 4439 patitur,
588 4360 636 4419 alii
660 4359 723 4420 sole
741 4361 892 4440 vigilantia
909 4361 986 4421 male
1006 4358 1197 4439 cogitantium
1210 4359 1257 4420 in-

154 4452 249 4515 sidias
265 4453 356 4517 vitare
378 4465 498 4533 queunt.
541 4455 582 4515 At
606 4473 742 4535 quorsum
762 4456 862 4527 abeas,
883 4464 917 4515 ut
935 4455 973 4516 ab
992 4452 1157 4525 istiusmodi
1174 4455 1256 4518 calu·
