2967 4950
238 317 255 374 8
416 338 419 342 ’
542 267 726 377 bostran
747 313 1031 375 TIMARGHUM.-

236 480 324 530 recte.
348 469 415 530 N'on
430 471 583 549 ignorabat
597 470 728 530 nimirum
748 471 909 548 legislator,
927 471 959 528 in·
972 477 1043 528 natu
1057 467 1215 546 majoribus
1239 468 1336 546 vigere

235 563 421 640 prudentiam
434 564 601 639 (audaciam
618 572 716 622 autem
727 563 858 640 incipere
866 550 928 641 jani
943 560 1068 619 deficere
1086 561 1116 618 in
1130 559 1185 634 eis)
1198 561 1237 617 ob
1251 578 1337 618 usum

236 674 341 714 rerum.
364 653 475 713 Volens
487 655 574 733 igitur
590 653 832 732 prudentissimos
845 672 978 731 quosque
989 645 1212 722 consuefacere,
1224 661 1258 708 nt
1272 671 1338 710 sen-

203 735 208 738 *
234 749 357 822 tentiam
368 737 537 807 necessario
547 748 600 806 sibi
614 746 772 820 dicendam
786 756 941 824 putarent:
963 765 1029 804 curn
1040 745 1270 823 uniuscujusque
1284 763 1337 802 no·
1411 732 1415 746 ¹

236 841 370 898 minatim'
383 839 550 919 appellandi
564 839 733 898 facultatem
747 857 807 896 non
824 837 958 908 haberet,
972 837 1119 898 communi
1135 836 1225 894 totius
1243 836 1340 894 atatis

237 932 410 1010 cognomine
424 942 577 1011 usurpato,
590 932 629 990 ad
644 939 819 1008 suggestum
834 947 885 987 eos
899 937 996 1001 vocat,
1006 939 1036 988 et
1049 928 1087 986 ad
1100 928 1254 986 habendas
1268 947 1339 986 con·

236 1025 335 1084 ciones
346 1023 534 1088 adhortatur:
556 1024 717 1099 eademque
728 1041 817 1099 opera
830 1021 918 1079 etiam
930 1020 1133 1079 adolescentes
1146 1020 1339 1078 reverentiam

214 1098 217 1104 ⁴
236 1135 307 1193 erga
325 1115 454 1174 seniores
469 1115 664 1173 adhibendam
680 1132 746 1170 esse
759 1113 857 1180 docet,
872 1110 972 1188 eisque
986 1111 1113 1188 priorem
1130 1111 1160 1166 in
1173 1111 1262 1168 rebus
1277 1131 1339 1169 orn·

237 1203 323 1266 nibus
337 1207 432 1266 locum
447 1202 679 1275 concedendum,
694 1211 724 1260 et
741 1202 882 1286 honorem
895 1202 1039 1261 senectuti
1059 1203 1240 1274 habendum,
1253 1213 1288 1262 ut
1302 1206 1338 1264 cd
1370 1204 1373 1210 ’

237 1319 324 1378 quam
338 1291 508 1378 perventuri
521 1298 613 1356 simus
624 1314 737 1365 omnes,
754 1294 810 1352 nisi
833 1312 888 1352 nos
903 1294 965 1353 sata
982 1292 1199 1372 interceperint.
1237 1296 1341 1374 ltaque

237 1402 350 1452 veteres
364 1391 407 1450 illi
420 1401 560 1461 oratores,
575 1387 712 1459 Pericles,
727 1385 950 1458 Themistocles,
964 1386 1122 1460 Aristides,
1133 1389 1184 1465 qui
1198 1388 1342 1448 dissimile

239 1483 396 1543 Timarcho
410 1492 574 1558 cognomen
588 1480 688 1552 habet,
702 1478 809 1558 quippe
822 1479 872 1557 qui
889 1479 988 1558 justus
1002 1478 1174 1556 appelletur,
1189 1481 1265 1540 adeo
1277 1502 1341 1540 mo-

239 1577 314 1636 desti
328 1577 456 1646 1001001,
478 1584 520 1646 01,
540 1573 619 1652 quod
641 1591 721 1634 nunc
734 1572 773 1632 de
795 1592 877 1632 more
897 1573 1148 1645 omnessacirnus,
1170 1583 1205 1632 ut
1227 1574 1342 1652 prolata

237 1688 326 1727 manu
337 1668 478 1740 dicamus,
488 1667 518 1725 id
528 1678 589 1726 tum
597 1665 733 1743 audaciae
742 1663 907 1737 tribuerint,
916 1679 947 1724 et
955 1665 1144 1724 verecundati
1153 1665 1221 1725 sint.
1247 1668 1343 1746 Cujus

155 1774 158 1783 ·
238 1779 293 1838 ego
302 1759 522 1819 consuetudinis
532 1779 579 1818 me
591 1759 835 1836 reipsamagnum
845 1757 928 1816 vobis
937 1766 1142 1834 argumentum
1152 1767 1343 1818 ostensurum

239 1851 370 1910 arbitror.
404 1851 481 1910 Satis
498 1851 574 1910 enirn
588 1851 660 1924 scio,
673 1869 725 1910 vos
745 1869 847 1910 omnes
860 1849 1009 1928 trajecisse
1028 1849 1220 1920 Salaminem,
1231 1862 1273 1909 et
1288 1852 1343 1910 So·

219 1945 314 2005 ¹lonis
337 1954 487 2024 spectasse
509 1955 653 2004 statuam:
679 1945 778 2022 itaque
797 1945 853 2022 ipsi
872 1942 972 2002 testari
993 1942 1125 2020 potestis,
1146 1940 1290 2002 Solonem
1314 1946 1342 2003 in

238 2036 301 2096 foro
316 2036 536 2096 Salaminiorum
551 2037 637 2095 situm
652 2055 718 2096 esse
733 2050 819 2095 mann
831 2035 909 2094 intra
921 2044 1035 2093 vestem
1050 2034 1179 2095 condita.
1203 2035 1283 2094 lllud
1299 2047 1344 2096 est

237 2129 459 2202 monimentum,
473 2128 678 2200 Athenienses,
702 2139 732 2188 et
746 2127 933 2188 simulacrum
947 2121 1051 2206 ¹gestus
1067 2127 1196 2200 Solonis,
1210 2147 1343 2206 quonam

238 2230 325 2300 pacto
341 2241 407 2280 cum
421 2221 529 2301 populo
544 2221 768 2281 Atheniensium
790 2239 954 2280 sermonem
968 2219 1111 2278 habuerit.
1147 2217 1344 2281 Considerate

239 2323 349 2392 autern,
365 2313 569 2386 Athenienses,
585 2325 727 2392 quantum
738 2311 813 2385 inte'r
825 2314 962 2373 Solonem
973 2324 1003 2371 et
1013 2312 1201 2372 Timarchum
1216 2313 1343 2387 intersit,

240 2416 270 2465 et
283 2426 333 2481 eos
346 2406 423 2466 viros
440 2425 561 2487 quorum
576 2407 665 2486 paulo
680 2417 749 2465 ante
764 2407 941 2465 mentionem
956 2405 1022 2465 leci.
1058 2406 1129 2465 Illos
1144 2407 1222 2464 enim
1238 2408 1346 2485 puduit

240 2510 460 2559 extentamanu
479 2503 568 2560 verba
588 2501 704 2563 lacere:
726 2500 782 2559 iste
804 2512 900 2559 autem
926 2517 986 2557 non
1007 2498 1077 2579 olim
1097 2498 1152 2557 sed
1175 2519 1272 2578 nuper
1291 2502 1344 2559 ali-

239 2595 358 2671 quando
371 2594 489 2673 abjecta
502 2604 584 2653 veste
605 2595 701 2653 nudus
721 2603 785 2652 toto
803 2611 923 2672 corpore
944 2572 1074 2671 pugilem
1094 2592 1232 2669 agebat
1224 2614 1257 2651 m
1274 2613 1345 2653 con·
1377 2619 1381 2625 ·

240 2684 343 2745 cione:
366 2694 397 2743 et
415 2685 532 2762 quidem
549 2704 669 2770 corpore
690 2686 727 2744 ob
750 2685 931 2743 ebrietatem
942 2692 973 2741 et
991 2684 1182 2772 petulantiam
1207 2684 1252 2744 ita
1266 2688 1344 2745 male

239 2778 419 2856 turpiterque
435 2777 553 2847 affecto,
576 2786 608 2835 ut
629 2777 762 2835 homines
782 2777 894 2835 cordati
914 2775 1015 2835 oculos
1035 2776 1176 2850 velarent,
1197 2797 1343 2837 verecun-

240 2872 344 2930 dantes
358 2870 566 2949 reipublicae'
540 2888 645 2943 urcem,
659 2888 725 2946 qnae
729 2867 844 2927 talibus
857 2868 1074 2927 consultoribus
1088 2878 1228 2927 uteretur.

278 2967 307 3022 7.
328 2963 444 3029 Quibus
458 2964 544 3021 rebus
557 2961 706 3039 legislator
720 2960 895 3039 perspectis,
904 2960 992 3038 plane
1003 2960 1227 3035 demonstravit,
1236 2920 1342 3042 quibus

239 3058 397 3126 coerciones
408 3053 629 3127 sinthabendae,
639 3064 669 3112 et
682 3052 788 3131 quibus
798 3052 878 3131 apud
886 3052 1027 3131 po'pnlum'
1036 3054 1126 3113 verba
1132 3053 1276 3115 facienda
1285 3066 1344 3117 non

239 3150 305 3207 siut.
328 3148 431 3227 Neque
439 3168 507 3207 vero
522 3144 819 3225 a'sug'gestu'repellit
830 3163 1003 3221 quemqnam
1018 3144 1284 3224 qui‘viropraetorio
1293 3169 1344 3208 ns·

240 3252 288 3300 tus
297 3261 357 3300 non
367 3251 425 3317 est,
438 3241 544 3317 autqui
556 3244 647 3299 a'rtem
657 3238 784 3315 aliquam
795 3247 915 3295 exercet
924 3237 1155 3315 rictnsparandi
1164 3259 1276 3300 causa:
1291 3242 1342 3301 se'd

240 3332 295 3390 hos
307 3332 355 3391 vel
373 3335 498 3392 maxime
513 3332 709 3411 amplectitur,
727 3349 821 3407 eaque
834 3329 872 3387 de
884 3334 976 3388 cansa
996 3346 1076 3408 soepe
1088 3330 1261 3410 interrogat,
1280 3336 1344 3411 quis

128 3479 134 3482 .
240 3424 338 3483 dicere
342 3424 433 3489 velit?
447 3427 529 3491 Quos
541 3422 773 3483 veroadicendo
782 3421 906 3501 repulitl
920 3422 1107 3500 errturpem
1105 3424 1196 3483 urtam
1208 3440 1344 3505 egerunt.

174 3530 176 3535 ·
241 3514 323 3573 Eos
313 3516 479 3593 concionari
490 3534 549 3573 non
555 3515 637 3573 sinit.
659 3515 758 3593 Atque
766 3515 817 3573 ubr
827 3514 858 3572 id
866 3514 1017 3573 declarati
1024 3514 1066 3573 In
1072 3515 1169 3595 capite
1185 3517 1240 3589 De
1260 3520 1345 3580 Ora·

240 3619 359 3667 torum
378 3607 650 3685 Exploratione.
677 3607 708 3665 Si
724 3607 815 3685 q'uis',
834 3606 939 3684 inquit,
959 3608 1102 3685 publice
1120 3610 1230 3667 verba
1250 3612 1344 3691 fece-

240 3700 297 3768 rit,
318 3720 378 3779 qur
398 3708 535 3787 patrem
559 3707 619 3760 aut
637 3699 982 3770 matrem'verberat,
1005 3706 1155 3760 'autnon
1176 3701 1257 3774 alit,
1283 3716 1344 3763 aut

89 3843 95 3856 ,
170 3864 175 3871 N
241 3792 297 3852 eis
322 3790 1129 3869 domumnonpraebet,huncve'rbafacere
1151 3796 1343 3858 nonsinit

239 3886 335 3963 quue
349 3893 427 3943 recte
442 3884 617 3953 mehercule,
634 3890 700 3942 mea
712 3882 831 3960 quidem
845 3881 1001 3943 sententia.
1025 3883 1107 3942 Curi
1134 3885 1265 3953 Quodsi
1280 3891 1345 3969 quis

164 4044 172 4054 ,
203 3988 205 3993 ’
238 3996 310 4055 erga
323 3996 373 4036 eos
384 3976 481 4035 officio
495 3996 553 4035 non
567 3976 708 4054 fungitur,
718 3976 767 4052 qni
780 3974 842 4054 pari
856 3993 922 4033 curn
936 3974 993 4035 diis
1004 3976 1218 4062 immortalibus
1233 3979 1345 4041 honore

204 4066 207 4071 ‘
240 4080 309 4129 sunt
322 4067 485 4135 afficiendii
507 4069 532 4126 is
546 4089 605 4147 quo
618 4075 706 4147 pacto
722 4067 795 4126 alios
812 4068 948 4127 homines
961 4067 1108 4140 tractabit,
1122 4078 1261 4131 ettotam
1276 4076 1345 4135 ciri·

240 4160 355 4221 tatem?
376 4161 490 4227 Quibus
505 4149 637 4220 secundo
658 4160 724 4219 loco
742 4159 885 4219 habendis
905 4159 1096 4220 concionibus
1115 4162 1285 4229 interdixit?
1306 4166 1345 4226 Si

238 4255 336 4331 quis,
360 4253 463 4329 inquit,
490 4252 721 4329 imperatas
742 4251 817 4310 sib'i
846 4252 1136 4330 expeditiones
1164 4274 1244 4314 non
1264 4261 1345 4317 obi·

241 4344 332 4415 erit,
350 4351 415 4403 au‘t
433 4344 616 4423 clypeum
640 4343 965 4422 abjecerit.,Recte.
991 4345 1212 4405 Curtandem?
1232 4349 1345 4420 Homo,

144 4461 148 4467 ·
242 4436 268 4493 ci
283 4434 402 4515 civitati,
416 4455 473 4512 pro
484 4445 542 4513 q'ua
556 4454 637 4495 anna
650 4442 709 4494 no'n
722 4436 824 4507 sumis,
837 4437 945 4515 cuique
957 4436 996 4495 ob
1009 4437 1158 4517 ignaviam
1171 4459 1258 4517 opem
1271 4442 1347 4503 ferre
