2967 4950
228 351 286 410 790
578 342 730 410 OR'ATIO
754 349 971 409 FUNEBRlS.

206 517 208 520 “
227 497 354 566 autema
368 501 484 585 generis
498 525 597 566 eorum
611 496 780 587 primordio.
822 494 939 566 llorum‘
951 507 1028 566 enim
1048 489 1173 565 virorum
1187 505 1325 568 nobilitas

226 598 273 658 rel
286 593 618 661 seculorum'consensu
638 601 718 680 apud
739 589 841 660 omnes
862 600 995 660 homiues
1015 608 1060 658 est
1080 598 1214 676 insignis.
1257 599 1326 659 Nec

226 691 301 753 enim
324 691 362 752 ad
384 702 497 772 patrem
517 691 661 752 duntaxat
678 703 709 751 et
729 687 853 772 majores
867 692 971 751 viritim
992 693 1101 752 referre
1123 701 1217 751 ortum
1237 713 1327 751 suum

227 787 352 869 quisque
366 795 480 878 potest:
503 785 584 847 sed
577 807 606 845 ιιι
632 805 738 866 genere
753 786 792 845 ad
810 784 901 873 totam
919 785 1053 865 patriam,
1067 789 1151 860 cujus
1176 785 1328 864 indigenae

227 891 295 940 sunt
324 890 406 940 extra
433 871 669 938 controversiam.
729 877 791 938 Soli
819 868 894 938 enim
921 878 1085 937 mortalium
1113 877 1242 936 omnium
1258 896 1330 935 earn

168 965 170 969 ⁸
225 981 342 1042 terram,
358 989 449 1049 equa
468 971 528 1030 nati
542 980 619 1042 sunt,
634 971 788 1030 coluerunt
801 968 982 1048 posterisque
997 969 1194 1028 tradiderunt·
1215 978 1249 1028 ut
1249 969 1330 1048 ,qui

225 1065 256 1126 in
275 1064 405 1125 colonias
430 1082 550 1142 peregre
573 1064 756 1124 advenerunt
777 1082 935 1141 earumque
955 1051 1033 1122 cives
1048 1062 1243 1135 nominantur,
1254 1062 1331 1142 jure

227 1174 295 1217 cum
321 1155 466 1234 adoptivis
490 1155 556 1216 filiis
578 1165 793 1236 comparentur,
808 1155 838 1220 hi
861 1173 929 1214 vero
950 1173 1091 1233 germano
1116 1155 1215 1234 patriae
1235 1165 1332 1234 partu

226 1249 304 1310 cives
328 1249 387 1309 sint
404 1247 542 1308 habendi.
583 1247 628 1307 Ac
652 1267 717 1306 mea
740 1248 856 1326 quidem
879 1248 1023 1306 sententia
1043 1247 1118 1306 illud
1137 1247 1221 1306 etiam
1241 1249 1334 1326 quod

225 1341 326 1420 fruges
341 1341 420 1421 apud
434 1360 488 1399 uos
502 1339 609 1418 primos
623 1340 808 1412 exstiterunt,
822 1339 1107 1419 praeterquamquod
1121 1359 1263 1398 summum
1274 1350 1334 1400 est

226 1435 256 1494 ιιι
280 1453 381 1494 omnes
402 1433 585 1504 beneficium,
599 1430 790 1491 indubitabile
804 1433 922 1510 signum
941 1432 1029 1490 etiam
1052 1441 1097 1491 est
1120 1442 1223 1491 terram
1243 1431 1335 1494 hanc

228 1526 397 1606 genitricem
411 1544 476 1584 esse
490 1525 634 1601 majorum
648 1533 826 1584 nostrorum.
855 1524 905 1584 Sic
918 1524 994 1583 enim
1005 1534 1110 1584 natura
1122 1536 1335 1604 comparatum

227 1629 282 1692 est,
296 1628 331 1678 ut
342 1637 523 1697 quaecunque
537 1616 664 1698 pariunt,
677 1617 780 1676 eadem
798 1617 886 1677 etiam
900 1617 1008 1677 rictum
1028 1628 1059 1677 et
1077 1615 1238 1676 alimoniam
1253 1636 1269 1676 e
1289 1639 1335 1680 se

227 1710 333 1790 genitis
347 1709 554 1790 suppeditent:
575 1709 606 1768 id
620 1709 700 1788 quod
709 1709 775 1769 haec
789 1708 870 1788 regio
884 1710 963 1770 fecit.

268 1807 297 1864 3.
318 1805 393 1873 Quae
406 1803 493 1882 igitur
505 1803 542 1862 ad
558 1803 670 1863 natales
684 1803 819 1876 attinent,
833 1822 869 1862 ea
889 1801 921 1860 hi
933 1801 985 1862 viri
998 1801 1069 1861 talia
1083 1821 1101 1860 a
1114 1801 1269 1880 majoribus
1283 1805 1334 1864 ab

225 1895 306 1956 omni
319 1915 382 1954 aevo
396 1906 582 1974 acceperunt.
624 1897 699 1962 Quae
720 1914 789 1955 vero
813 1905 882 1955 sunt
897 1893 1073 1955 fortitudinis
1093 1903 1334 1975 caeterarumque

224 1988 374 2060 virtutum,
397 2009 433 2048 ea
455 1987 574 2067 quidem
599 1989 697 2048 omnia
718 1988 826 2048 relerre
849 1987 1036 2067 supersedeo,
1058 1986 1166 2047 veritus
1191 2005 1227 2046 ne
1250 1987 1334 2047 mihi

227 2100 312 2161 oequo
325 2080 464 2161 prolixior
476 2089 613 2142 nascatur
625 2080 737 2141 oratio:
759 2079 813 2140 sed
831 2100 898 2160 quae
916 2089 947 2140 et
959 2079 1118 2139 scientibus
1133 2077 1214 2138 utilia
1226 2098 1335 2140 recor-

226 2174 298 2235 datu
315 2185 346 2234 et
358 2173 465 2254 ignaris
478 2172 674 2254 pulcherrima
686 2170 799 2246 auditu,
820 2183 861 2243 et,
885 2182 919 2232 ut
932 2171 1123 2232 admiratione
1137 2170 1223 2250 plena
1242 2184 1332 2245 sunt,

226 2267 268 2328 sic
282 2267 448 2348 prolixitate
468 2266 634 2327 molestiam
657 2284 716 2324 non
740 2265 868 2345 pariunt,
889 2285 927 2325 ea
948 2264 1113 2325 summatim
1128 2264 1333 2344 perstringere

224 2351 363 2422 conabor.¹
403 2359 481 2418 Nam
503 2359 642 2438 temporis
666 2369 754 2438 atque
768 2357 863 2418 aetatis
880 2357 968 2438 hujus
987 2362 1113 2434 maiores
1129 2367 1161 2417 et
1182 2368 1281 2437 patres
1294 2371 1335 2420 et

224 2454 243 2514 ii
258 2474 383 2535 quorum
396 2452 606 2534 appellationes
620 2451 707 2512 altius
722 2450 916 2523 adscendunt,
924 2471 975 2531 per
983 2470 1057 2531 quas
1066 2449 1095 2509 in
1105 2449 1218 2510 familiis
1230 2470 1333 2530 agno-

225 2557 358 2625 scuntur,
375 2544 484 2605 nemini
501 2563 640 2623 unquam,
664 2544 711 2605 vel
732 2544 864 2604 Barbaro
886 2543 933 2603 vel
946 2536 1077 2616 Graeco,
1092 2542 1224 2622 injuriam
1244 2544 1334 2603 fece-

225 2649 303 2713 runt,
323 2639 376 2699 sed
392 2647 499 2717 praeter
512 2646 631 2696 caeteras
645 2636 703 2695 hac
728 2656 845 2715 quoque
858 2634 946 2696 laude
960 2636 1130 2709 floruerunt,
1143 2645 1176 2695 ut
1188 2635 1278 2695 iidem
1297 2648 1333 2699 et

224 2731 278 2791 viri
296 2740 467 2811 praestantes
482 2739 511 2787 et
525 2728 654 2787 omnium
669 2728 823 2808 justissimi
836 2727 1035 2789 haberentur:
1057 2728 1257 2809 propulsanda
1272 2747 1331 2789 au·

225 2834 285 2884 tem
298 2824 326 2883 vi
339 2822 432 2883 multa
445 2831 474 2880 et
487 2820 627 2901 praeclara
641 2821 771 2880 facinora
783 2820 948 2881 ediderunt.
990 2820 1068 2890 Nam
1090 2830 1120 2881 et
1142 2820 1329 2881 Amazonum
1380 2854 1385 2863 .

225 2916 382 2977 exercitum
394 2915 454 2974 huc
466 2932 651 2994 progressum
666 2914 708 2973 ita
728 2914 861 2974 vicerunt
873 2924 906 2972 ut
925 2934 993 2973 eum
1006 2913 1085 2972 ultra
1098 2911 1257 2974 Phasidem
1272 2936 1330 2975 ex-

202 3075 205 3079 ,
225 3010 425 3080 terminarent,
440 3019 472 3069 et
485 3005 622 3087 Eumolpi
643 3006 860 3085 multorumque
875 3006 994 3065 aliorum
1009 3005 1153 3084 exercitus
1167 3025 1256 3067 none
1272 3027 1332 3069 sua

225 3104 324 3178 modo,
338 3102 490 3163 sedetiam
504 3110 675 3160 caeterorum
690 3098 873 3171 Graecorum,
888 3098 998 3159 ditione
1012 3098 1226 3178 profligarunt:
1250 3120 1329 3179 quos

224 3198 274 3278 qui
293 3217 380 3278 supra
403 3216 458 3255 nos
482 3193 521 3253 ad
547 3192 739 3252 Occidentem
759 3192 903 3261 habitant,
919 3210 1021 3251 omnes
1035 3211 1091 3251 nec
1111 3191 1258 3251 sustinere
1271 3213 1330 3258 nec

220 3290 372 3371 prohibere
384 3295 551 3368 potuerunt.
595 3284 673 3353 Quin
689 3296 719 3343 et
738 3284 896 3345 liberorum
907 3284 1056 3355 Herculis,
1069 3283 1134 3362 ejus
1148 3284 1198 3363 qui
1213 3287 1330 3346 caeteris

225 3382 350 3441 salutem
374 3380 473 3449 dabat,
493 3374 655 3439 servatores
675 3378 817 3438 nominati
838 3388 918 3449 sunt,
932 3397 1000 3436 curn
1020 3376 1063 3435 illi
1076 3377 1105 3435 in
1126 3377 1204 3437 hanc
1218 3386 1328 3439 terram

226 3472 380 3553 supplices,
392 3462 590 3553 Eurystheum
602 3471 773 3549 fugitantes,
783 3469 942 3531 venissent.
984 3470 1023 3529 Et
1035 3479 1142 3549 praeter
1150 3470 1219 3531 htec
1230 3472 1330 3531 omnia

225 3562 373 3645 multaque
395 3564 452 3623 alia
473 3573 503 3623 et
524 3564 667 3643 praeclara
683 3565 815 3625 facinora
831 3564 901 3643 jura
921 3562 1124 3622 defunctorum
1145 3561 1248 3624 violari
1267 3583 1329 3623 non

224 3658 364 3739 aluerunt,
378 3677 445 3717 cum
460 3664 572 3735 septem
590 3655 656 3715 illos
677 3656 727 3735 qui
749 3657 780 3714 in
801 3654 988 3737 expeditione
1002 3654 1146 3714 Thebana
1158 3654 1330 3717 ceciderant

224 3749 337 3809 humari
351 3750 447 3809 Creon
467 3748 642 3828 prohiberet.

264 3846 294 3901 4.
318 3842 363 3901 Ac
391 3862 488 3903 eorum
513 3863 580 3920 quae
612 3862 630 3901 a
656 3840 752 3921 poetis
775 3840 932 3900 decantata
949 3849 1017 3899 sunt
1043 3838 1156 3899 omissis
1185 3840 1328 3919 plurimis,

225 3934 327 3997 horum
352 3934 409 3994 feci
433 3935 617 4008 mentionem,
638 3928 706 4013 'quse
732 3932 850 4013 singula
872 3942 932 3992 tam
953 3935 1074 4020 uberem
1093 3943 1154 3992 tam
1171 3932 1328 3993 honestam

224 4028 340 4089 dicendi
362 4026 510 4086 materiam
535 4027 671 4107 suppedit
672 4035 732 4099 ant,
755 4037 788 4085 ut
812 4035 844 4085 et
866 4026 1015 4085 adstrictre
1033 4012 1163 4085 numeris
1188 4026 1327 4087 orationis

224 4121 352 4181 artifices
381 4130 412 4179 et
437 4118 605 4177 cantionum
638 4128 772 4178 auctores
794 4128 824 4177 et
847 4118 931 4176 multi
955 4126 1224 4203 rerumgestarum
1255 4118 1327 4177 scri·

224 4226 324 4295 ptores
351 4214 467 4282 illorum
495 4213 579 4272 factis
607 4212 783 4272 ornandis
775 4212 895 4291 ingenia
911 4198 1140 4289 doctrinamque
1166 4230 1250 4270 suam
1280 4230 1329 4270 os·

225 4308 380 4367 tentarint.
410 4302 477 4413 qqlae
500 4325 570 4365 vero
597 4304 739 4385 dignitate
767 4325 863 4365 rerum
886 4306 976 4365 nihilo
999 4304 1057 4364 illis
1087 4295 1247 4377 deteriora,
1275 4305 1329 4364 sed

226 4397 296 4497 quia
308 4420 406 4459 eorum
419 4399 557 4461 memoria
577 4398 719 4459 recentior
733 4408 789 4470 est,
806 4398 937 4476 noudum
953 4419 971 4459 a
989 4392 1084 4478 poetis
1098 4407 1255 4477 occupata,
1274 4416 1328 4456 nec

225 4486 255 4545 in
267 4477 423 4549 heroicum
432 4491 516 4599 illum
530 4476 661 4553 ordinem
675 4491 767 4551 relata
781 4502 859 4565 sunt,
879 4509 928 4551 ea
933 4493 1006 4571 jam
1019 4490 1128 4553 dicam.
1172 4490 1219 4551 llli
1239 4489 1328 4569 igitur
