2967 4950
226 272 290 389 ⁴sse·
530 261 1021 373 Abtiubbqeoitotbrr,

228 440 298 517 ptus
311 432 418 513 miqui
430 435 573 515 temporis
584 434 655 495 inihi
672 431 940 517 perterritoque
956 430 1143 507 ornamentis
1160 449 1229 495 eum
1239 433 1322 498 inter-

228 540 313 608 rogo,
337 534 434 588 utrum
455 542 492 589 ea
518 535 707 609 suscepturus
730 525 819 600 esset,
839 532 878 587 an
902 525 1027 607 propriis
1050 541 1152 587 secum
1175 526 1270 590 allatis
1288 527 1324 594 'ad

227 633 335 683 narem
345 620 470 705 veniret.
513 620 590 690 Quae
603 635 671 681 curn
685 621 723 681 ab
737 634 773 681 eo
786 620 975 700 postularem,
995 621 1119 701 rugabat
1135 640 1183 681 me
1205 638 1257 681 cur
1272 640 1323 703 ego

229 713 310 773 solus
324 712 516 773 etrierarclris
531 714 644 793 privata
658 718 837 794 armamenta
849 712 999 784 haberem,
1013 718 1043 773 et
1059 722 1157 772 utrum
1169 713 1270 774 civitas
1284 716 1322 795 ig·

228 816 347 867 noraret
368 824 455 887 posse
479 808 623 889 quosdam
643 813 825 867 armamenta
847 808 978 887 praebere
1002 806 1137 876 navibus,
1151 826 1190 865 ne
1213 807 1275 887 ipsa
1292 827 1324 867 ea

226 900 380 977 preberet,
395 918 433 959 an
453 898 516 971 tibi,
533 899 635 978 inquit,
648 898 762 980 piaeter
779 900 965 961 caeteros‘ita
983 899 1056 959 libet
1079 898 1256 977 profundere
1277 918 1323 979 per

229 990 387 1051 ludibrium
400 990 526 1064 divitias,
535 1002 573 1051 at
583 1002 615 1052 et
628 1002 809 1053 armamenta
821 993 935 1071 privata
947 992 1070 1065 habeas,
1083 1002 1115 1052 et
1127 1001 1233 1052 aurata
1245 1012 1324 1052 oma-

229 1092 331 1145 menta
346 1084 427 1145 solus
441 1104 458 1146 e
474 1084 661 1147 trierarcbisl
692 1082 767 1155 Quis
783 1085 883 1165 igitur,
903 1086 1008 1165 inquit,
1030 1096 1132 1166 posset
1152 1095 1235 1145 tuam
1252 1086 1324 1146 insa-

229 1175 309 1236 niam
320 1183 445 1257 tuasque
458 1178 644 1257 profusiones
657 1178 784 1240 tolerare
795 1178 808 1238 i
828 1180 1000 1240 comitatum
1013 1189 1193 1261 corruptum,
1214 1189 1245 1241 et
1256 1180 1324 1241 mul·

230 1274 292 1331 tirm
306 1273 439 1352 pecunie
461 1272 529 1333 aut'e
548 1282 665 1353 tempus
687 1291 804 1353 capere,
825 1284 855 1335 et
870 1274 1030 1333 immunem
1044 1275 1199 1354 areceptis
1213 1274 1323 1334 navium

229 1362 407 1437 muneribus,
419 1374 450 1425 et
460 1364 558 1425 lavare
572 1364 602 1424 in
615 1364 729 1425 balneis
740 1364 879 1426 solitum?
901 1374 1009 1426 etcum
1019 1363 1126 1425 milites
1135 1374 1200 1425 tum
1208 1362 1324 1445 remiges

229 1458 268 1517 ob
282 1471 421 1537 magnum
446 1467 476 1518 et
495 1458 639 1539 integrum
662 1458 841 1539 stipendium
863 1446 934 1519 luxu
957 1457 1145 1519 diffluentes?
1173 1458 1322 1532 Malorum,

135 1550 140 1561 '
175 1586 179 1591 -
229 1552 334 1633 inquit,
348 1550 451 1613 doctor
465 1552 601 1613 exstitisti
626 1552 657 1613 in
674 1552 816 1625 exercitu,
830 1560 861 1613 et
874 1564 977 1613 auctor
990 1570 1022 1612 es
1035 1570 1074 1611 ex
1091 1550 1189 1631 aliqua
1201 1562 1283 1631 parte
1293 1558 1324 1609 ut

229 1656 260 1707 et
273 1646 376 1725 reliqui
389 1646 538 1707 trierarchi
552 1646 692 1708 militibus
705 1645 926 1727 improbioribus
939 1654 1069 1717 utantur,
1076 1644 1181 1704 eadem
1195 1658 1263 1724 quoe
1272 1642 1323 1704 tuis
1368 1660 1371 1667 ·

230 1749 263 1801 tu
290 1738 404 1819 largiris
426 1740 648 1819 requirentibus.
699 1740 858 1802 Decuisset
877 1746 910 1803 te
934 1749 1107 1800 caeterorum
1126 1738 1324 1821 'frugalitatem

228 1832 345 1893 imitari.
386 1834 462 1893 Hoec
475 1852 511 1893 eo
526 1834 651 1907 dicente,
673 1852 730 1914 ego
744 1844 908 1914 propterea,
921 1833 1050 1913 inquam,
1063 1852 1080 1892 e
1093 1832 1190 1891 navali
1208 1852 1268 1893 non
1279 1850 1323 1892 ac·

227 1924 293 2005 cepi
305 1930 493 1997 armamenta,
509 1924 588 2004 quud
603 1926 665 2005 ipse
678 1939 716 1986 ea
729 1924 892 2007 perdidisti.
923 1924 995 1997 Sed,
1007 1924 1033 1984 si
1046 1924 1100 1996 ris,
1112 1924 1177 1983 baec
1187 1922 1322 2004 accipito:

228 2016 394 2093 sinminus,
409 2030 591 2077 armamenta
605 2018 667 2098 ipse
681 2016 734 2079 tibi
747 2035 895 2098 compara.
938 2013 1029 2086 Quod
1054 2026 1152 2077 autem
1167 2016 1209 2076 ad
1225 2021 1322 2077 bantus

229 2108 335 2169 attinet
351 2116 381 2169 et
394 2107 501 2174 milites
513 2128 549 2169 ac
563 2110 701 2189 remiges,
719 2111 744 2172 si
758 2126 810 2170 eus
824 2128 842 2169 a
856 2128 904 2169 me
925 2117 1078 2189 corruptos
1097 2124 1163 2168 esse
1180 2107 1267 2181 dicis,
1280 2126 1323 2167 ae·

184 2213 190 2223 ·
227 2208 315 2283 cepta
327 2200 435 2261 triremi
447 2201 511 2281 ipse
521 2201 574 2261 tibi
588 2211 619 2262 et
631 2210 737 2263 nautas
748 2212 778 2263 et
787 2202 892 2263 milites
901 2211 932 2262 et
942 2202 1069 2281 remiges
1082 2220 1169 2275 cura,¹
1178 2201 1231 2281 qui
1241 2199 1323 2281 gratis
1377 2208 1379 2216 ’

227 2296 259 2354 te
272 2294 459 2354 comitentur:
481 2312 585 2353 navem
596 2302 693 2357 autem
703 2294 813 2376 accipe,
825 2314 920 2375 neque
934 2294 1015 2356 enim'
1023 2313 1070 2372 me
1080 2294 1188 2354 triremi
1202 2309 1323 2374 preesse

229 2386 317 2447 decet
330 2384 465 2465 amplius.
508 2386 586 2447 Nam
599 2397 630 2449 et
642 2387 826 2469 prefectum
842 2408 916 2449 mere
934 2396 1052 2467 tempus
1064 2388 1215 2468 preteriit,
1230 2396 1261 2449 et
1271 2404 1323 2467 ego

142 2545 145 2556 ¹
221 2481 285 2562 jam
299 2489 425 2559 quatuor
436 2499 553 2541 menses
566 2481 643 2542 ultre
657 2483 688 2542 id
701 2489 777 2545 orius
793 2482 926 2544 sustinui.
943 2490 950 2514 ·
967 2481 1042 2541 Hoec
1056 2499 1104 2541 me
1114 2481 1322 2557 diceute,m1bi

226 2571 354 2652 collega,
366 2574 470 2656 iuquit,
484 2593 567 2636 meus
581 2595 641 2636 nun
654 2577 733 2636 veuit
752 2577 791 2636 ad
811 2595 934 2638 navem:
955 2594 1015 2636 non
1036 2573 1124 2656 igitur
1143 2575 1226 2636 solus
1246 2573 1321 2635 trire-

226 2683 306 2727 mem
321 2667 470 2746 accipiam.
497 2667 571 2728 Haec
586 2687 655 2729 vere
667 2687 685 2728 a
697 2687 745 2730 me
759 2669 818 2730 dici
832 2669 911 2750 apud
924 2687 986 2743 vos,
1000 2679 1031 2730 et
1044 2686 1111 2729 eum
1125 2669 1156 2728 iu
1169 2668 1236 2730 loro
1250 2667 1322 2756 prius

170 2769 175 2780 “
227 2759 299 2820 milri
311 2759 509 2840 respondisse,
523 2781 560 2822 se
569 2777 634 2822 mea
653 2763 744 2823 verba
756 2761 828 2823 nihil
842 2763 957 2832 curare}
980 2771 1010 2824 et
1027 2762 1058 2822 in
1071 2761 1198 2836 aedibus,
1212 2763 1264 2822 ubi
1278 2752 1323 2819 'lii

228 2853 400 2916 momachus
414 2853 623 2930 diversabstur,
639 2875 670 2917 se
684 2855 779 2917 sulum
792 2875 897 2918 navem
911 2875 971 2916 non
988 2873 1061 2917 esse
1071 2864 1273 2936 accepturum,
1284 2851 1322 2919 uti

227 2953 353 3022 constet,
365 2947 468 3050 barum
483 2957 579 3008 rerum
592 2949 676 3010 vobis
689 2949 859 3010 testimonia
868 2949 1011 3028 legentur.

639 3177 908 3240 TESTIMONIA.

270 3313 319 3381 10.
340 3317 416 3382 Pbst
438 3289 513 3405 haec,
528 3321 660 3394 iudices,
674 3331 741 3382 e'um
763 3341 819 3384 uec
837 3323 867 3382 in
881 3337 955 3382 nave
969 3321 1040 3382 mihi
1054 3320 1215 3382 succedere
1229 3319 1325 3390 vellet,

227 3431 323 3493 neque
337 3425 472 3493 sumptus
485 3415 589 3503 reliqui
609 3416 749 3496 temporis
768 3412 914 3489 redderet,
927 3425 958 3475 et
976 3435 1024 3476 me
1040 3415 1104 3474 dux
1117 3416 1233 3478 solvere
1241 3415 1322 3497 jube-

226 3516 282 3578 ret,
296 3501 454 3586 aggressus
469 3526 535 3568 eum
551 3498 663 3570 Thasi
653 3529 684 3568 ιιι
698 3517 796 3590 portu,
809 3527 907 3571 coram
921 3509 1008 3588 duce,
1022 3507 1140 3590 plena
1127 3528 1189 3585 Jam
1208 3507 1320 3576 triremi,

229 3597 271 3660 sic
286 3616 355 3659 cum
369 3619 404 3660 eu
419 3615 486 3682 ago,
497 3612 556 3662 non
570 3600 651 3682 quod
665 3618 782 3708 aequum
794 3612 873 3663 esset
884 3609 960 3678 (erat
971 3602 1047 3662 enim
1060 3598 1115 3662 ist'e
1124 3602 1246 3662 meliore
1258 3612 1321 3661 con·

228 3691 360 3770 ditione),
382 3693 435 3754 sed
457 3694 526 3774 quia
546 3701 599 3776 pro
620 3715 650 3757 re
670 3699 740 3756 ua'ta
754 3697 795 3756 sic
813 3706 901 3776 agere
917 3714 1040 3758 necesse
1058 3693 1130 3754 mrbr
1141 3705 1225 3756 erat:
1247 3702 1326 3774 port·

226 3777 429 3865 mansuris,
444 3785 592 3870 Polycles,
606 3787 752 3868 collegam
766 3795 849 3849 tuum
864 3809 924 3850 nou
938 3789 1047 3863 venire,
1060 3788 1209 3870 impensas
1225 3783 1322 3865 reliqui

227 3878 377 3957 temporis,
392 3889 516 3959 quatuor
528 3881 685 3956 mensium,
696 3881 721 3942 si
734 3890 846 3962 potero,
858 3883 895 3942 ab
910 3900 947 3942 eo
960 3880 1086 3962 exigam.
1128 3875 1177 3940 Tu
1188 3899 1261 3941 vero
1278 3896 1322 3939 ac·

226 3980 314 4054 cepta
336 3973 416 4046 navi,
430 3973 555 4054 primum
573 3983 660 4049 tuum·
676 3983 805 4056 tempus,
820 3992 873 4035 sex
893 3988 1022 4050 menses,
1044 3975 1145 4036 obitos
1167 3973 1285 4046 deiude,
1298 3967 1321 4030 si

225 4055 337 4126 interea
349 4065 460 4126 tenerit
473 4067 587 4146 college
601 4078 680 4139 tuus,
695 4072 761 4128 eam'
775 4068 855 4130 obito
874 4077 926 4128 tuo
949 4087 1069 4130 munere
1085 4068 1129 4128 illi
1146 4067 1267 4140 tradito,
1280 4064 1321 4126 sin

226 4158 335 4232 minus,
349 4158 421 4220 nihil
443 4157 627 4220 intolerabile
651 4161 705 4224 tibi
728 4161 853 4236 accidet,
872 4161 928 4222 etsi
949 4162 1025 4222 duos
1044 4175 1160 4223 menses
1172 4158 1320 4242 adjeceris

228 4251 285 4326 An,
300 4269 368 4311 cum
392 4271 448 4332 ego
471 4261 502 4313 et
520 4273 618 4313 meum
639 4262 755 4336 tempus
770 4267 801 4316 et
823 4255 947 4336 collegae
967 4257 1101 4334 obierim,
1115 4267 1145 4318 et
1164 4267 1220 4336 pro
1242 4253 1320 4315 r'obis

227 4337 316 4402 etiam
330 4356 434 4406 exacto
449 4351 580 4427 ternpore
594 4349 745 4456 publicum
760 4354 867 4410 munus
892 4346 1089 4424 sustinuerim,
1104 4348 1146 4425 tu,
1158 4351 1210 4431 qui
1229 4333 1321 4409 nullos

226 4433 321 4524 fecisti
334 4447 479 4518 sumptus,
494 4441 631 4520 gravaris,
646 4449 785 4540 suscepta
798 4444 874 4516 navi,
889 4443 940 4521 vel
950 4453 1034 4506 tuum
1043 4445 1124 4506 obire
1136 4451 1277 4538 tempus,
1274 4441 1321 4509 aut
