2967 4950
481 319 527 381 m
550 317 887 394 crasianourau.
1178 317 1232 386 1r1
1302 303 1310 310 ’

132 476 420 554 jerat„semperqne
445 474 526 553 apud
553 474 673 541 eosdem
700 474 755 537 sibi
778 474 867 534 fidem
888 493 955 533 esse
975 474 1082 551 jurato
1097 469 1238 551 postulat,

136 569 263 634 duorum
284 566 408 626 alterurn
428 578 587 648 suppetere
600 579 745 648 oportere,
760 589 885 647 quorum
904 577 1041 629 neutrum
1061 575 1238 630 consecutus

136 668 183 718 est
195 660 489 732 Demosthenes„aut
502 661 573 721 deos
586 680 679 721 novos
692 671 818 719 autnon
833 659 956 724 eosdem
970 659 1127 728 auditores.
1168 657 1189 718 J
1191 677 1239 728 am

137 752 217 830 quod
232 752 272 812 ad
288 752 437 832 lacrymas
450 749 560 812 attinet
577 762 608 812 et
621 752 839 812 contentionem
859 752 952 824 vocis,
971 770 1039 810 cum
1051 770 1104 810 vos
1125 750 1240 830 rogabit

138 862 208 920 qno
234 844 481 923 confugiam,
506 841 820 921 Athenienses?
847 840 1161 901 circumscribetis
1183 861 1238 900 me

138 927 185 1000 esx
207 936 445 1015 republica}
467 956 543 996 non
566 946 628 995 est
648 955 725 1014 quo
749 955 801 994 me
822 935 1151 1015 recipiam,.haecei
1169 955 1239 995 con·

139 1037 187 1087 tra
209 1028 317 1088 referta
344 1037 384 1086 at
409 1027 589 1107 populus
617 1027 890 1087 Atheniensis
916 1046 990 1105 quo
1017 1027 1238 1106 confugiet,

138 1118 468 1178 Demosthenes?
498 1118 545 1178 ad
565 1139 677 1198 quem
699 1119 1162 1198 sociorum-apparatum
1181 1120 1240 1180 vel

76 1234 80 1240 ’
142 1211 333 1289 adquam
359 1211 590 1289 pecuniam?
627 1232 710 1292 quae
746 1211 832 1280 dum
859 1221 899 1272 tu
934 1232 1050 1291 remp.
1086 1231 1242 1292 gereres

142 1307 565 1387 populomunimenta
591 1305 864 1384 comparasti?
899 1326 986 1366 nam
1013 1306 1159 1384 quibus
1186 1327 1241 1368 re·

142 1401 215 1459 bus
242 1399 318 1460 tibi
343 1398 423 1477 ipsi
452 1398 726 1469 consulueris,
753 1399 1105 1460 omnesvidemus.
1136 1399 1241 1458 Urbe

144 1491 248 1550 enirn
278 1491 431 1550 relicta
453 1509 539 1563 non,
571 1492 613 1549 ut
644 1499 682 1548 te
707 1490 837 1549 videri
872 1489 987 1562 velis,
1021 1489 1057 1547 in
1087 1489 1241 1550 Piraeeo

144 1585 321 1658 habitas,
349 1584 419 1644 sed
446 1585 584 1663 fugam
616 1604 661 1642 ex
687 1582 860 1642 civitate
888 1591 1058 1661 spectas,
1082 1583 1241 1662 jamque

146 1679 318 1756 ignaviae
340 1687 416 1737 tuoe
440 1677 603 1737 viatica
621 1674 844 1756 providisti
868 1694 1004 1734 aurum
1030 1675 1177 1754 regium
1205 1689 1243 1738 et

146 1771 339 1850 peculatu
362 1770 557 1849 quaesitas
579 1789 685 1849 opes.

93 1912 97 1920 .
149 1865 235 1923 ..73.
257 1864 393 1943 Denique
417 1884 554 1942 quorsum
580 1863 739 1942 lacrymae?
771 1883 910 1942 quorsum
932 1862 1073 1942 ejulatio?
1105 1881 1245 1941 quorsum

147 1964 232 2030 tanta
250 1957 301 2016 illa
314 1958 397 2017 'vocis
413 1957 585 2018 contentio?
609 1958 717 2016 Nonne
730 1958 760 2016 is'
774 1957 833 2035 qui'
845 1975 966 2016 causam
987 1955 1059 2014 dicit
1083 1945 1248 2034 Ctesiphon

147 2060 204 2122 est,
217 2052 365 2129 causaque
375 2051 441 2130 ipsa
449 2069 634 2130 nequaquam
645 2069 682 2108 ex
695 2049 729 2108 iis
742 2069 808 2128 quae
821 2059 936 2128 poenam
948 2049 1060 2108 habent
1068 2047 1181 2126 legibus
1196 2049 1248 2108 de·

148 2142 271 2214 finitam,
283 2152 316 2201 tu
329 2162 398 2202 vero
410 2162 504 2220 neque
516 2141 553 2201 de
566 2143 691 2226 fortunis
701 2161 797 2220 neque
810 2141 848 2202 de
859 2142 1024 2219 vitansque
1035 2141 1248 2202 existimatione

149 2244 201 2292 tua
215 2235 360 2293 decertas.
382 2235 460 2301 ¹Qua
471 2235 590 2293 tandem
605 2235 692 2312 igitur
706 2235 744 2293 de
758 2253 789 2292 re
804 2233 939 2319 laborati
962 2235 1009 2290 De
1023 2233 1118 2292 aureis
1133 2235 1248 2294 coronis
1312 2221 1314 2230 ’

115 2355 120 2362 ·
149 2336 181 2386 et
194 2324 346 2404 praeconiis
363 2325 395 2392 ‚in
417 2326 531 2391 theatro
544 2326 661 2404 legibus
674 2325 853 2387 interdictis
881 2329 987 2396 Quem,
1002 2324 1032 2384 si
1052 2327 1177 2404 populns
1199 2337 1250 2387 aut
1304 2378 1314 2382 -

149 2419 247 2483 tutore
267 2437 400 2497 praeceps
422 2427 474 2477 aut
491 2417 645 2497 praesentis
665 2437 762 2477 rerum
782 2427 876 2477 status
896 2419 1047 2477 immemor
1070 2426 1130 2480 tam
1154 2419 1251 2483 alieno

150 2520 282 2589 tempore
299 2530 366 2569 eum
386 2530 496 2569 corona
509 2510 619 2569 donare
639 2509 738 2580 vellet,
756 2509 786 2567 in
805 2509 976 2569 concionem
997 2530 1186 2589 progressum
1206 2511 1251 2571 di·

63 2674 66 2681 ,
152 2604 234 2665 xisse
271 2605 434 2682 oportebat,
471 2603 1249 2681 Athenienses,'coronamquidemac-

154 2696 461 2775 cipio„tempus
489 2704 629 2766 autem,
663 2695 799 2773 inquo
827 2695 1147 2774 fitpraeconinm,
1172 2718 1251 2758 non

152 2789 298 2868 probo:
323 2808 396 2847 nee
422 2787 525 2847 enim
546 2788 673 2862 decet,
700 2797 975 2867 propterquae
1010 2789 1252 2869 respublica

154 2882 269 2942 luctu
307 2882 449 2941 obruta
482 2883 547 2941 e'st
581 2890 620 2941 et
655 2877 824 2940 comam.
848 2881 1044 2951 totondit,
1083 2890 1251 2960 propter

77 3000 82 3007 ·
155 2994 201 3033 ea
236 2994 291 3032 me
324 2993 475 3033 corona
510 2973 661 3040 donari.
698 2972 1040 3049 Hacopinororatione
1060 2983 1191 3033 uteretur
1210 2975 1253 3033 vir

155 3069 267 3140 bonus,
281 3065 331 3145 qui
344 3065 433 3126 vitam
453 3084 521 3126 cum
542 3085 611 3129 vera
635 3066 740 3127 virtute
762 3064 955 3143 conjunctam,
971 3066 1108 3131 vixisset:
1130 3086 1196 3144 quaa
1220 3076 1253 3127 tu
1354 3099 1358 3105 .

157 3158 240 3219 dices
263 3176 343 3228 vero,
365 3156 500 3217 scelerati
520 3167 590 3217 sunt
603 3156 758 3218 nebulonis
772 3157 1014 3224 inanemvirtutis
1035 3159 1168 3223 umbram
1182 3178 1253 3219 con·

137 3250 309 3312 sectantis.
532 3251 535 3256 ’
661 3266 665 3274 ·
1169 3310 1172 3315 .

154 3389 159 3396 x
200 3346 249 3404 74.
278 3344 385 3422 Neque
402 3345 479 3405 enim
492 3348 658 3408 mehercule
672 3348 730 3407 hoc
744 3336 900 3427 quisquam
914 3348 1254 3427 vestrumpertimescat,

157 3437 436 3510 nexDemosthenes,
446 3427 548 3519 magni
558 3442 602 3501 vir
612 3436 701 3501 animi
709 3449 746 3499 'et
757 3440 864 3501 virtute
872 3442 979 3501 bellica
990 3440 1170 3522 proecellena‚
1181 3460 1256 3520 prae·

159 3530 224 3600 iniis
238 3531 416 3591 fortitudinis
439 3532 597 3595 frustratus
613 3554 645 3594 se
665 3534 785 3594 domum
801 3553 931 3595 reversus
943 3532 1119 3601 interficiat:
1142 3534 1193 3612 qui
1207 3554 1257 3593 us·

159 3642 219 3701 que
233 3622 308 3681 adeo
321 3623 416 3683 laudis
435 3636 467 3685 et
479 3620 580 3703 gloriae
602 3627 680 3705 apud
694 3647 747 3687 voa
766 3627 895 3687 studium
911 3627 1034 3719 deridet,
1049 3637 1082 3687 nt
1096 3626 1257 3697 nefandum

158 3714 370 3793 illudcaputet
382 3718 543 3777 rationibus
556 3719 716 3779 referendis
727 3721 897 3793 obnoxium,
910 3720 989 3800 quod
1000 3721 1055 3779 iste
1063 3732 1166 3791 contra
1175 3721 1258 3801 leges

160 3826 262 3882 omnes
276 3809 475 3875 coronandum
490 3811 628 3877 decrevit,
645 3812 744 3871 decies
762 3812 868 3871 millies
884 3812 1069 3887 dissecuerit,
1083 3815 1204 3894 ejusque
1218 3812 1260 3873 rei
1341 3863 1343 3872 ,

161 3903 323 3962 olonnam
332 3902 499 3963 mercedem
509 3903 587 3983 tulit,
598 3906 835 3965 accusationibus
849 3905 887 3965 de
898 3904 1017 3965 vulnere
1028 3908 1163 3967 consulto
1176 3906 1259 3966 illato

160 3994 313 4067 institutis,
328 3996 492 4074 pugnisque
503 3995 547 4080 ita
562 4006 608 4057 est
620 4017 640 4058 a
654 3996 751 4057 Midia
759 3993 910 4069 concisus,
921 4008 954 4057 ut
963 4018 1063 4058 eorum
1077 3999 1195 4059 credam
1208 4017 1259 4058 ve·

162 4087 361 4167 stigiaadhuc
379 4088 409 4147 in
424 4108 545 4170 corpore
559 4090 621 4169 ejus
642 4091 779 4151 eminere.
807 4086 997 4158 Homoenim
1019 4100 1152 4157 nontam
1171 4100 1262 4170 caput

163 4189 273 4259 gestat,
283 4199 374 4258 'quarn
388 4180 604 4260 capitularium.
977 4242 980 4247 ,
1058 4260 1061 4265 Δ
1211 4258 1215 4263 .

161 4267 186 4277 '⁵
206 4275 257 4331 75.
278 4273 347 4332 Jam
371 4293 457 4352 porro
472 4274 510 4333 de
529 4273 735 4354 Ctesiphonte,
746 4277 808 4355 'qni
828 4278 1009 4339 scitumhoc.
1022 4274 1148 4355 scripsit,
1160 4294 1263 4355 ,pauca

165 4362 238 4434 mihi
249 4364 378 4426 dicenda
390 4376 478 4435 annt;
499 4368 704 4428 multa'autem
717 4371 881 4447 praeteribo,
897 4379 931 4430 ut
950 4370 1039 4431 vestri
1059 4369 1164 4451 faciam
1178 4370 1263 4447 peri·
1315 4425 1317 4431 s

166 4454 528 4545 pidum,’utrumjhomines
537 4458 722 4541 improbitate
731 4463 934 4542 precellentes
946 4461 1001 4541 ipsi
1011 4480 1063 4545 per
1076 4470 1141 4539 ros,
1151 4459 1267 4534 edamsi
