2967 4950
768 93 800 112 Ὦ

247 283 305 342 728
508 280 509 286 '
551 279 766 340 ADVERSUS
787 277 1029 340 CALLICLEM.

248 435 402 514 statimque
423 433 566 515 indignari
588 446 620 496 et
646 435 742 496 dicere
766 435 804 495 ad
831 443 953 513 patrem,
979 433 1094 493 'lisia
1124 451 1189 494 cur
1216 431 1320 492 istud

247 525 371 587 facis?
394 527 565 587 obstruis
591 526 759 587 fossam?
780 527 858 607 jam
881 545 981 604 aqua
1002 526 1037 586 in
1056 536 1224 586 nostrum
1245 544 1319 603 prse-

247 617 351 678 dium
378 619 508 678 irruit.
549 619 599 692 Ut,
614 620 637 679 si
659 620 798 680 desistere
823 618 972 691 voluisset,
993 617 1064 677 nihil
1084 619 1236 678 molestum
1254 617 1320 676 inter

246 701 439 790 vosmetipsos
451 699 680 782 intercessisset;
702 711 748 772 sin
758 709 911 786 noluisset,
923 731 959 772 ac
971 712 1032 772 tale
1046 709 1156 791 aliquid
1169 709 1323 782 accidisset,

246 803 370 864 testibus
391 804 426 864 iis
450 805 579 882 quitum
604 804 753 866 affuissent
772 804 815 864 uti
838 803 977 863 licuisset.
1018 802 1062 863 Ac
1083 802 1278 864 mediusfidius
1296 813 1321 861 te

245 896 399 956 ostendere
421 897 548 976 oportuit
569 896 701 958 omnibus
720 897 885 957 hominibus
899 915 964 956 esse
981 895 1100 968 fossam,
1109 905 1147 954 ut
1166 916 1225 956 non
1237 895 1320 956 verbis
1423 888 1424 921 ³

244 987 368 1058 tantum,
382 999 416 1048 ut
428 1008 518 1062 nunc,
529 989 581 1048 sed
597 988 703 1068 reipsa,
722 991 832 1069 patrem
850 987 961 1066 injuriae
980 988 1177 1070 convincerer.
1218 989 1321 1048 Horum

245 1090 342 1140 autem
367 1080 439 1140 nihil
459 1082 612 1160 quisquam
633 1092 759 1141 vestrum
779 1100 905 1159 unquam
927 1089 1064 1160 prestare
1087 1079 1188 1140 voluit.
1229 1079 1322 1156 Neque

244 1171 322 1232 enim
336 1174 496 1246 absentem,
509 1183 543 1232 ut
555 1193 602 1232 me
616 1193 704 1246 nunc,
718 1173 921 1244 damnassetis,
941 1191 1035 1250 neque
1057 1171 1212 1231 calumniis
1229 1171 1320 1230 vestris

243 1263 399 1344 quicquam
414 1267 627 1344 profecissetis:
649 1266 701 1324 sed
715 1266 740 1325 si
758 1275 819 1324 tum
830 1275 931 1325 testem
943 1263 1135 1324 adduxissetis
1150 1283 1244 1343 eoque
1255 1283 1320 1343 prse-
1364 1278 1367 1281 ·

146 1421 153 1436 ‚
243 1366 325 1417 sente
339 1358 559 1431 reclamassetis,
573 1357 620 1417 ille
635 1357 728 1440 utqui
742 1378 803 1418 rem
817 1368 994 1437 compertam
1008 1357 1140 1428 haberet,
1152 1355 1256 1414 horum
1269 1355 1320 1413 sin-
1411 1393 1413 1400 »

243 1448 318 1528 gulis
332 1451 373 1510 ita
392 1453 434 1510 uti
456 1462 525 1511 sunt
545 1451 708 1524 declaratis,
723 1451 809 1512 facile
831 1450 1024 1512 mercenarios
1045 1459 1139 1508 testes
1162 1449 1320 1522 refutasset.

243 1539 306 1600 Vos
320 1552 417 1602 autern
436 1562 496 1620 me,
506 1544 639 1602 nimirum
659 1545 803 1604 hominem
821 1543 877 1604 hac
895 1553 983 1602 estate
996 1553 1026 1602 et
1039 1562 1138 1602 rerum
1152 1542 1319 1621 imperitum,

242 1653 343 1693 omnes
357 1636 577 1715 contempsistis.
619 1638 794 1716 Verumcgo
805 1647 905 1697 contra
918 1636 990 1696 istos
1000 1655 1112 1707 omnes,
1124 1635 1318 1703 Athenienses,

242 1725 371 1804 ipsorum
384 1727 462 1786 sacta
474 1748 540 1806 quae
554 1729 716 1789 firmissimo
729 1727 893 1789 testimonia
904 1738 973 1788 sunt
986 1727 1140 1787 exhibebo.
1183 1727 1243 1785 Cur
1253 1725 1320 1786 enim

242 1836 329 1877 nemo
343 1837 442 1878 eorum
454 1819 500 1877 vel
514 1819 685 1881 testificatus
700 1821 746 1880 rel
759 1829 937 1899 conquestus
950 1828 1006 1892 est,
1018 1820 1076 1879 imo
1087 1838 1138 1877 cur
1149 1819 1261 1877 nullum
1273 1838 1320 1875 un·

240 1929 328 1990 qnam
339 1911 459 1970 verbum
472 1912 612 1986 fecerunt,
625 1932 677 1972 cur
691 1913 762 1972 satis
776 1913 941 1972 habuerunt
950 1931 1001 1971 eas
1015 1910 1134 1989 injurias
1151 1910 1256 1989 quibus
1266 1908 1321 1968 affi-

242 2013 377 2064 cerentur
390 2004 559 2083 negligere?
1278 2073 1284 2084 ,

282 2096 311 2154 3.
326 2095 373 2155 Ad
387 2096 507 2156 istorum
517 2097 605 2175 igitur
618 2095 831 2156 accusationem
846 2093 1027 2155 refutandam
1040 2095 1088 2154 vel
1100 2093 1167 2154 haec
1183 2094 1252 2154 satis
1265 2112 1320 2152 esse

241 2187 335 2247 multa
355 2188 493 2248 arbitror:
513 2199 547 2248 ut
567 2199 664 2250 autem
685 2189 792 2260 sciatis,
807 2189 1010 2262 Athenienses,
1024 2189 1062 2248 de
1082 2187 1146 2246 aliis
1168 2189 1265 2257 etiam,
1278 2207 1321 2266 pa·

240 2287 314 2340 trem
324 2299 377 2342 nec
393 2279 532 2359 sepiendo
542 2281 633 2342 fundo
647 2281 803 2362 quicquam
817 2301 968 2363 peccasse,
981 2291 1012 2341 et
1021 2282 1093 2341 istos
1105 2281 1206 2341 omnia
1218 2279 1320 2340 lalsoin

241 2394 295 2436 nos
306 2374 425 2447 dixisse,
440 2375 595 2436 dilucidius
605 2396 657 2436 vos
672 2376 795 2436 edocere
809 2376 947 2436 conabor.
970 2375 1103 2434 Fundum
1117 2384 1250 2434 nostrum
1262 2393 1319 2432 esse
1427 2414 1428 2433 r

240 2463 388 2547 proprium'
400 2468 447 2528 isti
460 2468 547 2529 etiam
565 2467 759 2565 confitentur:
780 2469 859 2550 quod
873 2489 939 2529 cum
953 2468 993 2529 ita
1006 2467 1052 2538 sit,
1066 2465 1272 2540 Athenienses,
1283 2465 1321 2524 in·

240 2570 341 2639 specto
353 2561 444 2621 fundo
461 2562 642 2640 potissimum
657 2562 812 2639 cerneretis
825 2561 1002 2622 calumniam
1023 2560 1094 2619 mihi
1109 2561 1184 2621 fieri.
1219 2562 1320 2629 Quam·

234 2651 341 2709 obrem
355 2652 442 2733 etiam
455 2672 510 2731 ego
527 2653 641 2713 arbitris
661 2654 754 2732 aequis
775 2673 835 2713 rem
855 2654 1020 2733 permittere
1035 2652 1130 2721 volui;
1145 2672 1208 2713 non
1231 2652 1285 2723 isti,
1295 2661 1325 2707 ut

242 2763 320 2803 nunc
333 2744 431 2829 ¹rlicere
441 2744 567 2805 audent:
588 2746 773 2825 perspicuum
786 2755 884 2805 autem
894 2756 925 2805 et
936 2745 993 2805 hoc
1003 2744 1101 2805 statim
1110 2746 1194 2805 vobis
1205 2745 1259 2804 erit
1268 2762 1321 2803 om·
1428 2803 1429 2824 ,

239 2834 334 2897 nibus.
375 2836 526 2897 Attendite
548 2838 649 2912 modo,
661 2838 864 2911 Athenienses,
884 2858 935 2917 per
955 2838 1025 2898 deos
1046 2857 1099 2897 uos
1117 2858 1171 2897 oro
1192 2839 1324 2896 animum.
1428 2839 1429 2848 ²

241 2928 298 2989 Via
313 2928 388 2989 inter
401 2949 500 2997 meum
514 2940 545 2989 et
557 2930 679 2991 istorum
692 2931 816 2991 fundum
829 2931 964 2991 interest:
985 2949 1053 2990 cum
1065 2938 1162 2989 autem
1177 2950 1263 2991 mons
1273 2947 1322 2985 nn·

240 3018 395 3101 dequaque
408 3021 516 3109 praedia
528 3022 637 3099 cingat,
647 3023 681 3083 fit
694 3032 813 3102 utaque
824 3022 957 3083 defluens
970 3023 1073 3102 partim
1083 3022 1115 3080 in
1127 3023 1217 3097 viam,
1227 3020 1321 3102 partim

239 3111 269 3171 in
282 3112 403 3193 praedia,
417 3115 536 3175 feratur.
577 3114 690 3194 anue,
704 3115 728 3175 si
745 3115 862 3194 quando
875 3115 905 3174 in
919 3116 995 3175 viam
1009 3114 1132 3185 irruerit,
1146 3132 1209 3193 qua
1221 3115 1321 3184 exitum

241 3202 339 3279 habet,
349 3206 484 3275 deorsum
499 3226 550 3286 per
562 3206 639 3267 riam
653 3208 754 3282 fertur,
766 3228 826 3287 qua
837 3218 935 3267 autem
949 3207 1058 3286 aliquid
1069 3207 1199 3285 obsistit,
1213 3206 1252 3267 ibi
1265 3224 1323 3265 ean

240 3308 446 3375 exaggeratam
459 3298 488 3357 in
499 3299 605 3358 fundos
618 3300 784 3360 redundare
797 3320 919 3361 necesse
931 3309 987 3359 est.
1011 3300 1113 3377 Atque
1122 3299 1200 3359 adeo
1213 3301 1244 3359 in
1252 3299 1323 3357 hunc

239 3388 598 3471 fundum,Judices,facta
606 3392 805 3467 inundatione,
812 3392 937 3469 contigit
945 3411 1051 3471 aquam
1060 3392 1186 3452 irrueret
1198 3392 1324 3467 sedneg·

238 3479 359 3550 lectum,
371 3490 455 3561 patre
467 3501 533 3542 meo
548 3484 678 3543 nondum
692 3495 819 3557 tenente,
833 3484 888 3545 sed
900 3484 1017 3543 homine
1039 3483 1086 3543 cui
1103 3484 1169 3542 loca
1191 3483 1255 3543 haec
1268 3500 1330 3541 our.

239 3570 309 3632 nino
320 3572 513 3651 displicebant
523 3583 553 3634 et
565 3575 659 3653 magis
670 3578 889 3655 urbano,atque
897 3576 1050 3637 inundatio
1058 3576 1103 3637 bis
1111 3585 1162 3634 aut
1170 3586 1216 3635 ter
1225 3573 1324 3633 fundos

240 3663 366 3723 vastavit
378 3684 413 3724 ac
426 3665 523 3747 potius
537 3687 588 3727 eos
597 3676 632 3725 ut
640 3667 715 3727 viam
729 3670 935 3749 complanavit.
976 3668 1064 3737 Quod
1077 3678 1160 3748 pater
1173 3688 1242 3727 cum
1253 3665 1324 3726 ride·

238 3766 294 3828 ret,
307 3766 341 3815 ut
352 3776 408 3835 ego
422 3778 458 3817 ex
471 3759 507 3818 iis
522 3760 571 3839 qui
584 3770 692 3819 norunt
705 3761 802 3833 audio,
814 3781 850 3821 ac
869 3762 956 3821 vicini
967 3770 1000 3821 et
1013 3760 1208 3840 deposcerent
1225 3768 1259 3820 et
1275 3759 1323 3815 iter

237 3867 290 3928 per
303 3847 426 3908 fundum
440 3852 578 3925 facerent,
592 3852 647 3913 hac
661 3854 787 3916 maceria
798 3853 1002 3914 circumdedit.

276 3942 306 4001 4.
322 3940 395 4001 Haec
408 3952 443 4001 ut
460 3964 529 4003 vera
542 3965 607 4005 esse
621 3946 703 4005 vobis
715 3956 842 4017 constet,
858 3966 926 4006 cum
944 3955 1033 4005 testes
1043 3964 1094 4005 eos
1107 3943 1269 4022 producam
1280 3938 1326 4020 qui

237 4054 298 4095 rem
312 4044 429 4108 norunt,
443 4045 504 4094 tum
528 4049 710 4116 argumenta,
725 4039 932 4113 Athenienses,
944 4038 1068 4099 testibus
1088 4038 1182 4097 multo
1195 4034 1325 4095 firmiora.

238 4126 377 4187 Callicles
398 4126 440 4186 ait
462 4148 519 4200 me,
533 4130 682 4191 obstructo
696 4130 794 4203 alveo,
806 4131 946 4191 damnum
965 4129 1023 4191 sibi
1040 4129 1176 4189 dedisse:
1195 4148 1252 4207 ego
1264 4143 1326 4209 vero

235 4216 358 4277 fundum
373 4240 439 4279 eum
453 4238 529 4291 esse,
541 4240 601 4280 non
622 4222 747 4293 alveum,
761 4222 926 4283 ostendam.
967 4209 1055 4291 Quod
1070 4222 1103 4281 ni
1120 4222 1324 4281 concederetur

237 4319 370 4367 nostrum
384 4331 449 4371 esse
463 4311 621 4395 proprium,
636 4313 665 4370 in
679 4333 714 4373 eo
729 4314 850 4375 fortasse
863 4333 1066 4395 peccaremus,
1074 4314 1153 4392 quod
1165 4312 1265 4373 locum
1277 4329 1326 4387 pu·

235 4396 343 4458 blicum
354 4412 589 4469 exstrueremus:
608 4424 688 4465 nunc
702 4425 798 4483 neque
811 4407 851 4467 de
862 4427 897 4467 eo
907 4408 1036 4487 litigant,
1044 4403 1194 4467 etsundus
1202 4402 1328 4467 consitus
