2967 4950
391 248 469 364 *un
488 301 758 383 nauseasse
773 267 1029 366 asamona.
1135 278 1137 284 ‘
1232 304 1272 369 se

163 458 285 518 afficere
299 451 424 530 destitit,
437 467 469 518 at
479 458 728 520 'laisamaledicta
736 459 851 538 Jaaare,
864 478 926 518 nnn
938 459 968 518 in
978 458 1201 531 'meduntense
1217 461 1271 534 sad
1290 515 1292 525 .

164 551 254 611 etiam
267 550 299 610 in
311 562 436 612 ceteros.
459 552 555 620 Quem
571 571 641 612 vero
651 552 694 611 sic
710 551 861 630 deprimit,
869 571 971 612 rursus
985 549 1271 626 mutatasantentia,

164 644 251 723 quasi
262 644 515 704 alcibiademaut
528 643 934 725 Themistoclemaccusarat,
949 663 1071 723 quorum
1088 663 1202 704 summa
1215 643 1273 704 init

164 737 244 796 inter
255 735 380 796 Graecos
393 737 563 808 auctoritas,
581 725 763 806 criminatur,
784 746 819 796 ut
837 737 932 816 quiet
950 735 1122 797 Phocenses
1139 737 1271 797 civitates

165 830 334 899 averterim,
356 815 388 888 et
407 828 542 888 Thraciae
558 829 657 888 locum
676 849 696 888 a
715 829 801 888 vobis
822 829 985 902 alienarim,¹
1004 839 1035 889 et
1057 829 1271 910 Cersoblepteu
1298 833 1302 838 “

165 921 255 980 etiam
269 941 361 1000 regno
374 923 521 1002 ejecerim,
535 922 630 982 sirum
651 922 779 982 amicum
798 931 827 981 et
849 922 1023 983 soedaratum
1037 924 1178 984 civitatis:
1200 925 1272 1004 quin

110 1011 113 1016 ’
165 1023 205 1080 et,
217 1012 361 1095 Dionysio
374 1015 483 1074 Siciliae
496 1025 623 1096 tyranno
639 1035 687 1076 me
707 1033 878 1094 comparare
895 1015 1032 1089 instituit,
1053 1017 1201 1078 ct-bellua
1217 1029 1271 1078 tos
1359 1026 1361 1032 ’

165 1123 277 1184 magna
289 1109 445 1168 severitate
464 1117 495 1167 et
508 1108 636 1170 clamore
650 1107 742 1167 multo
762 1117 809 1166 cst
822 1106 950 1181 hortata,
964 1118 998 1171 ut
1014 1111 1098 1170 vobis
1119 1111 1271 1184 caveretis,

165 1209 198 1257 at
211 1198 659 1274 Siculesacriticuloespmniuru
672 1199 816 1260 recitavit.
839 1199 916 1258 Cum
930 1211 1027 1260 autam
1042 1221 1104 1262 rem
1118 1213 1272 1282 tantopere
1331 1224 1333 1228 ·
1395 1217 1414 1230 ²

166 1301 392 1368 exaggerasset,
411 1291 516 1351 invidit
535 1292 609 1352 meis
630 1291 895 1362 criminationibus,
910 1301 940 1352 at
961 1311 1082 1354 causam
1102 1313 1198 1354 rarum
1220 1315 1272 1374 ge-

167 1392 280 1442 starum
295 1383 452 1462 adscripsit
464 1402 524 1443 non
537 1383 611 1443 meis
623 1384 733 1453 verbis,
748 1384 808 1443 sed‘
817 1383 945 1464 Philippi
959 1385 1056 1445 armis.
1238 1382 1241 1392 '

207 1477 238 1536 6.
258 1470 374 1535 Contra
386 1473 476 1555 igitur
487 1484 602 1535 tantam
615 1475 771 1535 audaciam
786 1477 988 1555 etpreestigias
1001 1475 1139 1550 hominis,
1152 1477 1271 1540 difficile
1319 1544 1325 1560 ,

166 1578 217 1628 est
228 1568 276 1627 vel
290 1569 457 1628 meminisse
472 1569 599 1649 singula,
620 1581 651 1628 et
667 1587 737 1628 cum
748 1568 884 1648 periculo
898 1570 999 1630 dicere
1013 1581 1117 1632 contra
1135 1572 1271 1652 inexspe-

166 1671 265 1722 ctatus
275 1660 449 1722 calumnias.
486 1662 549 1722 Sed·
559 1671 660 1722 maren
673 1679 733 1740 qua
744 1661 857 1722 ratione
872 1676 968 1720 meam
990 1659 1152 1726 oratmnem
1167 1659 1272 1724 diluci-

166 1753 331 1827 dissimam,
341 1755 484 1834 vobisque
497 1763 598 1814 notam
612 1765 643 1814 et
656 1772 773 1834 aequam
784 1753 846 1812 fore
854 1754 989 1827 arbitror,
997 1755 1066 1814 inde
1077 1756 1270 1835 suspicabare

167 1847 306 1907 videlicet
324 1848 362 1907 ah
376 1847 509 1912 oratione
523 1848 561 1907 de
576 1866 651 1927 pace
670 1857 701 1906 et
714 1846 832 1906 delectu
850 1841 1016 1925 legationis.
1049 1849 1098 1908 Sic
1116 1850 1193 1909 eninr
1212 1866 1272 1932 ego
1359 1847 1360 1854 ἵ

167 1940 295 1999 maxime
308 1949 339 1999 et
347 1940 519 2012 meminero,
529 1950 564 2000 et
577 1941 676 2000 dicere
688 1949 801 2019 potero,
815 1949 845 1999 et
858 1959 912 1998 ros
926 1951 986 1998 reru
1002 1943 1195 2019 cognoscetis.
1228 1951 1231 1958 ‘

209 2036 240 2094 7.
261 2033 323 2094 Vos
336 2052 438 2093 omnes
451 2033 524 2092 illud
537 2034 634 2112 ipsum
648 2032 817 2093 meminisse
831 2034 973 2102 arbitror,
986 2032 1100 2111 legatos
1122 2031 1271 2098 Euboan

167 2126 336 2198 alumnum
359 2125 487 2204 depace
506 2145 526 2184 a
546 2145 613 2186 sese
627 2123 694 2184 carn
713 2125 825 2204 populo
843 2125 980 2184 iacienda
992 2126 1133 2203 egissent,
1152 2127 1271 2202 disisam
1320 2194 1321 2204 ,

167 2220 259 2281 etium
272 2219 439 2298 Philippum
460 2220 592 2279 nunciati
608 2219 736 2298 jussisse
746 2219 842 2291 ¹robis,
857 2235 889 2278 se
905 2218 979 2278 velle
997 2219 1159 2298 transigere
1173 2223 1272 2282 robis-

166 2333 251 2383 cum,
276 2325 307 2372 et
325 2332 429 2392 pacem
452 2331 550 2391 agere.
587 2310 657 2370 Non
671 2310 766 2371 multo
780 2321 878 2370 autam
892 2323 968 2389 post,
985 2312 1172 2392 Phrynonem
1192 2314 1273 2377 aba

168 2407 315 2466 mansium
337 2405 556 2487 apraedonibus
565 2425 637 2464 csse
651 2415 770 2485 captain
785 2404 816 2462 in
830 2403 992 2485 olympicis
1006 2405 1146 2479 induciis,
1161 2417 1195 2467 ut
1207 2399 1271 2489 ipse

166 2493 363 2580 querebatur:
383 2487 509 2577 euinque
529 2518 596 2557 cam
610 2499 669 2557 huc
688 2498 1019 2577 rediisset-redemptus,
1034 2518 1135 2559 orasse
1155 2520 1218 2573 vos,
1237 2500 1271 2563 tit

167 2593 345 2671 selegatnm
359 2592 397 2651 ad
411 2591 580 2670 Philippum
592 2590 799 2662 decoeneretis,
812 2610 849 2650 an
869 2591 944 2651 forte
958 2591 1112 2670 pecuniam
1127 2612 1211 2653 suam
1226 2608 1271 2654 rea*

166 2704 309 2765 anparere
329 2695 438 2764 posset.
462 2685 524 2744 Vos
539 2684 689 2756 obsecuti,
708 2683 839 2763 legatum
851 2683 880 2743 ei
901 2684 1077 2763 adjunxistis
1093 2686 1271 2768 Ctesiphonss
1334 2704 1335 2709 ’
1375 2719 1378 2723 .

165 2788 238 2838 tem.
257 2778 295 2868 ‘Is
308 2777 367 2838 huc
382 2778 717 2858 relegationererersus,
731 2798 768 2837 ea
781 2777 863 2838 vobis
877 2779 1069 2853 renunciavit,
1089 2782 1128 2841 ob
1143 2802 1210 2861 quae
1223 2783 1272 2843 fu·

81 2945 84 2950 ¹
165 2874 568 2953 eratmisaus,proeteseaque
578 2871 688 2931 dixisse
698 2870 878 2951 Philippum,
888 2891 922 2931 se
934 2880 965 2931 et
981 2874 1104 2933 invitum
1114 2876 1269 2935 vobiscum

166 2964 296 3043 gessisse
308 2965 431 3037 bellum,
453 2976 484 3024 et
497 2982 627 3035 nunceo
637 2964 717 3024 nelle
731 2965 858 3024 liberari.
892 2968 967 3030 Quae
981 2958 1188 3027 cumdiuisset
1202 2968 1271 3029 (ite-¹
1300 3031 1331 3055 ,ι
1410 3040 1414 3047 ,

165 3056 261 3136 sipho‚
276 3068 307 3116 et
318 3076 499 3135 magnopere
513 3057 725 3117 humanitatem
744 3057 822 3136 regis
837 3057 1036 3136 praedicasset,
1055 3059 1181 3136 populus
1200 3058 1271 3121 item

164 3161 233 3212 eam
256 3166 319 3209 rem
342 3149 430 3209 valde
458 3151 620 3229 probasset,
641 3168 686 3209 aar
701 3149 924 3229 Ctesiphontem
948 3150 1159 3221 collaudasset,
1183 3149 1272 3213 uenio

165 3250 265 3302 autem
294 3243 468 3302 adversatus
490 3252 589 3302 esset:
616 3241 656 3300 ibi
680 3242 799 3301 demum
828 3241 978 3301 decretum
992 3241 1072 3301 zt'acit
1088 3242 1272 3312 Philocrates

166 3329 352 3412 Hagnusius,
366 3344 397 3394 et
415 3333 543 3414 populus
558 3329 729 3395 unoanimo
750 3333 892 3405 decernit,
912 3332 1001 3393 licere
1020 3334 1157 3417 Philippo
1177 3340 1270 3401 cadu-

166 3438 302 3486 ceatores
315 3426 376 3485 huc
388 3428 514 3499 mittere,
526 3439 556 3486 et
570 3427 685 3505 legatos
696 3426 733 3486 de
747 3445 830 3505 pace.
850 3426 934 3485 Prius
950 3426 1027 3485 enirn
1041 3428 1168 3509 idipsum
1183 3434 1270 3495 etiam

165 3539 186 3579 a
198 3520 348 3579 nonnullis
362 3520 571 3599 prohibebatur
581 3520 687 3599 quibus
700 3540 736 3579 ea
746 3540 793 3580 res
805 3520 902 3579 studio
912 3530 983 3591 erat,
993 3532 1027 3580 ut
1037 3542 1083 3583 res
1098 3524 1162 3603 ipsa
1171 3516 1270 3587 decla·

163 3611 249 3671 ravit.
270 3611 323 3671 isti
337 3612 477 3672 autemid
490 3612 642 3673 decretum
658 3621 691 3672 ut
705 3624 808 3673 contra
822 3612 905 3691 leges
921 3612 1032 3673 iactum
1048 3628 1198 3691 accusant,
1213 3612 1271 3699 Lyss

164 3704 234 3766 cino
252 3717 423 3789 accusatore
435 3706 593 3787 inscripto,
610 3716 640 3765 et
653 3706 766 3766 mulcta
781 3726 808 3765 c.
830 3706 948 3766 talentis
963 3706 1119 3775 aestimata.
1143 3711 1272 3779 Deinde

164 3807 259 3859 causa
270 3799 302 3858 in
315 3799 382 3874 loro
397 3794 548 3879 agebatur.
576 3799 773 3871 Philocrates,
789 3820 856 3859 cum
870 3800 994 3859 adversa
1008 3801 1175 3865 valetudine
1188 3806 1271 3870 iabo-

165 3881 260 3963 raret,
269 3892 502 3951 Demosthenem
516 3892 571 3951 sihi
584 3902 742 3971 patronum
757 3892 921 3964 advocavit,
936 3912 995 3952 non
1008 3914 1067 3954 me.
1092 3892 1271 3975 Progressus
1351 3916 1356 3920 ’
1377 3903 1382 3919 ‘
1423 3922 1428 3933 ⁸

162 3972 295 4063 Philippi
307 4004 374 4045 osor
385 3985 614 4057 Demosthenes,
624 3985 654 4043 in
667 3984 838 4044 defensione
852 3994 945 4044 totum
959 3987 1038 4045 diem
1046 3988 1190 4049 contrivit.
1210 3978 1270 4049 Dess

163 4074 254 4153 hique
263 4077 445 4138 Philocrates
455 4078 627 4149 absolvitur,
638 4086 795 4138 accusator
805 4088 903 4137 autem
919 4080 1051 4157 quintam
1066 4080 1271 4161 suffragiorum

163 4178 279 4251 partem
294 4192 355 4231 non
375 4170 499 4251 accepit.
538 4172 635 4233 Etiam
654 4171 721 4230 lraec
734 4176 792 4230 vos'
803 4178 906 4231 omnes
922 4173 1012 4234 scitia.

170 4281 175 4287 ⁵
208 4264 235 4322 8.
259 4260 321 4323 Sub
335 4264 440 4323 cadem
452 4274 585 4343 tempora
599 4264 751 4344 Olynthus
774 4274 862 4343 capta
875 4275 932 4337 cst,
955 4267 985 4323 in
999 4264 1099 4344 eaque
1112 4266 1195 4327 multi
1216 4289 1271 4329 no·
1330 4311 1337 4322 -

163 4362 292 4416 atrorum
307 4357 414 4423 civium
436 4366 505 4417 sunt
518 4356 732 4441 comprehensi.
764 4356 895 4425 Quorum
917 4358 973 4417 fuit
984 4356 1158 4431 ‚Stratocles
1171 4346 1271 4441 'Ergo-

7 4426 12 4466 ‘
77 4530 81 4536 ι
164 4446 262 4509 'chuia
273 4449 372 4523 frater,
385 4442 571 4511 ctEuoratus
585 4446 877 4510 Strommichi‘iilius·
903 4448 1016 4508 Horum
1028 4452 1147 4531 cognati
1162 4472 1214 4515 vos
1224 4442 1271 4515 ro-'
