2967 4950
520 259 688 370 CONTRA
709 307 907 368 NEAERAM.
1198 307 1258 367 779

159 483 197 544 se
217 447 301 524 utet
319 463 454 535 lenonem
476 475 506 524 et
523 464 761 526 calumniatorem
780 460 1000 542 coarguendum
1018 481 1097 534 esse,
1108 463 1258 522 arbitrium

163 573 235 634 erga
249 553 425 634 Epaehetum
440 555 579 634 permittit
593 556 664 636 ipsis
683 554 870 634 sponsoribus
887 553 922 614 iis
936 552 1163 625 conditionibus,
1177 563 1211 612 ut
1230 565 1259 614 et

164 647 322 728 sponsione
337 647 496 726 Epaeuetus
510 658 540 708 ct
553 648 665 728 judicio
684 647 747 726 ipse
768 645 934 725 Stephanus
949 647 1129 706 liberaretur.
1173 647 1257 714 Quas

159 739 348 810 ,conditiones
371 761 438 804 cum
460 742 623 822 accepisset
643 743 811 822 Epaenetus,
833 741 1046 818 actionemque,
1060 759 1119 818 qua
1132 741 1257 820 Stepha—

163 851 234 894 num
247 835 488 914 persequebatur,
504 835 682 906 sustulisset,
693 834 859 912 congressis
867 835 921 906 eis,
934 853 1000 895 cum
1015 855 1170 915 sponsores
1181 835 1258 894 arbi-

160 927 200 996 ,tri
213 929 356 1000 sederent,
372 930 450 1010 aequi
470 931 566 992 dicere
581 931 750 1010 Stephanus
768 930 847 992 nihil·
861 941 985 1009 poterat‚
1007 933 1060 991 sed
1077 933 1257 1012 postulabat,

163 1031 199 1084 ut
209 1023 365 1104 Epaenetus
379 1025 489 1104 aliquid
505 1025 542 1086 ad
561 1026 735 1086 elocandatn
759 1025 873 1084 Neaerae
890 1024 979 1084 liliam
1001 1025 1156 1099 conferret,
1170 1037 1201 1086 et
1213 1028 1257 1084 in-

163 1108 260 1196 opiam
272 1136 364 1189 suam,
379 1127 409 1179 et
422 1118 560 1178 inflictam
575 1137 594 1177 a
609 1117 766 1179 Plrrastore
785 1116 899 1178 mulieri
918 1117 1114 1181 calamitatem
1130 1138 1258 1179 comme·

162 1225 292 1281 morans,
306 1209 441 1288 dotisque
460 1213 616 1288 jacturam,
630 1222 660 1269 et
678 1209 803 1289 inopiam
817 1210 881 1289 ejus
896 1209 994 1270 denno
1007 1210 1168 1272 elocandae.
1210 1211 1258 1270 Tu

160 1319 242 1384 uero,
255 1302 360 1380 iuquit,
376 1313 405 1362 et
418 1323 478 1362 rem
491 1302 620 1364 habuisti
633 1321 700 1362 cum
714 1301 844 1376 muliere,
854 1313 885 1362 et
897 1319 1014 1381 aequum
1027 1313 1073 1362 est
1085 1303 1111 1362 ei
1124 1314 1154 1363 te
1167 1305 1257 1364 berrea

162 1393 269 1466 facere,
282 1395 399 1472 alioque
419 1395 530 1459 blanda
543 1399 633 1456 rerba
650 1395 799 1469 afferebat,
818 1397 925 1474 quibus
947 1395 1052 1474 aliquis
1070 1395 1101 1454 iu
1122 1397 1202 1456 mala
1216 1398 1258 1457 uti

162 1503 255 1547 causa
275 1488 423 1566 precando
440 1489 540 1566 possit.
583 1488 703 1562 Arbitri,
717 1498 840 1567 utroque
859 1489 971 1562 audito,
988 1509 1040 1551 eos
1057 1489 1257 1563 reconciliant,

162 1589 192 1638 et
215 1579 358 1660 Epmneto
372 1581 558 1660 persuadent,
571 1593 605 1641 ut
622 1581 700 1642 mille
713 1581 873 1644 drachmas
894 1585 933 1643 ad
953 1584 1126 1644 elocandam
1143 1585 1257 1644 Neaerae

145 1671 250 1732 ⁴filiam
263 1673 418 1734 conferret.
460 1675 499 1734 Et
511 1683 545 1735 ut
556 1673 620 1734 haec
640 1675 737 1736 omnia
751 1695 820 1736 vere
833 1695 912 1736 ame
930 1675 987 1735 dici
1007 1688 1133 1749 conset,
1152 1677 1256 1737 horum

160 1765 244 1828 vohis
257 1775 360 1838 testes,
374 1787 424 1826 eos
439 1768 519 1846 ipsos
533 1768 583 1846 qui
597 1776 628 1827 et
639 1783 795 1847 sponsores
809 1779 840 1830 et
853 1769 950 1829 arbitri
964 1771 1091 1840 fuerunt,
1102 1771 1255 1830 exhibebo.

627 1909 791 1970 TESTES.

192 2024 348 2086 Nausiphilus
366 2025 525 2087 Cephalensis,
543 2019 719 2074 Aristomachus
736 2026 898 2088 Cephalensis,
915 2033 1038 2082 testantur,
1052 2043 1078 2073 ae
1094 2027 1169 2075 luisse
1185 2045 1255 2089 spun-

159 2115 224 2149 aores
236 2101 342 2162 Epaeueti
354 2101 447 2159 Andrii,
458 2118 509 2150 oum
522 2102 653 2164 Stephanus
668 2119 693 2150 se
705 2103 727 2149 in
739 2103 853 2150 adulterio
865 2103 1046 2163 deprehendisse
1058 2103 1147 2150 diceret
1159 2105 1256 2165 Epasna-

158 2185 223 2225 turu:
240 2185 273 2233 et,
285 2194 339 2226 cum
357 2179 482 2238 meuetua
492 2195 506 2226 a
516 2180 632 2239 Stephano
650 2179 748 2226 abiisset
760 2179 866 2240 suijuris
877 2181 962 2235 lactus,
977 2194 1099 2226 accusasse
1115 2181 1255 2241 Stephanum

160 2255 222 2315 apud
235 2255 353 2311 cerritus,
364 2271 389 2306 su
401 2271 453 2304 esse
461 2256 491 2302 ab
501 2271 530 2302 eo
541 2255 698 2318 perinjurium
709 2257 733 2302 in
745 2257 838 2304 vincula
848 2259 978 2318 conjectum
990 2273 996 2302 ε
1014 2263 1045 2314 et,
1057 2273 1081 2303 se
1090 2257 1163 2304 tactos
1174 2275 1256 2319 saque-

157 2339 221 2378 straa
230 2331 393 2381 reconciliasse
404 2332 540 2394 Epauetuut
550 2338 574 2381 et
585 2331 735 2394 Stephanum,
752 2327 883 2394 pautioheru
898 2341 974 2387 autem
985 2349 1036 2381 esse
1049 2349 1099 2382 earu
1111 2350 1178 2396 qnam
1190 2336 1255 2382 exhi·

160 2413 215 2479 beat
226 2411 390 2472 Apollodorus.

627 2500 791 2561 PACTIO.

194 2608 241 2656 His
250 2607 421 2657 conditionibus
430 2607 571 2669 Stephanum
580 2614 604 2655 at
616 2607 753 2668 &enatum
767 2614 901 2666 mquestres
916 2605 1101 2659 reconciliaruut,
1111 2622 1191 2653 eorum
1205 2624 1257 2669 quae

161 2685 192 2731 ds
204 2700 298 2731 carcere
308 2684 450 2732 accidissent
460 2685 593 2731 memoriam
604 2684 752 2733 abolendam:
766 2683 1028 2744 Epaueluui‘l’hauoni,
1038 2684 1143 2745 quoniam
1155 2702 1182 2732 ea
1192 2702 1256 2748 sarpa

161 2778 219 2809 usus
235 2768 306 2817 esset,
321 2761 385 2809 mille
405 2761 524 2829 drachmas
543 2762 571 2807 ad
591 2761 742 2807 elocutionem
762 2761 818 2807 dare
837 2768 955 2820 oportere:
974 2760 1116 2823 Stephanum
1134 2764 1257 2823 Epaeneto,

159 2838 252 2898 quoties
264 2838 308 2885 huc
319 2838 423 2885 venisset
432 2844 455 2883 et
467 2852 518 2885 cunr
531 2852 558 2883 ea
570 2836 680 2897 congredi
692 2836 773 2891 vellet,
785 2838 915 2883 Phauonem
927 2834 1037 2884 exhibere
1048 2846 1164 2898 oportere·

207 2956 253 3015 19.
275 2952 350 3013 Eam
369 2952 466 3034 igitur,
487 2953 543 3011 etsi
559 2952 645 3011 nimis
659 2950 808 3011 evidenter
821 2950 971 3028 cognitum
986 2960 1032 3009 est
1049 2970 1116 3009 esse
1129 2954 1256 3029 peregri-

162 3066 241 3119 nam,
255 3034 285 3105 et
305 3047 384 3127 apud
405 3065 469 3105 eam
490 3046 545 3105 iste
566 3045 728 3105 adulterum
750 3042 998 3120 comprehendere
1020 3042 1076 3101 tuit
1099 3062 1198 3115 ausus,
1219 3064 1255 3103 eo

162 3138 347 3198 contumelia
367 3148 465 3197 tamen
481 3136 648 3217 Stephanus
663 3146 692 3195 et
712 3134 819 3193 Neaera
835 3134 1049 3213 processerunt,
1063 3145 1096 3192 ut
1113 3155 1172 3193 non
1185 3155 1256 3195 con·

162 3232 239 3291 tenti
253 3242 362 3303 essent,
375 3231 469 3311 ipsam
483 3231 619 3289 Neaeram
634 3228 726 3288 civem
740 3245 805 3286 esse
820 3226 927 3298 dicere,
941 3226 995 3285 sed
1009 3226 1057 3285 ubi
1074 3226 1256 3288 animadver-

160 3336 258 3395 terant
271 3325 435 3403 Theogeui·
450 3323 623 3384 Cothocidae
642 3322 744 3381 sortito
763 3318 926 3398 obvenisse,
940 3329 974 3377 ut
986 3339 1037 3377 rex
1052 3330 1130 3379 esset
1147 3320 1256 3383 sacrifi·

161 3419 258 3492 culus,
270 3417 380 3480 homini
391 3427 426 3476 ut
437 3415 537 3489 nobili,
549 3416 591 3475 sic
605 3413 735 3494 pauperi,
751 3424 781 3472 et
794 3431 887 3471 rerum
896 3413 1042 3493 imperito,
1051 3432 1113 3473 sese
1124 3414 1258 3495 adjungit

161 3510 199 3584 ei,
213 3531 281 3571 cum
295 3519 374 3569 esset
391 3508 599 3589 explorandus,
613 3518 643 3566 et
656 3506 852 3585 impensarum
871 3515 983 3586 partem
997 3505 1197 3584 magistratum
1211 3510 1256 3567 in·

161 3604 245 3665 eunti
259 3601 458 3663 subministrat
473 3600 650 3681 Stephanus,
660 3610 689 3660 et
703 3599 904 3679 magistratum
918 3600 955 3658 ab
966 3619 1001 3661 eo
1017 3600 1119 3660 fraude
1133 3601 1256 3661 circum-

161 3678 250 3758 vento
263 3706 417 3766 mercatus,
433 3696 466 3754 fit
484 3700 546 3769 ejus
566 3712 706 3765 assessor,
720 3712 841 3752 uxorem
856 3692 883 3750 ei
901 3692 1050 3751 mulierem
1065 3692 1127 3764 dat,
1142 3692 1257 3755 Neaerae

161 3792 264 3867 filiam,
278 3801 308 3849 et
321 3786 666 3867 despondetStephanus
679 3806 733 3864 pro
749 3804 803 3843 sua
816 3782 894 3842 filia:
915 3804 1009 3862 usque
1026 3784 1100 3843 adeo
1114 3793 1145 3843 et
1164 3784 1256 3864 leges,

159 3893 194 3944 et
207 3903 260 3943 vos
276 3881 463 3961 contempsit.
505 3880 552 3939 lta
566 3898 601 3938 ea
613 3878 716 3937 mulier
725 3876 808 3936 vobis
821 3895 928 3936 areana
944 3876 995 3936 illa
1007 3886 1092 3937 sacra
1104 3896 1157 3955 pro
1170 3897 1256 3956 repu-

160 3978 238 4042 blica
250 3974 417 4045 immolavit,
431 3981 462 4035 et
473 3972 555 4047 vidit,
576 3991 643 4049 quac
657 3989 732 4043 eam,
746 3978 780 4027 ut
792 3969 985 4047 peregrinam,
1001 3970 1100 4030 videre
1113 3970 1208 4048 nefas,
1227 3980 1258 4028 et

161 4090 229 4131 cum
242 4068 310 4137 talis
323 4077 413 4143 esset,
432 4086 468 4130 ao
486 4065 619 4143 ingressa
641 4074 694 4134 est,
709 4082 767 4139 quo
781 4081 867 4122 uerno
885 4062 959 4121 alius
977 4062 1207 4133 Atheniensium,
1226 4061 1256 4120 ia

160 4172 244 4223 tanta
266 4160 371 4233 civium
395 4156 590 4225 multitudine,
604 4154 716 4234 ingredi
739 4154 836 4225 audet,
857 4164 963 4234 praeter
983 4156 1061 4234 regis
1083 4172 1213 4225 uxorem,
1227 4163 1257 4213 et

158 4250 343 4317 sacramento
366 4250 466 4331 adegit
487 4250 622 4309 Geroeras
642 4248 778 4308 mulieres
796 4248 861 4308 illas
884 4241 1064 4325 qum'sacris
1083 4244 1257 4320 ministrant,

52 4366 63 4377 ‘
156 4336 190 4410 et
203 4348 316 4408 elocuta
328 4356 374 4405 est
387 4344 505 4405 Baccho
517 4361 601 4414 uxor,
613 4352 642 4402 et
656 4341 750 4421 patrio
764 4342 821 4400 ritu
834 4361 887 4420 pro
898 4340 1048 4419 republica
1059 4356 1117 4395 rem
1128 4335 1256 4420 divinam

154 4443 237 4515 fecit,
252 4444 280 4502 in
296 4462 354 4521 qua
368 4440 461 4499 multa
473 4439 547 4499 liunt
565 4448 595 4496 et
608 4446 735 4507 sacraet
756 4454 872 4495 arcana.
914 4434 988 4500 Quae
1001 4449 1069 4493 vero
1087 4428 1135 4517 vel
1151 4433 1253 4495 audire
