2967 4950
149 668 457 733 ARGUMENTUM
479 669 702 731 ORATIONIS
725 673 946 733 ADVERSUS
965 672 1236 735 TIMOTHEUM.

335 788 338 799 i
514 788 517 795 ι
572 780 577 809 q
1149 795 1153 807 .
1202 801 1204 806 ,

171 826 197 876 Δ
208 829 356 875 Trmorrrao
367 826 509 883 Atheniensi,
521 828 571 876 viro
582 828 645 876 claro
654 812 837 891 etimpcratoria
847 830 958 893 dignitato
968 832 1235 899 preditophpollodorna

139 919 174 951 aaa
186 904 289 951 alienum
301 904 397 965 repetit,
409 902 499 959 diceus,
510 904 617 954 Panionia
629 921 696 953 osum
707 905 810 955 amicitia
826 908 970 956 Timotheum
982 908 1011 956 ab
1022 925 1050 956 eo
1061 905 1182 971 monrium
1195 925 1236 957 ao·

140 980 249 1041 cepisse,
261 987 286 1028 et
295 979 422 1027 debitorem
434 979 456 1026 in
468 982 585 1030 mensariis
596 982 724 1030 rationibus
735 1000 788 1032 esse
799 985 941 1046 inscriptum.
963 988 1051 1035 Debita
1060 994 1136 1034 autem
1144 988 1236 1036 omuino

124 1055 133 1066 ’“
142 1064 247 1117 quatuor
257 1062 416 1103 numerantur:
435 1062 503 1117 atque
513 1056 536 1104 in
548 1058 644 1119 singolis
655 1066 678 1107 et
688 1068 802 1121 tempora,
813 1068 837 1108 et
848 1077 924 1109 causae
941 1047 1014 1124 quare
1023 1069 1140 1111 mutuatus
1154 1065 1185 1111 sit
1194 1065 1238 1112 Ti·

143 1133 264 1187 motheus,
276 1140 382 1180 accurate
393 1140 549 1193 exponuntur.
583 1135 615 1182 Et
626 1135 736 1197 pleraque
748 1145 922 1199 argumentur
940 1139 970 1186 iis
985 1154 1038 1199 qun
1051 1139 1114 1186 nulla
1124 1142 1173 1196 arta
1182 1156 1240 1192 eoa·

142 1218 206 1257 stare
216 1209 328 1257 dieantur
336 1209 519 1272 probationibus,
527 1216 553 1259 ut
564 1212 708 1268 continentia,
719 1221 745 1261 ot
753 1214 966 1277 provooationibos,
976 1216 1157 1276 depromuntur:
1174 1232 1238 1278 qoo-

141 1286 194 1332 dtm
212 1286 283 1333 etiam
295 1302 325 1333 ex
338 1286 477 1343 artificiosis,
495 1289 676 1349 utnonjeeturis.
709 1290 787 1351 Atque
798 1290 956 1353 Apollodorus
971 1290 1114 1339 Timotheum
1133 1308 1186 1341 ense
1204 1292 1239 1341 ait

140 1361 181 1422 qui
192 1369 312 1409 mutuatus
324 1362 362 1417 sit,
374 1369 398 1409 et
408 1362 437 1409 iis
450 1379 508 1423 qnos
519 1365 654 1412 Timotheus
669 1368 833 1415 commendarit
842 1368 921 1417 datum
932 1385 985 1417 eoae
995 1375 1113 1431 nogentum
1122 1385 1136 1416 a
1144 1385 1238 1419 menna:
1292 1428 1296 1435 Ι

141 1439 182 1487 ille
193 1456 252 1488 vero
265 1455 311 1486 nun
324 1455 357 1495 ae,
370 1440 410 1487 sed
420 1440 473 1487 illos
484 1441 570 1489 debere
582 1442 647 1491 dioit.

476 1714 912 1744 Ἥ

332 1924 361 2017 ζ
419 1872 966 2017 ΒΕΜΟΒΤΗΕΝΙε
1041 1913 1058 2045 j

338 2098 652 2275 nonnosus
687 2109 1048 2223 nnnornnnn
1124 2202 1127 2208 .

342 2406 343 2411 a
381 2338 448 2421 nn
469 2352 582 2422 AEnu
604 2356 790 2422 aninmo
816 2358 1013 2424 onium.

185 2534 216 2598 l.
240 2529 375 2592 Nuntrnt
396 2541 525 2590 vestrum
545 2528 713 2591 incredibile
727 2531 776 2604 sit,
788 2530 918 2602 iudices,
932 2530 1127 2602 Timotheum,
1145 2532 1240 2610 utqui

142 2624 222 2702 patri
236 2644 302 2684 meo
324 2619 476 2703 pecuniam
495 2624 610 2692 debeat,
630 2643 712 2684 reum
731 2618 792 2684 fieri
816 2644 894 2683 nnnc
914 2643 992 2684 ame
1005 2623 1035 2683 in
1047 2622 1105 2684 hoo
1117 2625 1240 2700 judicio.

145 2715 226 2775 Nam
241 2717 265 2776 si
280 2717 362 2776 vobis
377 2716 405 2776 iu
422 2718 589 2776 memorium
603 2737 741 2778 revocato
761 2730 793 2777 et
812 2729 927 2798 tempus
944 2737 1003 2797 quo
1015 2728 1183 2778 contractus
1196 2720 1240 2778 ia-

143 2819 213 2869 ctus
229 2819 284 2880 est,
296 2818 327 2868 et
336 2828 371 2868 eu
380 2829 446 2888 quoe
460 2809 501 2868 illi
516 2829 551 2867 eo
565 2823 692 2890 tempore
707 2811 887 2882 acciderunt,
897 2821 927 2871 et
937 2822 1047 2890 quanta
1056 2811 1106 2870 ille
1115 2822 1177 2870 tum
1189 2832 1241 2892 pa·

144 2903 232 2963 nuria
246 2903 431 2964 conflictatus
452 2903 548 2976 fuerit,
567 2915 679 2984 patrem
692 2924 788 2963 meum
803 2903 904 2984 optimi
925 2904 977 2963 viri
990 2905 1086 2964 officio
1099 2903 1240 2978 'iunctum

146 3013 220 3074 erga
233 2995 416 3056 Timotheum
434 2995 564 3075 proiecto
581 2996 797 3057 existimabitis:
818 2997 904 3056 istum
917 3016 985 3055 vero
1007 2997 1065 3056 nou
1088 2997 1175 3056 modo
1194 2998 1240 3056 iu·

147 3096 265 3166 gratum
280 3107 355 3159 esse,
377 3109 476 3148 verum
500 3089 586 3148 etiam
608 3089 829 3170 injustissimum
845 3090 973 3149 omnium
992 3088 1167 3162 mortalium,
1180 3091 1240 3170 qoi,

146 3201 215 3241 cum
230 3192 260 3240 et
273 3201 290 3242 a
304 3193 386 3261 patre
399 3202 465 3261 quoa
480 3182 572 3242 voluit
590 3183 688 3242 omniu
708 3192 883 3242 consecutus
896 3183 943 3252 sit,
962 3192 993 3241 et
1005 3182 1035 3240 iu
1050 3183 1241 3261 magna'ege·

146 3284 225 3335 atate
239 3295 274 3334 ac
288 3274 421 3334 maximis
435 3274 502 3334 vitm
517 3259 651 3354 periculis
672 3276 812 3355 pecunias
832 3275 869 3333 de
885 3294 991 3364 ‘mensa
998 3276 1166 3363 acceperit,
1180 3296 1240 3336 nou

146 3368 238 3428 modo
253 3369 375 3446 gratiam
389 3387 447 3426 nou
458 3367 572 3440 reserat,
586 3369 639 3428 sed
651 3385 687 3428 eo
701 3369 788 3428 etiam
797 3369 875 3446 quod
888 3367 990 3428 datum
1004 3367 1031 3426 ei
1044 3377 1090 3428 est
1102 3387 1149 3426 me
1161 3368 1241 3429 frau-
1328 3413 1331 3418 -

147 3461 208 3521 det.
252 3461 341 3529 Qtrod
360 3461 384 3519 si
408 3460 463 3520 iste
484 3460 664 3540 impegisset,
689 3459 765 3540 patri
784 3480 900 3540 quoque
922 3460 1242 3539 pecuniaperiisset-

147 3573 244 3633 neque
267 3555 343 3614 enim
358 3555 396 3613 ad
414 3553 520 3633 pignus
540 3573 635 3633 neque
657 3554 850 3634 praesentibus
871 3553 991 3613 testibus
1011 3552 1181 3626 dederat-3
1196 3556 1242 3614 ain

147 3645 343 3718 evasisset,io
366 3645 451 3706 istius
468 3657 612 3726 potestate
625 3648 754 3706 futurum
776 3657 847 3720 erat,
867 3647 1036 3724 comparata
1055 3647 1182 3726 pecunia
1196 3667 1241 3707 *an

148 3740 233 3799 nobis
246 3739 435 3800 satisfaceret.
466 3739 537 3800 ‚Sed
550 3748 657 3811 tamen,
670 3740 804 3811 ludices,
817 3738 937 3818 obsequi
958 3737 1113 3798 Timotheo
1126 3741 1242 3818 roganti

146 3842 178 3892 et
190 3830 312 3912 penuria
325 3831 467 3892 laboranti
481 3842 563 3911 pater
576 3851 669 3902 meus,
679 3852 766 3910 quam
779 3831 952 3912 pecuniariis
966 3830 1126 3890 rationibus
1137 3852 1242 3892 consu·

146 3923 217 3996 lere,
226 3923 350 3983 maluit*
385 3923 514 3983 Putabat
527 3923 613 3996 enim,
628 3923 762 3994 Judices,
774 3935 857 4003 pater
871 3943 963 3996 mens,
973 3923 996 3982 si
1011 3923 1180 3984 Timotheus
1193 3924 1243 3984 illa
1257 3945 1260 3950 ·

146 4016 279 4097 pericula
290 4017 428 4078 evaderet
440 4027 471 4076 et
483 4015 609 4076 redisset
631 4038 649 4078 a
672 4037 750 4096 rege,
768 4016 957 4097 locupletiore
971 4016 1033 4075 jisto
1048 4016 1129 4076 facto
1153 4037 1240 4095 quam

147 4119 211 4168 tum
235 4118 307 4182 erat,
322 4129 381 4169 nou
400 4109 489 4169 modo
503 4130 556 4170 aua
571 4131 601 4170 se
615 4121 810 4190 recepturum,
823 4111 876 4169 sed
896 4110 921 4169 si
943 4109 1013 4190 quid
1027 4109 1106 4171 aliud
1122 4109 1209 4168 etiam
1223 4129 1242 4168 a

147 4201 303 4262 Timotheo
316 4202 449 4282 petiisset
461 4203 700 4282 impetraturum:
721 4211 911 4283 posteaquam
927 4223 997 4275 nero
1009 4222 1069 4261 uon
1082 4201 1124 4260 ita
1142 4211 1175 4259 ut
1190 4200 1241 4261 ille

148 4295 273 4375 putabat
298 4295 406 4368 evenit,
424 4295 477 4356 sed
500 4316 566 4374 qnae
593 4297 622 4356 in
648 4297 782 4357 beneficii
805 4297 872 4357 loco
896 4295 1007 4376 accepit
1031 4293 1200 4354 Timotheus
1224 4317 1243 4356 a

148 4407 260 4460 mensa,
274 4400 375 4467 rogato
389 4399 472 4469 patre
486 4409 562 4465 men,
575 4410 611 4450 ea
631 4390 745 4450 inimice
765 4399 796 4448 et
816 4410 869 4469 per
884 4389 1039 4468 judicium,
1052 4387 1104 4446 illo
1117 4397 1241 4461 mortno,

149 4482 174 4542 ei
192 4481 382 4544 convineatur
401 4481 551 4544 reddenda
571 4503 635 4545 esse
649 4493 760 4558 censet,
773 4481 818 4543 sio
839 4481 921 4543 vobis
942 4479 1119 4561 misundere
1139 4483 1241 4562 possit,
