2967 4950
458 301 676 368 ADVERSUS
697 301 955 366 cumrerum
1191 306 1251 369 707

140 475 199 521 me
211 455 415 534 :testimonium
433 453 519 516 facile
531 455 660 518 dicturos
673 454 846 534 producere,
861 464 979 518 tamer
995 459 1174 537 argumentis
1187 469 1252 523 tum

144 568 188 614 ax
200 537 442 616 boo'testimenio
454 547 538 610 facile
554 567 573 610 a
591 548 674 610 vobis
696 548 884 630 intelligetur.
904 549 961 608 Me
979 560 1077 612 autern
1096 557 1153 631 pro
1167 553 1252 634 patre

142 641 357 726 jusjurandum
373 642 401 702 ei
413 640 484 702 dare
498 641 636 715 uoluisse,
650 641 898 719 quemadmodum
911 641 959 703 lex
971 643 1067 721 jubet,
1081 644 1107 704 si
1119 647 1252 725 quiade·

147 735 287 798 structum
308 743 451 796 accusans
468 754 535 796 cum
545 733 662 796 haerede
675 745 756 818 agat,
769 735 933 796 nonrideri
944 735 1016 796 mihi
1027 737 1253 818 relpromisista

147 838 266 910 patrem
276 847 310 890 re
321 827 369 888 isti
382 827 562 890 redditurum
573 827 728 908 pecuniam
738 827 883 907 aLycone
892 827 1034 903 relictam,
1044 830 1091 892 rel
1102 831 1253 894 commen·

147 921 259 988 datum
267 922 357 987 irum
367 920 443 1001 patri
456 941 478 983 a
489 920 625 1000 Lycone:
640 920 846 985 Phormionem
856 921 931 982 item
939 921 1101 998 affirmasse
1110 926 1253 991 rationem

148 1015 343 1094 semetipsum
363 1033 431 1075 cnm
455 1013 574 1094 Lycone
593 1012 772 1074 subduxisse
790 1013 868 1073 etin
883 1014 1030 1074 mandatis
1051 1017 1200 1098 accepisse
1219 1026 1255 1085 ut

148 1104 343 1190 'Cephisiadae
355 1105 510 1186 pecuniam
523 1105 659 1170 redderet
672 1105 728 1168 sibi
742 1106 780 1165 ab
793 1105 978 1166 Archebiade
991 1107 1204 1180 demonstrator
1222 1121 1256 1175 st

150 1219 222 1260 cnm
242 1198 396 1280 Callippns
417 1199 543 1279 primum
565 1199 604 1259 ad
627 1218 759 1260 mensam
778 1197 925 1279 Lyconem
943 1199 1050 1260 obiisse
1072 1201 1256 1279 dixissetsst

149 1291 215 1372 ipse
229 1291 330 1354 literas
338 1292 435 1353 videre
444 1291 540 1364 vellet,
548 1290 683 1371 nunquid
695 1310 880 1352 nummorum
892 1292 1002 1372 hospes
1016 1292 1193 1373 reliquisset,
1202 1317 1255 1358 eas

147 1385 322 1469 ostendisse
341 1405 384 1456 se,
395 1385 501 1462 quibus
515 1384 569 1466 irte
582 1384 733 1464 inspectis,
749 1403 816 1444 cnm
830 1383 953 1449 vidisset
971 1385 1113 1466 scriptum
1134 1406 1202 1450 esse
1219 1399 1257 1450 ut

151 1477 345 1564 Cephisiadre
354 1477 534 1550 redderetur,
542 1478 664 1538 ιιιιιιιιιιιι
673 1478 792 1549 abiisse,
803 1476 916 1538 nullam
924 1498 1021 1559 neque
1030 1479 1257 1564 conuoyersiam

148 1580 333 1646 inurentem,
345 1593 439 1653 nsque
452 1572 609 1653 quicquam
622 1573 848 1634 interdicentem
860 1572 900 1634 de
913 1573 1052 1654 pecnnia,
1063 1575 1108 1636 uti
1127 1585 1256 1652 constet,

66 1717 74 1740 ,
149 1669 259 1730 barum
271 1686 375 1728 rerum
383 1667 687 1746 testimoniorumque
700 1675 730 1726 et
743 1667 790 1727 lex
797 1666 1011 1727 recitabuntur.

486 1868 791 1930 TESTIMONIUM.
831 1870 927 1930 Lux.

192 2013 225 2075 6.
246 2009 338 2072 Vobis
357 2030 444 2093 porro
458 2011 623 2084 ostendam,
643 2010 774 2086 ludices,
789 2011 937 2092 Lyconem
950 2010 1087 2094 Callippo
1104 2033 1165 2075 non
1188 2034 1254 2086 esre

149 2125 251 2167 nsum.
274 2175 277 2182 ¹
291 2103 424 2164 Arbitror
435 2103 512 2163 enim
526 2103 556 2164 id
567 2122 685 2186 quoque
700 2112 804 2165 contra
816 2103 898 2165 istius
916 2104 1104 2164 insolentiam
1117 2105 1189 2165 milri
1200 2107 1254 2170 eli·

145 2189 228 2279 'quid
247 2196 511 2267 commodaturum,
526 2196 681 2276 pecuniam
703 2195 783 2256 illam
802 2216 821 2255 a
844 2195 961 2278 Lycone
981 2193 1038 2257 sibi
1056 2196 1135 2258 dono
1154 2198 1254 2272 datam

151 2311 223 2354 esse
244 2289 411 2352 asserentis.
453 2289 484 2349 ls
505 2289 580 2350 enim
605 2288 799 2368 quadraginta
821 2289 908 2349 minis
929 2289 1055 2363 nauticae
1073 2291 1211 2368 pecunias¹
1224 2291 1255 2358 in

120 2431 123 2436 .
151 2383 310 2444 Thraciam
324 2381 484 2462 Megaclidi
499 2381 656 2465 Eleusinio,
663 2391 694 2441 et
709 2381 864 2464 Thrasyllo
877 2381 959 2443 fratri
973 2384 1036 2464 ejus
1051 2395 1153 2446 mutuo
1168 2386 1256 2459 datis,
1365 2447 1368 2451 ,

151 2496 223 2541 cum
237 2496 272 2545 eo
282 2475 441 2557 navigandi
455 2474 608 2537 consilium
620 2474 663 2534 illi
677 2484 850 2549 mutassent,
863 2486 894 2537 et
906 2477 1069 2557 periculum
1090 2478 1170 2540 adire
1189 2480 1255 2540 nol·

150 2572 227 2643 lent,
241 2578 422 2649 conquestus
442 2568 480 2629 de
503 2566 669 2651 Megaclide
691 2568 791 2629 nescio
808 2570 880 2649 quid
892 2580 1011 2651 propter
1024 2590 1140 2644 usuras,
1149 2582 1183 2633 ut
1202 2572 1256 2638 de-

145 2673 270 2755 ceptus,
283 2662 472 2741 discordabat
487 2680 554 2721 cum
574 2681 609 2723 eo
624 2660 809 2741 etlitigabat,
822 2672 956 2723 mutuum
969 2673 1147 2743 recepturus
1175 2666 1255 2750 Cum

152 2768 253 2821 eutem
278 2756 316 2816 de
339 2764 421 2817 tanta
441 2753 568 2835 pecunia
585 2753 712 2814 multum
729 2764 761 2815 et
779 2774 859 2835 saepe
879 2756 1070 2831 laboraretur,
1087 2758 1256 2839 Callippum

153 2851 210 2911 sibi
225 2849 325 2955 Lycen
338 2866 491 2929 nunquam
497 2865 629 2954 usquam
638 2846 802 2920 advocavit,
816 2848 870 2908 sed
879 2849 1092 2911 Archebiadem
1103 2860 1133 2911 et
1145 2852 1256 2914 Arche·

150 2943 250 3005 bladae
264 2942 392 3003 amicos:
414 2940 507 3020 etqui
526 2960 578 3000 eos
600 2940 630 3000 in
644 2941 832 3001 concordiam
845 2941 959 3021 redegit
972 2942 1174 3004 Archebiades
1187 2945 1252 3005 fnit

153 3037 201 3113 Ae
215 3055 261 3099 ure
274 3053 343 3100 vera
355 3032 452 3095 dicere
465 3042 499 3093 ιιι
512 3040 638 3132 constet,
651 3032 755 3093 vobis
748 3052 844 3112 ipsum
858 3033 1055 3112 Megaclidem
1066 3044 1172 3095 testem
1184 3056 1252 3122 pro.-

154 3128 272 3191 ducam.
558 3144 561 3150 ·

558 3289 866 3375 rssrrrroururr.

151 3442 239 3503 Adeo
254 3440 440 3511 familiariter,
449 3437 580 3510 ludices,
594 3435 696 3517 Ly'con
711 3436 849 3518 OalIippo
862 3443 910 3498 est
928 3456 1016 3511 usus,
1025 3449 1060 3500 ut
1075 3460 1142 3500 eum
1156 3461 1253 3523 neque

151 3536 193 3596 ad
205 3554 254 3595 res
263 3551 334 3595 suas
348 3527 520 3602 accerseret,
534 3550 642 3610 neque,
652 3531 732 3611 apud
744 3550 813 3590 eum
826 3550 957 3638 unquam
970 3532 1143 3596 diverteret·
1164 3546 1252 3617 atque

151 3626 232 3689 istud
246 3622 346 3689 solum
355 3622 530 3685 familiares
523 3623 607 3683 istius
621 3618 770 3685 testificari
784 3625 848 3685 ausi
860 3643 921 3687 non
934 3625 1064 3700 fuerunt,
1074 3628 1252 3691 diversatum
1328 3623 1332 3632 ⁴

149 3720 256 3801 apud
248 3728 411 3781 rstumesse
422 3717 514 3789 illum,
527 3715 690 3796 satisgnari
700 3716 840 3777 aestatim
850 3738 902 3798 per
914 3738 1064 3779 servornm
1073 3724 1251 3840 questiones

151 3806 320 3877 convictum
333 3813 378 3886 iri,
389 3804 503 3891 siquid
516 3802 576 3871 tale
588 3810 792 3872 mentirentur.

164 3900 223 3968 7.
243 3899 556 3967 Dicamautemvobis
569 3903 658 3963 etiarn
673 3912 877 3983 argumentum
889 3912 1016 3976 tantum,
1030 3914 1065 3965 ut
1078 3926 1116 3967 ex
1135 3923 1252 3971 eomes

150 4002 272 4083 quidem
286 3995 422 4081 opinione
434 3996 615 4078 perspecturi
628 3996 699 4069 sitis,
714 3998 802 4057 istum
817 3998 975 4057 mentitum·
984 4018 1050 4059 esse
1064 4001 1170 4061 omnia.
1195 4004 1252 4083 L'y-

150 4094 231 4168 coni,
245 4092 379 4165 Jndlces,
401 4090 516 4152 etiarnsi
541 4090 628 4151 istum
647 4108 766 4169 quoque
789 4089 1031 4171 complecteretur
1050 4101 1081 4152 et
1102 4094 1251 4162 familiaris

149 4190 224 4279 ejus
226 4194 318 4259 esset
328 4194 363 4247 ιιι
370 4185 427 4247 rste
436 4184 558 4245 asserit
545 4182 660 4263 ,eique·,
673 4180 769 4270 siquid
782 4183 837 4242 sibi
848 4184 1013 4257 accidisset,
1023 4204 1158 4245 nummos
1172 4186 1255 4251 don'o

149 4284 225 4343 dare
244 4280 345 4353 vellet,
358 4266 490 4357 nunquid
502 4292 560 4336 eos
578 4262 760 4339 commodius
776 4270 890 4360 luisset
895 4286 977 4360 recta
989 4278 1068 4359 apud
1083 4277 1258 4361 Callippum

149 4374 326 4455 relinquere,
348 4390 428 4459 quos
424 4368 589 4432 incolumis
608 4388 742 4430 reversus
756 4356 836 4430 recte
855 4375 896 4430 et
900 4370 980 4460 juste
992 4378 1159 4448 recepturus
1172 4388 1253 4439 esser

149 4472 210 4545 ab
203 4488 250 4543 eo,
257 4477 297 4528 ιιι
311 4476 342 4526 et
353 4466 450 4526 arnico
467 4472 502 4525 st
510 4472 698 4543 procuratore
712 4482 776 4533 suo,
787 4462 837 4522 si‘n
850 4461 941 4539 qnid
934 4462 989 4541 rpsi
1009 4461 1176 4542 accidisset,
1193 4479 1252 4531 sta-¹
