2967 4950
123 301 128 308 ·
216 276 259 335 96
558 275 602 336 IN
625 275 961 338 CTESIPHONTEM.

215 430 332 518 Atqui
324 449 350 490 rs
367 446 462 536 nuper
474 449 564 492 ausus
579 444 625 493 est
647 434 754 506 dicere,
769 432 937 513 Philippum
950 419 1101 492 idcircum
1119 437 1250 492 nostram
1269 425 1331 491 re·⁸

214 523 333 628 gipuem
347 541 406 582 non
420 519 574 597 inlusisse,
588 526 669 604 quod
683 544 768 585 sacra
789 525 816 583 ei
836 524 916 583 haud
930 523 1029 602 pulcre
1051 522 1220 582 cessissent.
1246 523 1326 587 Quo·

214 615 301 694 igitur
314 616 457 696 'supplicio
470 617 578 696 dignus
592 638 635 690 es,
649 637 667 678 ο
681 617 806 677 Graeciae
820 616 941 676 clades?
965 617 996 674 Si
1009 615 1086 674 enim
1100 616 1161 722 ipse
1179 615 1315 674 victorin

215 730 316 770 eorum
331 714 381 790 qui
395 714 463 772 victi
485 724 569 772 erant
578 712 662 774 lines
685 732 746 772 ιιοιι
765 714 879 784 invasit,
894 712 973 816 quod
987 732 1070 770 sacra
1089 710 1117 770 ei
1137 730 1196 769 non
1211 697 1324 788 pulcre

215 804 384 876 cessissent,
397 816 430 863 tu
442 817 540 864 autern
550 808 669 866 nescius
683 807 754 884 quid
768 817 848 867 esset
862 805 980 866 omnino
991 804 1131 873 futurum,
1144 803 1316 881 priusquam

215 895 331 956 litasses
350 897 456 956 milites
477 899 609 967 emisisti,
624 909 722 957 utrum
735 897 865 977 oportuit
883 909 913 958 te
935 908 1055 976 propter
1073 896 1173 954 clades
1188 895 1315 954 civitatis

216 1008 326 1048 corona
339 989 453 1058 donari,
468 1009 506 1048 an
520 990 585 1068 ejici
597 1001 685 1068 atque
698 989 907 1048 exterminari?

224 1068 304 1138 ''43.
330 1081 407 1140 Nam
433 1081 504 1159 quid
531 1081 681 1160 insperati,
707 1081 779 1160 quid
799 1080 993 1158 inexspecteti
1013 1092 1113 1140 nostra
1139 1090 1227 1139 aetate
1253 1099 1314 1139 non

216 1172 331 1232 evenit!
357 1172 425 1231 Non
437 1172 515 1231 enim
528 1173 615 1232 vitam
631 1191 685 1231 nos
699 1174 857 1231 humanam
869 1171 1005 1244 viximus,
1021 1173 1073 1232 sed
1088 1181 1121 1231 ut
1133 1171 1317 1232 incredibilia

216 1264 254 1324 de
269 1265 352 1324 nobis
365 1265 523 1343 loquantur
542 1265 655 1344 posteri
672 1265 702 1324 ιιι
716 1265 812 1323 lucem
827 1265 897 1324 editi
918 1285 1030 1324 sumus.
1067 1265 1137 1324 Non
1159 1265 1319 1324 Persarum·

215 1378 276 1428 rex,
299 1357 350 1436 qui
365 1357 485 1415 Athona
498 1357 623 1436 perfodit
646 1357 931 1437 Hellespontumque
949 1359 1058 1433 junxit,
1080 1359 1130 1436 qui
1156 1367 1264 1416 terram
1285 1365 1316 1416 et

217 1471 323 1532 aquarn
338 1450 458 1510 Graecos
472 1451 642 1533 postulavit,
658 1450 707 1529 qui
718 1471 751 1510 se
765 1450 794 1508 ιιι
808 1450 899 1509 literis
913 1471 1001 1510 ausus
1014 1460 1061 1510 est
1073 1449 1238 1527 mortalium
1253 1468 1316 1507 orn·

216 1544 296 1603 nium
312 1544 348 1602 ab
363 1553 429 1602 ortu
442 1538 511 1601 solis
526 1562 620 1622 usque
633 1543 672 1602 nd
686 1542 825 1603 occasum
839 1543 988 1618 dominum
1003 1542 1160 1621 appellare,
1172 1542 1235 1620 jam
1255 1561 1315 1600 non

218 1632 261 1694 de'
267 1634 417 1717 dominatu
428 1635 459 1693 in
469 1635 552 1707 alios,
563 1636 616 1714 sed
626 1636 664 1696 de
674 1636 719 1694 sui
728 1636 857 1714 corporis
872 1637 965 1695 salute
979 1636 1098 1696 dimicat
1108 1635 1130 1718 l¹
1144 1635 1184 1694 At
1194 1633 1315 1693 eo'sdem

215 1727 363 1787 cernimus
378 1737 408 1786 et
425 1727 482 1808 hac
496 1715 632 1806 gloriaset
648 1728 718 1788 belli
737 1729 877 1805 adversus
892 1730 1014 1805 Persam
1031 1727 1196 1808 principatu
1211 1726 1316 1806 digna·

215 1828 274 1889 tos,
289 1819 340 1897 qui
352 1811 686 1901 templum'Delphicum
700 1822 869 1881 liberarunt.
890 1820 999 1881 Thebes
1013 1819 1091 1894 vero,
1111 1821 1231 1890 Thebae,
1246 1821 1323 1880 urbs'

216 1913 322 1998 vicina,
338 1933 398 1972 uno
420 1913 467 1971 die
488 1934 525 1972 ex
543 1914 641 1973 media
654 1913 772 1974 Graecia
785 1912 916 1974 funditus
930 1916 1062 1993 abrepta
1066 1923 1121 1986 est,
1135 1933 1170 1973 ac
1185 1913 1214 1972 ni
1230 1912 1318 1972 fallor

210 2006 287 2085 jure,
301 2007 409 2089 quippe
422 2027 489 2085 quae
504 2007 616 2065 nullum
630 2019 742 2067 rectum
758 2007 910 2068 consilium
928 2008 966 2066 de
982 2026 1098 2066 summa
1109 2023 1206 2065 rerum
1221 2007 1315 2111 agite-

214 2109 306 2169 verat,
332 2107 533 2157 verumtamen
547 2118 606 2157 non
630 2099 757 2158 humane
779 2101 836 2158 sed
856 2099 954 2159 divino
980 2099 1108 2178 quodam
1132 2098 1292 2178 impulsu
1285 2117 1316 2156 ru

216 2178 294 2251 hanc
308 2190 518 2275 fatuitatemet
538 2193 695 2252 amentiam
710 2194 807 2251 fuerat
825 2203 968 2271 protrusa.
1011 2191 1078 2251 Jam
1103 2189 1318 2250 Lacedaemonii

217 2283 381 2368 miserrimi,
407 2283 456 2365 qui
485 2284 586 2343 leviter
606 2295 720 2344 tantum
744 2277 782 2344 et
797 2285 877 2343 initio
896 2285 982 2362 rebus
1005 2283 1061 2342 illis
1086 2303 1153 2342 cum
1173 2283 1316 2360 templum

216 2362 390 2454 diriperetur
403 2395 436 2435 se
449 2375 677 2447 immiscuerant,
688 2377 738 2455 qui
754 2376 808 2435 sibi
820 2357 945 2434 Graeciae
957 2375 1156 2454 principatum
1167 2375 1316 2453 quondam

216 2470 401 2546 arrogabant,
416 2490 495 2528 nunc
518 2479 552 2527 ut
566 2469 761 2528 Macedonibus
774 2469 847 2529 dent
866 2467 981 2527 obsides
1003 2486 1121 2545 suaeque
1142 2466 1317 2527 calamitatis

214 2560 353 2619 indicium
367 2560 447 2619 haud
470 2562 628 2620 obscurum
650 2560 741 2620 edant
765 2562 803 2619 ad
828 2560 1027 2644 Alexandrum
1047 2558 1226 2637 legationem
1249 2569 1318 2619 sunt

215 2655 340 2723 missuri,
353 2671 457 2731 poenas
471 2653 527 2731 ipsi
550 2672 618 2712 cum
633 2674 687 2711 sua
701 2654 806 2731 patria,
827 2672 1019 2731 quascunque
1042 2652 1083 2711 illi
1106 2652 1205 2711 visum·
1221 2653 1316 2725 fuerit,

215 2745 322 2816 daturi,
337 2734 464 2823 denique
478 2757 508 2804 et
521 2746 638 2803 victoris
652 2756 682 2804 et
695 2746 800 2826 injuria
812 2746 942 2805 lacessiti
950 2745 1064 2824 judicio
1077 2748 1108 2804 'et
1125 2744 1316 2805 moderationi

215 2831 282 2897 sese
291 2838 434 2897 tradituri.
458 2838 570 2897 Civitas
583 2856 652 2898 vero
665 2847 770 2909 nostru,
784 2858 940 2897 commune
954 2838 1126 2897 Graecorum
1140 2824 1316 2916 perfugium,

215 2931 254 2990 ad
267 2949 355 3009 quam
369 2930 530 3015 legationes
545 2930 614 2989 olim
629 2950 666 2989 ex
674 2931 798 3009 singulis
811 2931 935 2990 Graeciae
948 2931 1113 2991 civitatibus
1124 2930 1316 3003 ventitabant,

163 3050 168 3055 ·
215 3023 340 3083 salutem
364 3044 508 3084 omnese
535 3023 618 3083 vobis
651 3034 808 3129 paratura,
831 3028 893 3098 jam
915 3044 974 3083 non
995 3024 1033 3082 de
1062 3022 1269 3084 Graecorum'
1262 3043 1317 3082 rm·

214 3116 295 3194 perio
310 3116 440 3186 dimicat,
456 3116 509 3176 sed
523 3116 562 3175 de
574 3116 677 3195 patrio
682 3116 775 3195 ipsius
789 3116 862 3176 solo.
899 3115 938 3173 Et
950 3115 1015 3174 baec
1030 3116 1129 3174 omnia
1143 3116 1227 3198 nobis
1242 3116 1318 3175 acci'·

108 3236 111 3241 ·
216 3208 323 3267 derunt
343 3209 431 3278 mala,
455 3226 492 3269 ex
511 3228 570 3313 qup
592 3208 810 3268 Demosthenes
832 3208 871 3268 ad
892 3228 986 3287 remp.
993 3209 1142 3268 'accessit
1172 3208 1318 3268 Praeclare

104 3304 110 3313 '
215 3320 285 3360 sane
299 3300 337 3360 de
350 3301 559 3380 hujusmodi
532 3302 600 3361 mris
624 3301 730 3361 cecinit
742 3308 839 3380 poeta
858 3300 1020 3362 Hesiodus.
1043 3300 1127 3360 Dicit
1149 3301 1227 3359 enirn
1246 3301 1315 3360 ulic-

198 3375 276 3464 'ubi‚
289 3393 413 3472 populos
437 3394 583 3467 erudiens,
606 3403 637 3454 et
659 3394 824 3457 civitatibus
846 3393 1004 3453 consulens
1022 3413 1059 3451 ne
1080 3395 1228 3470 improbos
1251 3413 1316 3452 ora-

214 3496 293 3545 tores
311 3486 591 3564 admittant-—atqui
604 3488 734 3545 carmina
748 3488 813 3565 ipsa
826 3486 909 3545 vobis
928 3486 1066 3545 recitabo.
1096 3486 1131 3544 ln
1144 3484 1223 3545 hunc
1237 3486 1316 3545 enim

214 3580 303 3661 finem
311 3577 433 3637 arbitror
445 3598 500 3637 nos
510 3578 580 3637 dum
594 3579 676 3657 pueri
690 3598 792 3639 sumus
803 3588 955 3658 poetarum
966 3578 1126 3639 sententias
1138 3577 1318 3658 perdiscere,

215 3681 248 3731 ut
260 3672 295 3731 iis
308 3682 396 3733 aetate
404 3666 469 3753 jam
482 3671 585 3732 adulta
597 3681 722 3731 utamur.

443 3818 511 3877 Saepe
523 3815 568 3863 riri
579 3832 636 3878 gens
647 3822 695 3862 lota
706 3817 751 3862 luit
763 3817 839 3863 scelus
852 3817 921 3863 ouius
931 3822 1003 3873 atrox,

441 3896 544 3940 Demens
555 3894 595 3955 qui
606 3900 697 3954 peccat,
708 3893 748 3954 qui
759 3910 795 3941 res
809 3895 902 3959 molitur
913 3894 1013 3953 iniquus.

441 3969 535 4030 Jupiter
544 3972 587 4016 bos
598 3978 679 4017 contra
690 3984 780 4016 summo
792 3962 895 4017 demittit
906 3969 1009 4030 Olympo

442 4047 518 4093 Omne
528 4048 585 4093 nuli
596 4062 668 4108 genus
677 4047 753 4102 exitii,
764 4054 901 4109 pestemque
911 4046 1052 4106 famamque:

441 4122 487 4173 Vel
496 4124 569 4170 eciem
577 4126 699 4173 immunem
709 4124 814 4185 perimit,
827 4124 865 4169 vel
876 4124 960 4171 mmnia
971 4123 1063 4179 sternit,

439 4202 485 4247 Vel
496 4202 584 4263 rapidis
593 4218 666 4249 neves
674 4204 774 4262 jactatus
787 4202 864 4248 obruit
874 4200 951 4247 undis.

217 4313 304 4380 Quod
322 4315 348 4373 si
367 4315 507 4376 detractis
521 4315 650 4393 undique
673 4325 769 4393 poetae
790 4314 930 4387 numeris,
944 4314 1102 4377 sententias
1116 4314 1315 4395 perpendatis,

214 4410 286 4481 puto
300 4406 383 4467 vobis
395 4416 460 4466 ιιοιι.
471 4407 599 4468 ,Hesiodi
619 4406 748 4478 carmen,
769 4407 821 4467 sed
840 4406 994 4467 oraculum
1010 4408 1055 4467 de
1066 4404 1195 4487 publica'
1205 4406 1316 4468 Demo·
