<?xml version="1.0" encoding="UTF-8"?>
<!DOCTYPE html PUBLIC "-//W3C//DTD XHTML 1.0 Transitional//EN"
    "http://www.w3.org/TR/xhtml1/DTD/xhtml1-transitional.dtd">
<html xmlns="http://www.w3.org/1999/xhtml" xml:lang="en" lang="en">
 <head>
  <title>
</title>
<meta http-equiv="Content-Type" content="text/html;charset=utf-8" />
  <meta name='ocr-system' content='tesseract 3.04.00' />
  <meta name='ocr-capabilities' content='ocr_page ocr_carea ocr_par ocr_line ocrx_word'/>
</head>
<body>
  <div class='ocr_page' id='page_1' title='image "./demosthenisetsc06ulpigoog_0283.png"; bbox 0 0 2967 4950; ppageno 0'>
   <div class='ocr_carea' id='block_1_1' title="bbox 494 315 1241 382">
    <p class='ocr_par' dir='ltr' id='par_1_1' title="bbox 494 315 1241 382">
     <span class='ocr_line' id='line_1_1' title="bbox 494 315 1241 382; baseline -0.001 -2"><span class='ocrx_word' id='word_1_1' title='bbox 494 321 664 382; x_wconf 70' lang='lat' dir='ltr'><strong>GOM&#39;RA</strong></span> <span class='ocrx_word' id='word_1_2' title='bbox 685 315 886 382; x_wconf 66' lang='lat' dir='ltr'>mamni.</span> <span class='ocrx_word' id='word_1_3' title='bbox 1178 318 1241 379; x_wconf 75' lang='lat' dir='ltr'>m</span> 
     </span>
    </p>
   </div>
   <div class='ocr_carea' id='block_1_2' title="bbox 63 473 1338 2686">
    <p class='ocr_par' dir='ltr' id='par_1_2' title="bbox 144 473 1338 832">
     <span class='ocr_line' id='line_1_2' title="bbox 144 473 1240 555; baseline 0 -20"><span class='ocrx_word' id='word_1_4' title='bbox 144 495 317 546; x_wconf 87' lang='lat' dir='ltr'>memorare,</span> <span class='ocrx_word' id='word_1_5' title='bbox 331 491 484 555; x_wconf 80' lang='lat' dir='ltr'>operosam</span> <span class='ocrx_word' id='word_1_6' title='bbox 498 478 599 538; x_wconf 82' lang='lat' dir='ltr'>inerit:</span> <span class='ocrx_word' id='word_1_7' title='bbox 621 477 733 538; x_wconf 82' lang='lat' dir='ltr'>sedvos</span> <span class='ocrx_word' id='word_1_8' title='bbox 743 473 1036 545; x_wconf 77' lang='lat' dir='ltr'>omnesmsmiu‘utis,</span> <span class='ocrx_word' id='word_1_9' title='bbox 1045 473 1240 554; x_wconf 83' lang='lat' dir='ltr'>eththolam</span> 
     </span>
     <span class='ocr_line' id='line_1_3' title="bbox 145 566 1244 649; baseline -0.001 -23"><span class='ocrx_word' id='word_1_10' title='bbox 145 566 332 638; x_wconf 85' lang='lat' dir='ltr'>Thessalum,</span> <span class='ocrx_word' id='word_1_11' title='bbox 345 575 376 625; x_wconf 87' lang='lat' dir='ltr'>et</span> <span class='ocrx_word' id='word_1_12' title='bbox 394 567 601 646; x_wconf 86' lang='lat' dir='ltr'>Apollonidem</span> <span class='ocrx_word' id='word_1_13' title='bbox 620 569 804 649; x_wconf 77' lang='lat' dir='ltr'><strong>Olynthium,</strong></span> <span class='ocrx_word' id='word_1_14' title='bbox 819 569 936 628; x_wconf 82' lang='lat' dir='ltr'>civitate</span> <span class='ocrx_word' id='word_1_15' title='bbox 950 585 968 626; x_wconf 86' lang='lat' dir='ltr'>a</span> <span class='ocrx_word' id='word_1_16' title='bbox 980 566 1091 647; x_wconf 92' lang='lat' dir='ltr'>populo</span> <span class='ocrx_word' id='word_1_17' title='bbox 1103 566 1244 638; x_wconf 87' lang='lat' dir='ltr'>donatos,</span> 
     </span>
     <span class='ocr_line' id='line_1_4' title="bbox 146 655 1245 741; baseline 0.001 -21"><span class='ocrx_word' id='word_1_18' title='bbox 146 659 252 720; x_wconf 72' lang='lat' dir='ltr'>udam</span> <span class='ocrx_word' id='word_1_19' title='bbox 274 678 293 718; x_wconf 86' lang='lat' dir='ltr'>a</span> <span class='ocrx_word' id='word_1_20' title='bbox 310 658 460 738; x_wconf 89' lang='lat' dir='ltr'>judicibus</span> <span class='ocrx_word' id='word_1_21' title='bbox 480 681 545 722; x_wconf 88' lang='lat' dir='ltr'>esse</span> <span class='ocrx_word' id='word_1_22' title='bbox 564 661 712 741; x_wconf 80' lang='lat' dir='ltr'>spoliatos.</span> <span class='ocrx_word' id='word_1_23' title='bbox 755 662 834 722; x_wconf 86' lang='lat' dir='ltr'>Nam</span> <span class='ocrx_word' id='word_1_24' title='bbox 853 661 921 722; x_wconf 77' lang='lat' dir='ltr'>haec</span> <span class='ocrx_word' id='word_1_25' title='bbox 940 679 999 720; x_wconf 87' lang='lat' dir='ltr'>non</span> <span class='ocrx_word' id='word_1_26' title='bbox 1018 659 1059 720; x_wconf 89' lang='lat' dir='ltr'>ite</span> <span class='ocrx_word' id='word_1_27' title='bbox 1080 659 1151 718; x_wconf 87' lang='lat' dir='ltr'>olim</span> <span class='ocrx_word' id='word_1_28' title='bbox 1163 655 1245 721; x_wconf 72' lang='lat' dir='ltr'>heta</span> 
     </span>
     <span class='ocr_line' id='line_1_5' title="bbox 147 751 1338 832; baseline 0.001 -22"><span class='ocrx_word' id='word_1_29' title='bbox 147 761 218 810; x_wconf 91' lang='lat' dir='ltr'>sunt</span> <span class='ocrx_word' id='word_1_30' title='bbox 233 761 267 810; x_wconf 87' lang='lat' dir='ltr'>ut</span> <span class='ocrx_word' id='word_1_31' title='bbox 281 770 300 810; x_wconf 85' lang='lat' dir='ltr'>a</span> <span class='ocrx_word' id='word_1_32' title='bbox 312 751 394 812; x_wconf 84' lang='lat' dir='ltr'>vobis</span> <span class='ocrx_word' id='word_1_33' title='bbox 408 753 587 832; x_wconf 80' lang='lat' dir='ltr'>ignorentur.</span> <span class='ocrx_word' id='word_1_34' title='bbox 1020 758 1024 773; x_wconf 83' lang='lat'>&#39;</span> <span class='ocrx_word' id='word_1_35' title='bbox 1336 808 1338 811; x_wconf 86' lang='lat'>.</span> 
     </span>
    </p>

    <p class='ocr_par' dir='ltr' id='par_1_3' title="bbox 143 847 1277 2311">
     <span class='ocr_line' id='line_1_6' title="bbox 185 847 1246 928; baseline 0.003 -24"><span class='ocrx_word' id='word_1_36' title='bbox 185 849 239 906; x_wconf 77' lang='lat'>24.</span> <span class='ocrx_word' id='word_1_37' title='bbox 261 847 317 908; x_wconf 76' lang='lat' dir='ltr'>His</span> <span class='ocrx_word' id='word_1_38' title='bbox 336 847 377 908; x_wconf 91' lang='lat' dir='ltr'>ita</span> <span class='ocrx_word' id='word_1_39' title='bbox 393 848 481 908; x_wconf 83' lang='lat' dir='ltr'>firmis</span> <span class='ocrx_word' id='word_1_40' title='bbox 504 859 536 908; x_wconf 86' lang='lat' dir='ltr'>at</span> <span class='ocrx_word' id='word_1_41' title='bbox 552 849 699 928; x_wconf 75' lang='lat' dir='ltr'>preclaris</span> <span class='ocrx_word' id='word_1_42' title='bbox 718 849 834 927; x_wconf 80' lang='lat' dir='ltr'>legibus</span> <span class='ocrx_word' id='word_1_43' title='bbox 852 867 919 909; x_wconf 85' lang='lat' dir='ltr'>oum</span> <span class='ocrx_word' id='word_1_44' title='bbox 942 847 1108 928; x_wconf 71' lang='lat' dir='ltr'><strong>respublica</strong></span> <span class='ocrx_word' id='word_1_45' title='bbox 1128 847 1246 907; x_wconf 80' lang='lat' dir='ltr'>firmata</span> 
     </span>
     <span class='ocr_line' id='line_1_7' title="bbox 144 939 1242 1020; baseline 0 -20"><span class='ocrx_word' id='word_1_46' title='bbox 144 939 195 1011; x_wconf 87' lang='lat' dir='ltr'>sit,</span> <span class='ocrx_word' id='word_1_47' title='bbox 208 958 262 1018; x_wconf 86' lang='lat' dir='ltr'>per</span> <span class='ocrx_word' id='word_1_48' title='bbox 275 959 348 1016; x_wconf 86' lang='lat' dir='ltr'>quas</span> <span class='ocrx_word' id='word_1_49' title='bbox 368 940 429 1001; x_wconf 85' lang='lat' dir='ltr'>lieri</span> <span class='ocrx_word' id='word_1_50' title='bbox 445 941 657 1002; x_wconf 70' lang='lat' dir='ltr'><strong>Atheniensem</strong></span> <span class='ocrx_word' id='word_1_51' title='bbox 672 950 818 1020; x_wconf 80' lang='lat' dir='ltr'>oporteat,</span> <span class='ocrx_word' id='word_1_52' title='bbox 831 941 891 1002; x_wconf 83' lang='lat' dir='ltr'>alis</span> <span class='ocrx_word' id='word_1_53' title='bbox 908 952 978 1020; x_wconf 86' lang='lat' dir='ltr'>post</span> <span class='ocrx_word' id='word_1_54' title='bbox 994 941 1049 1000; x_wconf 86' lang='lat' dir='ltr'>has</span> <span class='ocrx_word' id='word_1_55' title='bbox 1069 958 1171 1000; x_wconf 83' lang='lat' dir='ltr'>omnes</span> <span class='ocrx_word' id='word_1_56' title='bbox 1192 941 1242 1000; x_wconf 83' lang='lat' dir='ltr'>lert</span> 
     </span>
     <span class='ocr_line' id='line_1_8' title="bbox 147 1031 1244 1113; baseline -0.002 -21"><span class='ocrx_word' id='word_1_57' title='bbox 147 1045 272 1092; x_wconf 78' lang='lat' dir='ltr'>summe</span> <span class='ocrx_word' id='word_1_58' title='bbox 285 1032 465 1098; x_wconf 78' lang='lat' dir='ltr'>auctoritatis</span> <span class='ocrx_word' id='word_1_59' title='bbox 476 1045 521 1094; x_wconf 85' lang='lat' dir='ltr'>est</span> <span class='ocrx_word' id='word_1_60' title='bbox 532 1034 661 1096; x_wconf 86' lang='lat' dir='ltr'>sancita:</span> <span class='ocrx_word' id='word_1_61' title='bbox 677 1043 768 1094; x_wconf 73' lang='lat' dir='ltr'>tantae</span> <span class='ocrx_word' id='word_1_62' title='bbox 779 1051 859 1092; x_wconf 82' lang='lat' dir='ltr'>eures</span> <span class='ocrx_word' id='word_1_63' title='bbox 872 1034 982 1113; x_wconf 91' lang='lat' dir='ltr'>populo</span> <span class='ocrx_word' id='word_1_64' title='bbox 994 1031 1051 1092; x_wconf 86' lang='lat' dir='ltr'>init</span> <span class='ocrx_word' id='word_1_65' title='bbox 1065 1031 1244 1112; x_wconf 86' lang='lat' dir='ltr'>etipsesibi,</span> 
     </span>
     <span class='ocr_line' id='line_1_9' title="bbox 146 1115 1245 1206; baseline -0.001 -22"><span class='ocrx_word' id='word_1_66' title='bbox 146 1135 178 1184; x_wconf 88' lang='lat' dir='ltr'>et</span> <span class='ocrx_word' id='word_1_67' title='bbox 193 1123 234 1184; x_wconf 92' lang='lat' dir='ltr'>dii</span> <span class='ocrx_word' id='word_1_68' title='bbox 251 1124 438 1196; x_wconf 86' lang='lat' dir='ltr'>immortales,</span> <span class='ocrx_word' id='word_1_69' title='bbox 461 1134 495 1188; x_wconf 90' lang='lat' dir='ltr'>ut</span> <span class='ocrx_word' id='word_1_70' title='bbox 516 1145 600 1188; x_wconf 86' lang='lat' dir='ltr'>sacra</span> <span class='ocrx_word' id='word_1_71' title='bbox 620 1145 674 1205; x_wconf 93' lang='lat' dir='ltr'>pro</span> <span class='ocrx_word' id='word_1_72' title='bbox 696 1125 848 1206; x_wconf 71' lang='lat' dir='ltr'>republica</span> <span class='ocrx_word' id='word_1_73' title='bbox 864 1125 1001 1204; x_wconf 79' lang='lat' dir='ltr'>religioso</span> <span class='ocrx_word' id='word_1_74' title='bbox 1012 1125 1126 1185; x_wconf 83' lang='lat' dir='ltr'>tierent.</span> <span class='ocrx_word' id='word_1_75' title='bbox 1167 1115 1245 1183; x_wconf 67' lang='lat' dir='ltr'>ltt&#39;us</span> 
     </span>
     <span class='ocr_line' id='line_1_10' title="bbox 148 1216 1245 1296; baseline 0.002 -22"><span class='ocrx_word' id='word_1_76' title='bbox 148 1235 338 1294; x_wconf 85' lang='lat' dir='ltr'>quoscunque</span> <span class='ocrx_word' id='word_1_77' title='bbox 353 1217 480 1296; x_wconf 91' lang='lat' dir='ltr'>populus</span> <span class='ocrx_word' id='word_1_78' title='bbox 494 1218 682 1279; x_wconf 79' lang='lat' dir='ltr'>Atheniensis</span> <span class='ocrx_word' id='word_1_79' title='bbox 695 1219 775 1279; x_wconf 79' lang='lat' dir='ltr'>cives</span> <span class='ocrx_word' id='word_1_80' title='bbox 788 1218 900 1290; x_wconf 78' lang='lat' dir='ltr'>secent,</span> <span class='ocrx_word' id='word_1_81' title='bbox 914 1232 967 1278; x_wconf 85' lang='lat' dir='ltr'>eos</span> <span class='ocrx_word' id='word_1_82' title='bbox 984 1216 1033 1276; x_wconf 76' lang='lat' dir='ltr'>lan</span> <span class='ocrx_word' id='word_1_83' title='bbox 1053 1225 1152 1294; x_wconf 83' lang='lat' dir='ltr'>aperte</span> <span class='ocrx_word' id='word_1_84' title='bbox 1163 1226 1245 1276; x_wconf 75' lang='lat' dir='ltr'>uetat</span> 
     </span>
     <span class='ocr_line' id='line_1_11' title="bbox 146 1307 1246 1391; baseline 0.002 -23"><span class='ocrx_word' id='word_1_85' title='bbox 146 1309 177 1368; x_wconf 83' lang='lat' dir='ltr'>ia</span> <span class='ocrx_word' id='word_1_86' title='bbox 191 1309 351 1388; x_wconf 84' lang='lat' dir='ltr'>collegium</span> <span class='ocrx_word' id='word_1_87' title='bbox 368 1310 597 1372; x_wconf 82' lang='lat' dir='ltr'>novemvirorum</span> <span class='ocrx_word' id='word_1_88' title='bbox 606 1312 748 1391; x_wconf 86' lang='lat' dir='ltr'>cooptari,</span> <span class='ocrx_word' id='word_1_89' title='bbox 758 1323 810 1372; x_wconf 84' lang='lat' dir='ltr'>aut</span> <span class='ocrx_word' id='word_1_90' title='bbox 819 1311 908 1371; x_wconf 86' lang='lat' dir='ltr'>ullius</span> <span class='ocrx_word' id='word_1_91' title='bbox 918 1307 1074 1370; x_wconf 87' lang='lat' dir='ltr'>sacerdotii</span> <span class='ocrx_word' id='word_1_92' title='bbox 1081 1308 1246 1388; x_wconf 68' lang='lat' dir='ltr'>arripim-</span> 
     </span>
     <span class='ocr_line' id='line_1_12' title="bbox 147 1399 1246 1484; baseline 0.003 -24"><span class='ocrx_word' id='word_1_93' title='bbox 147 1399 176 1460; x_wconf 91' lang='lat' dir='ltr'>di</span> <span class='ocrx_word' id='word_1_94' title='bbox 182 1400 236 1479; x_wconf 89' lang='lat' dir='ltr'>jus</span> <span class='ocrx_word' id='word_1_95' title='bbox 248 1401 355 1461; x_wconf 85' lang='lat' dir='ltr'>habere</span> <span class='ocrx_word' id='word_1_96' title='bbox 369 1421 376 1462; x_wconf 77' lang='grc' dir='ltr'>ι</span> <span class='ocrx_word' id='word_1_97' title='bbox 390 1403 570 1464; x_wconf 85' lang='lat' dir='ltr'>horumrero</span> <span class='ocrx_word' id='word_1_98' title='bbox 583 1403 680 1463; x_wconf 87' lang='lat' dir='ltr'>liberis</span> <span class='ocrx_word' id='word_1_99' title='bbox 690 1405 753 1484; x_wconf 84' lang='lat' dir='ltr'>jam</span> <span class='ocrx_word' id='word_1_100' title='bbox 763 1404 891 1483; x_wconf 91' lang='lat' dir='ltr'>populus</span> <span class='ocrx_word' id='word_1_101' title='bbox 904 1404 968 1462; x_wconf 78' lang='lat' dir='ltr'>hac</span> <span class='ocrx_word' id='word_1_102' title='bbox 978 1400 1076 1462; x_wconf 85' lang='lat' dir='ltr'>omnia</span> <span class='ocrx_word' id='word_1_103' title='bbox 1086 1402 1246 1476; x_wconf 61' lang='lat' dir='ltr'>comem,</span> 
     </span>
     <span class='ocr_line' id='line_1_13' title="bbox 146 1490 1245 1575; baseline 0.002 -21"><span class='ocrx_word' id='word_1_104' title='bbox 146 1513 214 1554; x_wconf 89' lang='lat' dir='ltr'>cum</span> <span class='ocrx_word' id='word_1_105' title='bbox 229 1494 285 1552; x_wconf 87' lang='lat' dir='ltr'>hec</span> <span class='ocrx_word' id='word_1_106' title='bbox 297 1503 394 1554; x_wconf 72' lang='lat' dir='ltr'>muron</span> <span class='ocrx_word' id='word_1_107' title='bbox 406 1495 578 1574; x_wconf 72' lang='lat' dir='ltr'>appendice,</span> <span class='ocrx_word' id='word_1_108' title='bbox 588 1496 612 1556; x_wconf 92' lang='lat' dir='ltr'>si</span> <span class='ocrx_word' id='word_1_109' title='bbox 625 1497 683 1556; x_wconf 90' lang='lat' dir='ltr'>sint</span> <span class='ocrx_word' id='word_1_110' title='bbox 696 1496 841 1556; x_wconf 88' lang='lat' dir='ltr'>emuliere</span> <span class='ocrx_word' id='word_1_111' title='bbox 850 1497 913 1556; x_wconf 86' lang='lat' dir='ltr'>cive</span> <span class='ocrx_word' id='word_1_112' title='bbox 923 1493 1061 1575; x_wconf 87' lang='lat' dir='ltr'>suscepti,</span> <span class='ocrx_word' id='word_1_113' title='bbox 1074 1502 1106 1554; x_wconf 90' lang='lat' dir='ltr'>et</span> <span class='ocrx_word' id='word_1_114' title='bbox 1113 1490 1245 1572; x_wconf 73' lang='lat' dir='ltr'>legium</span> 
     </span>
     <span class='ocr_line' id='line_1_14' title="bbox 146 1583 1245 1669; baseline 0.003 -25"><span class='ocrx_word' id='word_1_115' title='bbox 146 1584 306 1665; x_wconf 79' lang='lat' dir='ltr'>desponsa.</span> <span class='ocrx_word' id='word_1_116' title='bbox 339 1587 380 1669; x_wconf 83' lang='lat' dir='ltr'>Et</span> <span class='ocrx_word' id='word_1_117' title='bbox 392 1587 455 1648; x_wconf 86' lang='lat' dir='ltr'>haec</span> <span class='ocrx_word' id='word_1_118' title='bbox 470 1607 516 1648; x_wconf 87' lang='lat' dir='ltr'>me</span> <span class='ocrx_word' id='word_1_119' title='bbox 527 1583 593 1648; x_wconf 74' lang='lat' dir='ltr'>visre</span> <span class='ocrx_word' id='word_1_120' title='bbox 609 1588 716 1662; x_wconf 88' lang='lat' dir='ltr'>dicere,</span> <span class='ocrx_word' id='word_1_121' title='bbox 726 1606 834 1668; x_wconf 80' lang='lat' dir='ltr'>magno</span> <span class='ocrx_word' id='word_1_122' title='bbox 847 1599 878 1648; x_wconf 89' lang='lat' dir='ltr'>et</span> <span class='ocrx_word' id='word_1_123' title='bbox 890 1588 995 1648; x_wconf 79' lang='lat' dir='ltr'><strong>illustri</strong></span> <span class='ocrx_word' id='word_1_124' title='bbox 1008 1607 1067 1668; x_wconf 86' lang='lat' dir='ltr'>ego</span> <span class='ocrx_word' id='word_1_125' title='bbox 1076 1585 1245 1647; x_wconf 81' lang='lat' dir='ltr'>testimonio</span> 
     </span>
     <span class='ocr_line' id='line_1_15' title="bbox 144 1678 1246 1759; baseline 0.002 -21"><span class='ocrx_word' id='word_1_126' title='bbox 144 1678 229 1738; x_wconf 78' lang='lat' dir='ltr'>robis</span> <span class='ocrx_word' id='word_1_127' title='bbox 250 1679 412 1740; x_wconf 59' lang='lat' dir='ltr'>orandam.</span> <span class='ocrx_word' id='word_1_128' title='bbox 441 1681 586 1742; x_wconf 81' lang='lat' dir='ltr'>&#39;Narrabo</span> <span class='ocrx_word' id='word_1_129' title='bbox 607 1691 706 1742; x_wconf 82' lang='lat' dir='ltr'>autem</span> <span class='ocrx_word' id='word_1_130' title='bbox 725 1682 819 1754; x_wconf 87' lang='lat' dir='ltr'>vobis,</span> <span class='ocrx_word' id='word_1_131' title='bbox 831 1681 900 1741; x_wconf 87' lang='lat' dir='ltr'>ant&#39;e</span> <span class='ocrx_word' id='word_1_132' title='bbox 916 1700 1005 1759; x_wconf 85' lang='lat' dir='ltr'>quam</span> <span class='ocrx_word' id='word_1_133' title='bbox 1018 1681 1056 1741; x_wconf 85' lang='lat' dir='ltr'>ad</span> <span class='ocrx_word' id='word_1_134' title='bbox 1073 1689 1136 1740; x_wconf 84' lang='lat' dir='ltr'>&#39;rem</span> <span class='ocrx_word' id='word_1_135' title='bbox 1151 1678 1246 1759; x_wconf 82' lang='lat' dir='ltr'>ipsam</span> 
     </span>
     <span class='ocr_line' id='line_1_16' title="bbox 145 1770 1245 1854; baseline 0.002 -22"><span class='ocrx_word' id='word_1_136' title='bbox 145 1770 272 1838; x_wconf 78' lang='lat' dir='ltr'>veniam,</span> <span class='ocrx_word' id='word_1_137' title='bbox 286 1792 347 1851; x_wconf 91' lang='lat' dir='ltr'>quo</span> <span class='ocrx_word' id='word_1_138' title='bbox 358 1782 446 1850; x_wconf 88' lang='lat' dir='ltr'>pacto</span> <span class='ocrx_word' id='word_1_139' title='bbox 455 1791 491 1832; x_wconf 87' lang='lat' dir='ltr'>ea</span> <span class='ocrx_word' id='word_1_140' title='bbox 503 1772 551 1834; x_wconf 81' lang='lat' dir='ltr'>lea</span> <span class='ocrx_word' id='word_1_141' title='bbox 564 1773 633 1846; x_wconf 87' lang='lat' dir='ltr'>lata,</span> <span class='ocrx_word' id='word_1_142' title='bbox 647 1785 677 1834; x_wconf 87' lang='lat' dir='ltr'>ot</span> <span class='ocrx_word' id='word_1_143' title='bbox 689 1784 808 1854; x_wconf 86' lang='lat' dir='ltr'>propter</span> <span class='ocrx_word' id='word_1_144' title='bbox 814 1791 891 1853; x_wconf 90' lang='lat' dir='ltr'>quos</span> <span class='ocrx_word' id='word_1_145' title='bbox 902 1773 1088 1853; x_wconf 79' lang='lat' dir='ltr'>promulgata</span> <span class='ocrx_word' id='word_1_146' title='bbox 1098 1774 1146 1846; x_wconf 89' lang='lat' dir='ltr'>sit,</span> <span class='ocrx_word' id='word_1_147' title='bbox 1156 1792 1245 1853; x_wconf 82' lang='lat' dir='ltr'>quam</span> 
     </span>
     <span class='ocr_line' id='line_1_17' title="bbox 146 1864 1246 1948; baseline 0.004 -25"><span class='ocrx_word' id='word_1_148' title='bbox 146 1873 320 1943; x_wconf 76' lang='lat' dir='ltr'>praestantes</span> <span class='ocrx_word' id='word_1_149' title='bbox 335 1866 412 1924; x_wconf 82' lang='lat' dir='ltr'>viros</span> <span class='ocrx_word' id='word_1_150' title='bbox 425 1876 455 1926; x_wconf 88' lang='lat' dir='ltr'>et</span> <span class='ocrx_word' id='word_1_151' title='bbox 472 1876 640 1927; x_wconf 71' lang='lat' dir='ltr'>conitentes</span> <span class='ocrx_word' id='word_1_152' title='bbox 659 1867 763 1948; x_wconf 87' lang='lat' dir='ltr'>populi</span> <span class='ocrx_word' id='word_1_153' title='bbox 780 1866 900 1927; x_wconf 87' lang='lat' dir='ltr'>amicos.</span> <span class='ocrx_word' id='word_1_154' title='bbox 942 1866 987 1924; x_wconf 85' lang='lat' dir='ltr'>Ex</span> <span class='ocrx_word' id='word_1_155' title='bbox 999 1866 1046 1926; x_wconf 89' lang='lat' dir='ltr'>his</span> <span class='ocrx_word' id='word_1_156' title='bbox 1056 1867 1132 1925; x_wconf 82' lang='lat' dir='ltr'>enirn</span> <span class='ocrx_word' id='word_1_157' title='bbox 1146 1864 1246 1927; x_wconf 59' lang='lat' dir='ltr'>scidis</span> 
     </span>
     <span class='ocr_line' id='line_1_18' title="bbox 143 1955 1246 2036; baseline 0.004 -23"><span class='ocrx_word' id='word_1_158' title='bbox 143 1955 293 2028; x_wconf 89' lang='lat' dir='ltr'>omuibus,</span> <span class='ocrx_word' id='word_1_159' title='bbox 306 1966 337 2016; x_wconf 90' lang='lat' dir='ltr'>et</span> <span class='ocrx_word' id='word_1_160' title='bbox 350 1957 449 2036; x_wconf 89' lang='lat' dir='ltr'>populi</span> <span class='ocrx_word' id='word_1_161' title='bbox 465 1957 638 2018; x_wconf 78' lang='lat' dir='ltr'>beneficium</span> <span class='ocrx_word' id='word_1_162' title='bbox 654 1961 733 2018; x_wconf 87' lang='lat' dir='ltr'>bena</span> <span class='ocrx_word' id='word_1_163' title='bbox 750 1957 927 2018; x_wconf 89' lang='lat' dir='ltr'>merentibus</span> <span class='ocrx_word' id='word_1_164' title='bbox 939 1959 1110 2036; x_wconf 84' lang='lat' dir='ltr'>repositum,</span> <span class='ocrx_word' id='word_1_165' title='bbox 1129 1959 1246 2036; x_wconf 85' lang='lat' dir='ltr'>procul-</span> 
     </span>
     <span class='ocr_line' id='line_1_19' title="bbox 144 2036 1277 2132; baseline 0.004 -24"><span class='ocrx_word' id='word_1_166' title='bbox 144 2057 258 2118; x_wconf 84' lang='lat' dir='ltr'>catum,</span> <span class='ocrx_word' id='word_1_167' title='bbox 271 2058 302 2108; x_wconf 88' lang='lat' dir='ltr'>et</span> <span class='ocrx_word' id='word_1_168' title='bbox 315 2049 431 2128; x_wconf 84' lang='lat' dir='ltr'>quantis</span> <span class='ocrx_word' id='word_1_169' title='bbox 452 2051 556 2113; x_wconf 81' lang='lat' dir='ltr'>vestris</span> <span class='ocrx_word' id='word_1_170' title='bbox 577 2051 753 2111; x_wconf 78' lang='lat' dir='ltr'>utilitatibus</span> <span class='ocrx_word' id='word_1_171' title='bbox 771 2036 892 2111; x_wconf 79' lang='lat' dir='ltr'>obstent</span> <span class='ocrx_word' id='word_1_172' title='bbox 903 2061 966 2109; x_wconf 91' lang='lat' dir='ltr'>tum</span> <span class='ocrx_word' id='word_1_173' title='bbox 979 2049 1156 2129; x_wconf 79' lang='lat' dir='ltr'>Stephanus,</span> <span class='ocrx_word' id='word_1_174' title='bbox 1179 2059 1244 2112; x_wconf 81' lang='lat' dir='ltr'>tun</span> <span class='ocrx_word' id='word_1_175' title='bbox 1270 2125 1277 2132; x_wconf 37' lang='grc'><strong>,</strong></span> 
     </span>
     <span class='ocr_line' id='line_1_20' title="bbox 144 2140 1245 2219; baseline 0.002 -19"><span class='ocrx_word' id='word_1_176' title='bbox 144 2141 246 2212; x_wconf 86' lang='lat' dir='ltr'>ceteri,</span> <span class='ocrx_word' id='word_1_177' title='bbox 268 2140 319 2219; x_wconf 90' lang='lat' dir='ltr'>qui</span> <span class='ocrx_word' id='word_1_178' title='bbox 340 2141 443 2203; x_wconf 56' lang='lat' dir='ltr'>mem</span> <span class='ocrx_word' id='word_1_179' title='bbox 464 2143 552 2206; x_wconf 85' lang='lat' dir='ltr'>modo</span> <span class='ocrx_word' id='word_1_180' title='bbox 572 2142 618 2203; x_wconf 84' lang='lat' dir='ltr'>rel</span> <span class='ocrx_word' id='word_1_181' title='bbox 635 2143 821 2204; x_wconf 80' lang='lat' dir='ltr'>matrimonia</span> <span class='ocrx_word' id='word_1_182' title='bbox 838 2151 1054 2215; x_wconf 76' lang='lat' dir='ltr'>manaremus,</span> <span class='ocrx_word' id='word_1_183' title='bbox 1067 2141 1114 2202; x_wconf 87' lang='lat' dir='ltr'>vel</span> <span class='ocrx_word' id='word_1_184' title='bbox 1136 2141 1245 2202; x_wconf 89' lang='lat' dir='ltr'>liberes</span> 
     </span>
     <span class='ocr_line' id='line_1_21' title="bbox 144 2244 1081 2311; baseline 0.002 -17"><span class='ocrx_word' id='word_1_185' title='bbox 144 2244 349 2311; x_wconf 84' lang='lat' dir='ltr'>susceperunt.</span> <span class='ocrx_word' id='word_1_186' title='bbox 1078 2303 1081 2308; x_wconf 54' lang='grc'><strong>,</strong></span> 
     </span>
    </p>

    <p class='ocr_par' dir='ltr' id='par_1_4' title="bbox 63 2325 1314 2686">
     <span class='ocr_line' id='line_1_22' title="bbox 190 2325 1243 2400; baseline 0.006 -17"><span class='ocrx_word' id='word_1_187' title='bbox 190 2327 242 2384; x_wconf 79' lang='lat'>25.</span> <span class='ocrx_word' id='word_1_188' title='bbox 265 2325 445 2386; x_wconf 83' lang='lat' dir='ltr'>Plataeenses</span> <span class='ocrx_word' id='word_1_189' title='bbox 468 2325 525 2386; x_wconf 91' lang='lat' dir='ltr'>soli</span> <span class='ocrx_word' id='word_1_190' title='bbox 547 2326 716 2387; x_wconf 79' lang='lat' dir='ltr'>Gracorum</span> <span class='ocrx_word' id='word_1_191' title='bbox 731 2328 861 2388; x_wconf 88' lang='lat' dir='ltr'>omnium</span> <span class='ocrx_word' id='word_1_192' title='bbox 879 2328 973 2399; x_wconf 85' lang='lat' dir='ltr'>robis,</span> <span class='ocrx_word' id='word_1_193' title='bbox 987 2326 1192 2400; x_wconf 76' lang='lat' dir='ltr'>Athenienses,</span> <span class='ocrx_word' id='word_1_194' title='bbox 1213 2325 1243 2389; x_wconf 88' lang='lat' dir='ltr'>ln</span> 
     </span>
     <span class='ocr_line' id='line_1_23' title="bbox 145 2417 1245 2501; baseline 0 -20"><span class='ocrx_word' id='word_1_195' title='bbox 145 2417 355 2481; x_wconf 79' lang='lat' dir='ltr'>Marathonem</span> <span class='ocrx_word' id='word_1_196' title='bbox 380 2419 530 2497; x_wconf 74' lang='lat' dir='ltr'>suppetias</span> <span class='ocrx_word' id='word_1_197' title='bbox 550 2429 702 2492; x_wconf 79' lang='lat' dir='ltr'>venerunt,</span> <span class='ocrx_word' id='word_1_198' title='bbox 717 2439 785 2480; x_wconf 85' lang='lat' dir='ltr'>oum</span> <span class='ocrx_word' id='word_1_199' title='bbox 805 2420 902 2493; x_wconf 84' lang='lat' dir='ltr'>Datis,</span> <span class='ocrx_word' id='word_1_200' title='bbox 915 2419 1072 2482; x_wconf 85' lang='lat' dir='ltr'>Persarum</span> <span class='ocrx_word' id='word_1_201' title='bbox 1090 2420 1177 2501; x_wconf 78' lang='lat' dir='ltr'>regis·</span> <span class='ocrx_word' id='word_1_202' title='bbox 1188 2421 1245 2481; x_wconf 78' lang='lat' dir='ltr'>in-</span> 
     </span>
     <span class='ocr_line' id='line_1_24' title="bbox 144 2510 1247 2591; baseline 0 -17"><span class='ocrx_word' id='word_1_203' title='bbox 144 2520 275 2591; x_wconf 80' lang='lat' dir='ltr'>perator,</span> <span class='ocrx_word' id='word_1_204' title='bbox 289 2510 404 2572; x_wconf 76' lang='lat' dir='ltr'>Eretria</span> <span class='ocrx_word' id='word_1_205' title='bbox 417 2512 570 2585; x_wconf 85' lang='lat' dir='ltr'>recedens,</span> <span class='ocrx_word' id='word_1_206' title='bbox 581 2513 695 2573; x_wconf 77' lang='lat' dir='ltr'>Euboea</span> <span class='ocrx_word' id='word_1_207' title='bbox 707 2515 841 2585; x_wconf 86' lang='lat' dir='ltr'>subacta,</span> <span class='ocrx_word' id='word_1_208' title='bbox 855 2515 886 2573; x_wconf 90' lang='lat' dir='ltr'>in</span> <span class='ocrx_word' id='word_1_209' title='bbox 906 2523 1039 2573; x_wconf 78' lang='lat' dir='ltr'>noemam</span> <span class='ocrx_word' id='word_1_210' title='bbox 1059 2526 1161 2591; x_wconf 81' lang='lat' dir='ltr'>agrum</span> <span class='ocrx_word' id='word_1_211' title='bbox 1175 2530 1247 2574; x_wconf 76' lang='lat' dir='ltr'>caan</span> 
     </span>
     <span class='ocr_line' id='line_1_25' title="bbox 63 2603 1314 2686; baseline 0.002 -21"><span class='ocrx_word' id='word_1_212' title='bbox 63 2636 70 2651; x_wconf 89' lang='lat'><strong>·</strong></span> <span class='ocrx_word' id='word_1_213' title='bbox 145 2604 314 2683; x_wconf 64' lang='lat' dir='ltr'>ingentibus</span> <span class='ocrx_word' id='word_1_214' title='bbox 331 2603 537 2677; x_wconf 76' lang='lat' dir='ltr'>desneudimet</span> <span class='ocrx_word' id='word_1_215' title='bbox 555 2606 658 2685; x_wconf 86' lang='lat' dir='ltr'>copiis,</span> <span class='ocrx_word' id='word_1_216' title='bbox 683 2614 713 2665; x_wconf 84' lang='lat' dir='ltr'>et</span> <span class='ocrx_word' id='word_1_217' title='bbox 736 2604 967 2686; x_wconf 45' lang='lat' dir='ltr'>populabundus*</span> <span class='ocrx_word' id='word_1_218' title='bbox 983 2614 1156 2685; x_wconf 74' lang='lat' dir='ltr'>vagareturr</span> <span class='ocrx_word' id='word_1_219' title='bbox 1176 2620 1247 2668; x_wconf 77' lang='lat' dir='ltr'>usur</span> <span class='ocrx_word' id='word_1_220' title='bbox 1310 2632 1314 2638; x_wconf 93' lang='grc'>·</span> 
     </span>
    </p>
   </div>
   <div class='ocr_carea' id='block_1_3' title="bbox 145 2694 1375 2780">
    <p class='ocr_par' dir='ltr' id='par_1_5' title="bbox 145 2694 1375 2780">
     <span class='ocr_line' id='line_1_26' title="bbox 145 2694 1375 2780; baseline 0.004 -23"><span class='ocrx_word' id='word_1_221' title='bbox 145 2697 237 2757; x_wconf 83' lang='lat' dir='ltr'>etiam</span> <span class='ocrx_word' id='word_1_222' title='bbox 250 2694 340 2757; x_wconf 87' lang='lat' dir='ltr'>hodie</span> <span class='ocrx_word' id='word_1_223' title='bbox 351 2696 528 2757; x_wconf 79' lang='lat' dir='ltr'>tortitudinis</span> <span class='ocrx_word' id='word_1_224' title='bbox 543 2716 643 2757; x_wconf 87' lang='lat' dir='ltr'>eorum</span> <span class='ocrx_word' id='word_1_225' title='bbox 664 2698 694 2757; x_wconf 89' lang='lat' dir='ltr'>iu</span> <span class='ocrx_word' id='word_1_226' title='bbox 708 2698 800 2760; x_wconf 83' lang='lat' dir='ltr'>Varia</span> <span class='ocrx_word' id='word_1_227' title='bbox 810 2698 926 2780; x_wconf 83' lang='lat' dir='ltr'>porticu</span> <span class='ocrx_word' id='word_1_228' title='bbox 938 2700 1119 2759; x_wconf 79' lang='lat' dir='ltr'>monimenta</span> <span class='ocrx_word' id='word_1_229' title='bbox 1132 2698 1248 2779; x_wconf 76' lang='lat' dir='ltr'>pictam</span> <span class='ocrx_word' id='word_1_230' title='bbox 1364 2758 1375 2770; x_wconf 81' lang='grc'>,</span> 
     </span>
    </p>
   </div>
   <div class='ocr_carea' id='block_1_4' title="bbox 144 2789 1248 2965">
    <p class='ocr_par' dir='ltr' id='par_1_6' title="bbox 144 2789 1248 2965">
     <span class='ocr_line' id='line_1_27' title="bbox 144 2789 1245 2873; baseline 0.005 -26"><span class='ocrx_word' id='word_1_231' title='bbox 144 2798 346 2868; x_wconf 82' lang='lat' dir='ltr'>repraesentet.</span> <span class='ocrx_word' id='word_1_232' title='bbox 389 2789 487 2858; x_wconf 81' lang='lat' dir='ltr'>Quam</span> <span class='ocrx_word' id='word_1_233' title='bbox 501 2790 580 2849; x_wconf 51' lang='lat' dir='ltr'>euim¹</span> <span class='ocrx_word' id='word_1_234' title='bbox 593 2792 718 2871; x_wconf 78' lang='lat' dir='ltr'>quisque</span> <span class='ocrx_word' id='word_1_235' title='bbox 730 2792 880 2853; x_wconf 84' lang='lat' dir='ltr'>celerrime</span> <span class='ocrx_word' id='word_1_236' title='bbox 894 2793 999 2873; x_wconf 85' lang='lat' dir='ltr'>potuit,</span> <span class='ocrx_word' id='word_1_237' title='bbox 1021 2793 1121 2854; x_wconf 81' lang='lat' dir='ltr'>statim</span> <span class='ocrx_word' id='word_1_238' title='bbox 1139 2802 1245 2854; x_wconf 81' lang='lat' dir='ltr'>accur-</span> 
     </span>
     <span class='ocr_line' id='line_1_28' title="bbox 144 2880 1248 2965; baseline 0.002 -20"><span class='ocrx_word' id='word_1_239' title='bbox 144 2901 217 2945; x_wconf 85' lang='lat' dir='ltr'>rens</span> <span class='ocrx_word' id='word_1_240' title='bbox 229 2880 324 2961; x_wconf 78' lang='lat' dir='ltr'>pinum</span> <span class='ocrx_word' id='word_1_241' title='bbox 339 2892 396 2953; x_wconf 86' lang='lat' dir='ltr'>est,</span> <span class='ocrx_word' id='word_1_242' title='bbox 411 2902 501 2943; x_wconf 86' lang='lat' dir='ltr'>cenes</span> <span class='ocrx_word' id='word_1_243' title='bbox 520 2884 561 2943; x_wconf 92' lang='lat' dir='ltr'><strong>illi</strong></span> <span class='ocrx_word' id='word_1_244' title='bbox 579 2884 708 2945; x_wconf 21' lang='lat' dir='ltr'>&#39;Boeotias</span> <span class='ocrx_word' id='word_1_245' title='bbox 721 2886 876 2947; x_wconf 83' lang='lat' dir='ltr'>hahentes.</span> <span class='ocrx_word' id='word_1_246' title='bbox 918 2887 1020 2965; x_wconf 57' lang='lat' dir='ltr'>Atque&gt;</span> <span class='ocrx_word' id='word_1_247' title='bbox 1028 2886 1133 2946; x_wconf 79' lang='lat' dir='ltr'>iterum</span> <span class='ocrx_word' id='word_1_248' title='bbox 1146 2884 1248 2947; x_wconf 74' lang='lat' dir='ltr'>Xerse</span> 
     </span>
    </p>
   </div>
   <div class='ocr_carea' id='block_1_5' title="bbox 52 2974 1249 3058">
    <p class='ocr_par' dir='ltr' id='par_1_7' title="bbox 52 2974 1249 3058">
     <span class='ocr_line' id='line_1_29' title="bbox 52 2974 1249 3058; baseline -0.001 -20"><span class='ocrx_word' id='word_1_249' title='bbox 52 2991 54 2997; x_wconf 76' lang='grc'>’</span> <span class='ocrx_word' id='word_1_250' title='bbox 147 2974 295 3038; x_wconf 75' lang='lat' dir='ltr'>Groeciam</span> <span class='ocrx_word' id='word_1_251' title='bbox 312 2976 477 3049; x_wconf 86' lang='lat' dir='ltr'>invadente,</span> <span class='ocrx_word' id='word_1_252' title='bbox 500 2976 651 3035; x_wconf 77' lang='lat' dir='ltr'>Thebanis</span> <span class='ocrx_word' id='word_1_253' title='bbox 667 2992 735 3037; x_wconf 93' lang='lat' dir='ltr'>oum</span> <span class='ocrx_word' id='word_1_254' title='bbox 751 2978 843 3039; x_wconf 85' lang='lat' dir='ltr'>Made</span> <span class='ocrx_word' id='word_1_255' title='bbox 855 2976 1030 3058; x_wconf 81' lang='lat' dir='ltr'>conjunctis,</span> <span class='ocrx_word' id='word_1_256' title='bbox 1049 2986 1182 3037; x_wconf 84' lang='lat' dir='ltr'>nostram·</span> <span class='ocrx_word' id='word_1_257' title='bbox 1192 2978 1249 3037; x_wconf 74' lang='lat' dir='ltr'>ds«</span> 
     </span>
    </p>
   </div>
   <div class='ocr_carea' id='block_1_6' title="bbox 145 3067 1250 3706">
    <p class='ocr_par' dir='ltr' id='par_1_8' title="bbox 145 3067 1250 3706">
     <span class='ocr_line' id='line_1_30' title="bbox 146 3067 1248 3147; baseline 0.001 -21"><span class='ocrx_word' id='word_1_258' title='bbox 146 3086 245 3126; x_wconf 87' lang='lat' dir='ltr'>serere</span> <span class='ocrx_word' id='word_1_259' title='bbox 258 3067 417 3127; x_wconf 87' lang='lat' dir='ltr'>amicitiam</span> <span class='ocrx_word' id='word_1_260' title='bbox 427 3069 564 3128; x_wconf 45' lang='lat' dir='ltr'>ausirneu</span> <span class='ocrx_word' id='word_1_261' title='bbox 578 3068 707 3141; x_wconf 85' lang='lat' dir='ltr'>fuerunt,</span> <span class='ocrx_word' id='word_1_262' title='bbox 722 3070 776 3131; x_wconf 88' lang='lat' dir='ltr'>sed</span> <span class='ocrx_word' id='word_1_263' title='bbox 790 3070 845 3130; x_wconf 89' lang='lat' dir='ltr'>soli</span> <span class='ocrx_word' id='word_1_264' title='bbox 861 3069 900 3129; x_wconf 89' lang='lat' dir='ltr'>de</span> <span class='ocrx_word' id='word_1_265' title='bbox 913 3072 1020 3129; x_wconf 73' lang='lat' dir='ltr'>ceteris</span> <span class='ocrx_word' id='word_1_266' title='bbox 1032 3068 1164 3140; x_wconf 79' lang='lat' dir='ltr'>Breotiis,</span> <span class='ocrx_word' id='word_1_267' title='bbox 1178 3082 1248 3147; x_wconf 70' lang='lat' dir='ltr'>purs</span> 
     </span>
     <span class='ocr_line' id='line_1_31' title="bbox 146 3159 1247 3241; baseline 0.005 -22"><span class='ocrx_word' id='word_1_268' title='bbox 146 3160 202 3219; x_wconf 86' lang='lat' dir='ltr'>tim</span> <span class='ocrx_word' id='word_1_269' title='bbox 216 3178 280 3217; x_wconf 88' lang='lat' dir='ltr'>eum</span> <span class='ocrx_word' id='word_1_270' title='bbox 296 3159 524 3219; x_wconf 85' lang='lat' dir='ltr'>Lacedaemoniis</span> <span class='ocrx_word' id='word_1_271' title='bbox 535 3170 565 3220; x_wconf 89' lang='lat' dir='ltr'>et</span> <span class='ocrx_word' id='word_1_272' title='bbox 577 3161 706 3220; x_wconf 84' lang='lat' dir='ltr'>Leonida</span> <span class='ocrx_word' id='word_1_273' title='bbox 715 3162 746 3222; x_wconf 89' lang='lat' dir='ltr'>in</span> <span class='ocrx_word' id='word_1_274' title='bbox 759 3161 1079 3241; x_wconf 64' lang='lat' dir='ltr'>Thermopylis&#39;eontra</span> <span class='ocrx_word' id='word_1_275' title='bbox 1090 3162 1247 3224; x_wconf 78' lang='lat' dir='ltr'>barbarum</span> 
     </span>
     <span class='ocr_line' id='line_1_32' title="bbox 145 3247 1250 3333; baseline 0.003 -22"><span class='ocrx_word' id='word_1_276' title='bbox 145 3251 284 3312; x_wconf 83' lang='lat' dir='ltr'>instructi</span> <span class='ocrx_word' id='word_1_277' title='bbox 296 3264 356 3311; x_wconf 82' lang='lat' dir='ltr'>una</span> <span class='ocrx_word' id='word_1_278' title='bbox 368 3248 526 3330; x_wconf 88' lang='lat' dir='ltr'>perierunt,</span> <span class='ocrx_word' id='word_1_279' title='bbox 540 3254 642 3333; x_wconf 88' lang='lat' dir='ltr'>partim</span> <span class='ocrx_word' id='word_1_280' title='bbox 664 3254 833 3313; x_wconf 83' lang='lat' dir='ltr'>conscensis</span> <span class='ocrx_word' id='word_1_281' title='bbox 854 3253 961 3313; x_wconf 71' lang='lat' dir='ltr'>neuris</span> <span class='ocrx_word' id='word_1_282' title='bbox 978 3252 1153 3325; x_wconf 80' lang='lat' dir='ltr'>triremibus,</span> <span class='ocrx_word' id='word_1_283' title='bbox 1166 3247 1250 3332; x_wconf 78' lang='lat' dir='ltr'>quos</span> 
     </span>
     <span class='ocr_line' id='line_1_33' title="bbox 145 3344 1250 3451; baseline 0.002 -46"><span class='ocrx_word' id='word_1_284' title='bbox 145 3344 280 3427; x_wconf 73' lang='lat' dir='ltr'>proprias</span> <span class='ocrx_word' id='word_1_285' title='bbox 289 3364 378 3406; x_wconf 83' lang='lat' dir='ltr'>aurea</span> <span class='ocrx_word' id='word_1_286' title='bbox 390 3365 450 3406; x_wconf 86' lang='lat' dir='ltr'>non</span> <span class='ocrx_word' id='word_1_287' title='bbox 463 3345 617 3451; x_wconf 48' lang='lat' dir='ltr'>habeant,</span> <span class='ocrx_word' id='word_1_288' title='bbox 631 3348 711 3407; x_wconf 85' lang='lat' dir='ltr'>socie</span> <span class='ocrx_word' id='word_1_289' title='bbox 724 3347 877 3407; x_wconf 88' lang='lat' dir='ltr'>nobiscum</span> <span class='ocrx_word' id='word_1_290' title='bbox 891 3364 972 3407; x_wconf 78' lang='lat' dir='ltr'>arma</span> <span class='ocrx_word' id='word_1_291' title='bbox 980 3347 1152 3427; x_wconf 82' lang='lat' dir='ltr'>junxerunt,</span> <span class='ocrx_word' id='word_1_292' title='bbox 1164 3357 1197 3406; x_wconf 86' lang='lat' dir='ltr'>et</span> <span class='ocrx_word' id='word_1_293' title='bbox 1208 3346 1250 3407; x_wconf 76' lang='lat' dir='ltr'>ad</span> 
     </span>
     <span class='ocr_line' id='line_1_34' title="bbox 147 3438 1250 3521; baseline 0 -22"><span class='ocrx_word' id='word_1_294' title='bbox 147 3438 348 3510; x_wconf 85' lang='lat' dir='ltr'>Artemisium,</span> <span class='ocrx_word' id='word_1_295' title='bbox 358 3449 394 3499; x_wconf 78' lang='lat' dir='ltr'>‚et</span> <span class='ocrx_word' id='word_1_296' title='bbox 406 3440 445 3499; x_wconf 88' lang='lat' dir='ltr'>nd</span> <span class='ocrx_word' id='word_1_297' title='bbox 458 3439 646 3513; x_wconf 76' lang='lat' dir='ltr'>Salaminem,</span> <span class='ocrx_word' id='word_1_298' title='bbox 656 3450 688 3500; x_wconf 84' lang='lat' dir='ltr'>et</span> <span class='ocrx_word' id='word_1_299' title='bbox 699 3440 738 3499; x_wconf 88' lang='lat' dir='ltr'>ad</span> <span class='ocrx_word' id='word_1_300' title='bbox 753 3438 882 3500; x_wconf 83' lang='lat' dir='ltr'>Plataeas</span> <span class='ocrx_word' id='word_1_301' title='bbox 891 3450 1041 3521; x_wconf 87' lang='lat' dir='ltr'>postrema</span> <span class='ocrx_word' id='word_1_302' title='bbox 1052 3456 1155 3519; x_wconf 73' lang='lat' dir='ltr'>pugna·</span> <span class='ocrx_word' id='word_1_303' title='bbox 1165 3452 1250 3499; x_wconf 62' lang='lat' dir='ltr'>corna</span> 
     </span>
     <span class='ocr_line' id='line_1_35' title="bbox 147 3531 1250 3612; baseline -0.001 -21"><span class='ocrx_word' id='word_1_304' title='bbox 147 3532 240 3591; x_wconf 67' lang='lat' dir='ltr'>musa</span> <span class='ocrx_word' id='word_1_305' title='bbox 253 3551 320 3591; x_wconf 86' lang='lat' dir='ltr'>curn</span> <span class='ocrx_word' id='word_1_306' title='bbox 334 3532 491 3593; x_wconf 85' lang='lat' dir='ltr'>Mardonio</span> <span class='ocrx_word' id='word_1_307' title='bbox 506 3533 583 3612; x_wconf 79' lang='lat' dir='ltr'>regis</span> <span class='ocrx_word' id='word_1_308' title='bbox 598 3534 684 3603; x_wconf 88' lang='lat' dir='ltr'>duce,</span> <span class='ocrx_word' id='word_1_309' title='bbox 698 3533 848 3594; x_wconf 61' lang='lat' dir='ltr'>umbram</span> <span class='ocrx_word' id='word_1_310' title='bbox 862 3543 973 3593; x_wconf 86' lang='lat' dir='ltr'>etcum</span> <span class='ocrx_word' id='word_1_311' title='bbox 987 3532 1091 3593; x_wconf 84' lang='lat' dir='ltr'>ceteris</span> <span class='ocrx_word' id='word_1_312' title='bbox 1108 3531 1250 3600; x_wconf 75' lang='lat' dir='ltr'>libertatis</span> 
     </span>
     <span class='ocr_line' id='line_1_36' title="bbox 148 3621 1250 3706; baseline 0 -21"><span class='ocrx_word' id='word_1_313' title='bbox 148 3625 343 3685; x_wconf 83' lang='lat' dir='ltr'>assertoribus</span> <span class='ocrx_word' id='word_1_314' title='bbox 362 3626 521 3706; x_wconf 58' lang='lat' dir='ltr'>conpacti,</span> <span class='ocrx_word' id='word_1_315' title='bbox 534 3643 688 3689; x_wconf 82' lang='lat' dir='ltr'>commune</span> <span class='ocrx_word' id='word_1_316' title='bbox 698 3630 818 3700; x_wconf 89' lang='lat' dir='ltr'>bonum,</span> <span class='ocrx_word' id='word_1_317' title='bbox 833 3628 1008 3699; x_wconf 85' lang='lat' dir='ltr'>libertatem,</span> <span class='ocrx_word' id='word_1_318' title='bbox 1022 3624 1126 3685; x_wconf 81' lang='lat' dir='ltr'>ceteris</span> <span class='ocrx_word' id='word_1_319' title='bbox 1136 3621 1250 3685; x_wconf 80' lang='lat' dir='ltr'>Grecis</span> 
     </span>
    </p>
   </div>
   <div class='ocr_carea' id='block_1_7' title="bbox 52 3718 1251 3794">
    <p class='ocr_par' dir='ltr' id='par_1_9' title="bbox 52 3718 1251 3794">
     <span class='ocr_line' id='line_1_37' title="bbox 52 3718 1251 3794; baseline -0.003 -16"><span class='ocrx_word' id='word_1_320' title='bbox 52 3718 59 3727; x_wconf 87' lang='lat'>&#39;</span> <span class='ocrx_word' id='word_1_321' title='bbox 147 3718 350 3779; x_wconf 79' lang='lat' dir='ltr'>restituerunt</span> <span class='ocrx_word' id='word_1_322' title='bbox 405 3718 545 3779; x_wconf 80' lang='lat' dir='ltr'>Ceterum</span> <span class='ocrx_word' id='word_1_323' title='bbox 567 3720 741 3794; x_wconf 81' lang='lat' dir='ltr'>Pausanias,</span> <span class='ocrx_word' id='word_1_324' title='bbox 763 3740 815 3780; x_wconf 85' lang='lat' dir='ltr'>rex</span> <span class='ocrx_word' id='word_1_325' title='bbox 844 3718 1144 3789; x_wconf 82' lang='lat' dir='ltr'>Lacedaemoniorum,</span> <span class='ocrx_word' id='word_1_326' title='bbox 1166 3718 1251 3778; x_wconf 81' lang='lat' dir='ltr'>robis</span> 
     </span>
    </p>
   </div>
   <div class='ocr_carea' id='block_1_8' title="bbox 145 3810 1254 4523">
    <p class='ocr_par' dir='ltr' id='par_1_10' title="bbox 145 3810 1254 4523">
     <span class='ocr_line' id='line_1_38' title="bbox 145 3810 1251 3892; baseline 0.002 -23"><span class='ocrx_word' id='word_1_327' title='bbox 145 3811 396 3891; x_wconf 81' lang='lat' dir='ltr'>insultssecrspit,</span> <span class='ocrx_word' id='word_1_328' title='bbox 410 3830 471 3871; x_wconf 82' lang='lat' dir='ltr'>uon</span> <span class='ocrx_word' id='word_1_329' title='bbox 480 3821 638 3875; x_wconf 72' lang='lat' dir='ltr'>conantur</span> <span class='ocrx_word' id='word_1_330' title='bbox 651 3814 773 3892; x_wconf 85' lang='lat' dir='ltr'>imperio</span> <span class='ocrx_word' id='word_1_331' title='bbox 783 3811 854 3873; x_wconf 87' lang='lat' dir='ltr'>solis</span> <span class='ocrx_word' id='word_1_332' title='bbox 865 3811 1094 3873; x_wconf 78' lang='lat' dir='ltr'>Lacedaemoniis</span> <span class='ocrx_word' id='word_1_333' title='bbox 1106 3810 1251 3871; x_wconf 67' lang='lat' dir='ltr'>surano</span> 
     </span>
     <span class='ocr_line' id='line_1_39' title="bbox 147 3900 1251 3987; baseline -0.001 -22"><span class='ocrx_word' id='word_1_334' title='bbox 147 3904 268 3966; x_wconf 80' lang='lat' dir='ltr'>delato:</span> <span class='ocrx_word' id='word_1_335' title='bbox 290 3914 321 3967; x_wconf 87' lang='lat' dir='ltr'>et</span> <span class='ocrx_word' id='word_1_336' title='bbox 333 3917 434 3967; x_wconf 75' lang='lat' dir='ltr'>noma</span> <span class='ocrx_word' id='word_1_337' title='bbox 448 3908 536 3980; x_wconf 80' lang='lat' dir='ltr'>urbs,</span> <span class='ocrx_word' id='word_1_338' title='bbox 548 3926 714 3987; x_wconf 85' lang='lat' dir='ltr'>quenquam</span> <span class='ocrx_word' id='word_1_339' title='bbox 728 3906 841 3967; x_wconf 78' lang='lat' dir='ltr'>Grtecis</span> <span class='ocrx_word' id='word_1_340' title='bbox 859 3926 959 3967; x_wconf 79' lang='lat' dir='ltr'>resera</span> <span class='ocrx_word' id='word_1_341' title='bbox 972 3900 1196 3967; x_wconf 74' lang='lat' dir='ltr'>dunecanum</span> <span class='ocrx_word' id='word_1_342' title='bbox 1214 3902 1251 3965; x_wconf 70' lang='lat' dir='ltr'>lle</span> 
     </span>
     <span class='ocr_line' id='line_1_40' title="bbox 145 3998 1249 4072; baseline -0.002 -13"><span class='ocrx_word' id='word_1_343' title='bbox 145 4000 273 4059; x_wconf 77' lang='lat' dir='ltr'>heristis</span> <span class='ocrx_word' id='word_1_344' title='bbox 284 3998 392 4072; x_wconf 83' lang='lat' dir='ltr'>fueret,</span> <span class='ocrx_word' id='word_1_345' title='bbox 405 4010 504 4060; x_wconf 65' lang='lat' dir='ltr'>umen</span> <span class='ocrx_word' id='word_1_346' title='bbox 518 3999 622 4059; x_wconf 92' lang='lat' dir='ltr'>honori</span> <span class='ocrx_word' id='word_1_347' title='bbox 641 3999 927 4060; x_wconf 84' lang='lat' dir='ltr'>Laoedaemoniorum</span> <span class='ocrx_word' id='word_1_348' title='bbox 947 4020 1007 4059; x_wconf 89' lang='lat' dir='ltr'>non</span> <span class='ocrx_word' id='word_1_349' title='bbox 1020 4000 1249 4071; x_wconf 66' lang='lat' dir='ltr'>adversatam,</span> 
     </span>
     <span class='ocr_line' id='line_1_41' title="bbox 145 4088 1252 4172; baseline 0.001 -23"><span class='ocrx_word' id='word_1_350' title='bbox 145 4100 185 4151; x_wconf 82' lang='lat' dir='ltr'>st</span> <span class='ocrx_word' id='word_1_351' title='bbox 204 4110 241 4151; x_wconf 90' lang='lat' dir='ltr'>ne</span> <span class='ocrx_word' id='word_1_352' title='bbox 256 4091 294 4150; x_wconf 84' lang='lat' dir='ltr'>in</span> <span class='ocrx_word' id='word_1_353' title='bbox 314 4092 458 4152; x_wconf 80' lang='lat' dir='ltr'>sociorms</span> <span class='ocrx_word' id='word_1_354' title='bbox 480 4093 620 4153; x_wconf 80' lang='lat' dir='ltr'>iuvidiam</span> <span class='ocrx_word' id='word_1_355' title='bbox 643 4093 816 4153; x_wconf 87' lang='lat' dir='ltr'>incurreret.</span> <span class='ocrx_word' id='word_1_356' title='bbox 858 4092 897 4152; x_wconf 90' lang='lat' dir='ltr'>lis</span> <span class='ocrx_word' id='word_1_357' title='bbox 916 4093 1004 4172; x_wconf 81' lang='lat' dir='ltr'>igitur</span> <span class='ocrx_word' id='word_1_358' title='bbox 1016 4093 1112 4152; x_wconf 43' lang='lat' dir='ltr'>*rebus</span> <span class='ocrx_word' id='word_1_359' title='bbox 1130 4088 1252 4150; x_wconf 79' lang='lat' dir='ltr'>inustus</span> 
     </span>
     <span class='ocr_line' id='line_1_42' title="bbox 146 4182 1251 4266; baseline -0.005 -21"><span class='ocrx_word' id='word_1_360' title='bbox 146 4184 325 4257; x_wconf 81' lang='lat' dir='ltr'>Pausanias,</span> <span class='ocrx_word' id='word_1_361' title='bbox 338 4186 390 4244; x_wconf 85' lang='lat' dir='ltr'>ro&#39;rr</span> <span class='ocrx_word' id='word_1_362' title='bbox 404 4185 701 4262; x_wconf 70' lang='lat' dir='ltr'>Lacedmmuniornm,</span> <span class='ocrx_word' id='word_1_363' title='bbox 717 4184 861 4266; x_wconf 87' lang='lat' dir='ltr'>Delphico</span> <span class='ocrx_word' id='word_1_364' title='bbox 875 4186 982 4266; x_wconf 88' lang='lat' dir='ltr'>tripodi</span> <span class='ocrx_word' id='word_1_365' title='bbox 994 4182 1152 4263; x_wconf 88' lang='lat' dir='ltr'>inscripsit,</span> <span class='ocrx_word' id='word_1_366' title='bbox 1162 4190 1251 4260; x_wconf 71' lang='lat' dir='ltr'>quedl</span> 
     </span>
     <span class='ocr_line' id='line_1_43' title="bbox 149 4268 1253 4359; baseline -0.003 -24"><span class='ocrx_word' id='word_1_367' title='bbox 149 4276 263 4351; x_wconf 74' lang='lat' dir='ltr'>Grani,</span> <span class='ocrx_word' id='word_1_368' title='bbox 279 4277 330 4355; x_wconf 92' lang='lat' dir='ltr'>qui</span> <span class='ocrx_word' id='word_1_369' title='bbox 353 4278 391 4337; x_wconf 82' lang='lat' dir='ltr'>sd</span> <span class='ocrx_word' id='word_1_370' title='bbox 407 4278 535 4338; x_wconf 84' lang='lat' dir='ltr'>Plataeas</span> <span class='ocrx_word' id='word_1_371' title='bbox 548 4279 762 4359; x_wconf 81' lang='lat' dir='ltr'>depugnarent,</span> <span class='ocrx_word' id='word_1_372' title='bbox 776 4289 807 4338; x_wconf 93' lang='lat' dir='ltr'>et</span> <span class='ocrx_word' id='word_1_373' title='bbox 823 4280 928 4339; x_wconf 78' lang='lat' dir='ltr'>navale</span> <span class='ocrx_word' id='word_1_374' title='bbox 949 4280 987 4339; x_wconf 87' lang='lat' dir='ltr'>sd</span> <span class='ocrx_word' id='word_1_375' title='bbox 1011 4268 1161 4337; x_wconf 68' lang='lat' dir='ltr'>S&#39;alamino</span> <span class='ocrx_word' id='word_1_376' title='bbox 1176 4281 1253 4355; x_wconf 67' lang='lat' dir='ltr'>praes</span> 
     </span>
     <span class='ocr_line' id='line_1_44' title="bbox 147 4367 1254 4450; baseline 0.003 -22"><span class='ocrx_word' id='word_1_377' title='bbox 147 4369 226 4429; x_wconf 72' lang='lat' dir='ltr'>lium</span> <span class='ocrx_word' id='word_1_378' title='bbox 248 4370 413 4444; x_wconf 76' lang='lat' dir='ltr'>conjunctis</span> <span class='ocrx_word' id='word_1_379' title='bbox 425 4370 535 4431; x_wconf 81' lang='lat' dir='ltr'>viribus</span> <span class='ocrx_word' id='word_1_380' title='bbox 556 4372 773 4450; x_wconf 82' lang='lat' dir='ltr'>commiserant,</span> <span class='ocrx_word' id='word_1_381' title='bbox 788 4371 962 4450; x_wconf 83' lang='lat' dir='ltr'>Apolliniin</span> <span class='ocrx_word' id='word_1_382' title='bbox 977 4367 1144 4431; x_wconf 78' lang='lat' dir='ltr'>Barbaiieoe</span> <span class='ocrx_word' id='word_1_383' title='bbox 1160 4368 1254 4431; x_wconf 59' lang='lat' dir='ltr'>victos</span> 
     </span>
     <span class='ocr_line' id='line_1_45' title="bbox 146 4460 629 4523; baseline 0.002 -2"><span class='ocrx_word' id='word_1_384' title='bbox 146 4460 425 4523; x_wconf 74' lang='lat' dir='ltr'>rimmoaimtum</span> <span class='ocrx_word' id='word_1_385' title='bbox 438 4462 629 4523; x_wconf 85' lang='lat' dir='ltr'>dedicarunt:</span> 
     </span>
    </p>
   </div>
   <div class='ocr_carea' id='block_1_9' title="bbox 0 0 1495 4950">
    <p class='ocr_par' dir='ltr' id='par_1_11' title="bbox 0 0 1495 4950">
     <span class='ocr_line' id='line_1_46' title="bbox 0 0 1495 4950; baseline 0 0"><span class='ocrx_word' id='word_1_386' title='bbox 0 0 1495 4950; x_wconf 95' lang='lat' dir='ltr'> </span> 
     </span>
    </p>
   </div>
  </div>
 </body>
</html>
