2967 4950
127 688 442 803 succursurum
467 695 783 851 Offlssiss'gffffi
791 697 1049 761 sucessuum
1069 666 1230 763 resrnnr

167 954 203 1002 Its
214 955 260 1002 bno
270 953 372 1004 untione
384 960 409 1002 st
418 956 522 1017 qutedsm
539 972 553 1004 e
566 956 727 1019 superioribus
744 938 833 1007 irmius
843 960 986 1017 muniuntur,
997 966 1021 1007 et
1031 958 1078 1008 siis
1093 975 1154 1008 nors
1168 958 1230 1007 inse·

17 1084 18 1089 ,
126 1037 233 1087 untur,
244 1038 276 1089 ut,
287 1046 314 1081 ur
326 1038 350 1080 et
364 1038 526 1081 testonestsm
535 1032 569 1083 sit
579 1040 659 1083 ooutrs
668 1034 732 1097 lepos
743 1034 844 1083 tumn?

461 1300 900 1329 m

363 1452 365 1459 ¹
407 1510 956 1605 Demosnunttrs

321 1696 785 1831 insensu-ANUM
819 1694 1046 1835 restem

446 1968 628 2035 onusto
657 1916 894 2036 succum.

174 2146 201 2203 l.
223 2144 295 2205 Nou
309 2142 475 2207 defuturam
487 2165 554 2207 esse
568 2145 718 2226 Stephano
731 2144 929 2209 defensionem
943 2147 982 2207 de
996 2146 1174 2221 testimonio,
1188 2168 1224 2211 sc

122 2238 191 2297 iore
204 2246 239 2296 ut
250 2230 345 2297 ¹verbis
358 2256 412 2299 vos
426 2238 667 2310 circumduceret,
680 2258 713 2297 se
726 2257 787 2297 non
797 2238 936 2299 omniain
945 2239 1055 2302 tubelle
1065 2241 1224 2320 perscripta

124 2329 239 2391 dixisse
253 2328 419 2401 asserendo,
438 2348 548 2409 rosque
560 2328 752 2409 decipiendo,
765 2339 796 2390 et
813 2331 875 2410 ipse
894 2332 956 2393 fere
967 2334 1159 2413 .euspiceber,·
1169 2334 1223 2394 Jn·

122 2420 222 2482 dices.
252 2421 330 2482 Nem
353 2431 383 2484 et
405 2422 485 2482 refer
506 2424 562 2495 est,
576 2422 674 2501 etqui
697 2421 865 2483 Phormioni
887 2424 1009 2506 scriptos
1029 2426 1225 2488 orstioneset

121 2514 252 2574 consilia
275 2509 532 2595 rug'gersut'muiti
553 2523 639 2574 sunt:
659 2513 855 2574 simuletiem
867 2517 1019 2595 probabile
1041 2528 1154 2581 esteos
1170 2519 1225 2598 ,qni

121 2603 245 2666 *mentiri
258 2623 311 2686 pro
332 2605 499 2668 testimonio
512 2601 676 2677 instituent,
691 2606 779 2666 etiem
792 2607 1009 2668 mendaciorum
1021 2608 1223 2688 defensionem
1240 2648 1245 2657 ›

122 2697 228 2758 stetim
242 2698 384 2759 meditari.
628 2713 630 2718 ’
684 2749 686 2756 .

159 2786 197 2851 ’2.
219 2791 309 2860 Quod
332 2801 430 2853 sutem
451 2793 481 2852 in
504 2802 565 2854 tom
587 2791 701 2872 prolixe
717 2792 849 2871 cretione
866 2813 1017 2872 nusquam,
1030 2794 1112 2878 vobis
1133 2805 1223 2860 testes

122 2879 321 2966 produxit,⁵se
342 2884 463 2964 usquam
478 2884 573 2965 ipsum
595 2883 714 2945 affuisse
738 2885 813 2965 petri
831 2906 897 2946 meo
911 2885 943 2946 id
957 2895 1164 2953 testamentum
1177 2890 1222 2950 ie-

122 2975 226 3050 cienti,
240 2988 274 3037 ut
286 2977 360 3038 scire
372 2965 475 3058 posset
487 2977 650 3058 exemplum
662 2978 725 3058 ejus
739 2977 905 3056 testamenti
919 2978 949 3038 id
959 2968 1037 3050 esse,
1049 2980 1128 3058 quod
1137 2990 1222 3060 puter

123 3087 215 3128 meus
235 3069 342 3140 iecerit,
361 3082 413 3131 eut
435 3080 551 3150 apertas
575 3068 683 3129 vidisse
702 3069 829 3151 tabulas,
851 3090 924 3150 quus
943 3080 1032 3150 peter
1052 3091 1106 3150 pro
1128 3081 1219 3136 teste·

123 3169 230 3222 mento
242 3160 399 3248 reliquerit,
413 3162 479 3224 haeo
491 3180 591 3242 queeeo
604 3180 657 3222 vos
680 3171 712 3220 ut
731 3181 791 3222 uns
804 3181 920 3222 mecum
940 3163 1086 3223 memorie
1099 3163 1220 3225 mende-

123 3253 175 3315 tis.
208 3253 315 3314 Verum
326 3254 444 3334 quando
454 3263 580 3314 testatus
589 3264 644 3326 est,
655 3253 824 3333 exemplum
835 3273 900 3315 esse
914 3255 1079 3316 testamenti
1087 3254 1221 3320 Pssionis

122 3366 159 3407 en
173 3341 241 3427 quoe
258 3339 365 3406 tabulis
389 3342 528 3428 inscripta
547 3346 663 3418 inerint,
678 3363 744 3406 cum
755 3346 921 3407 ostendere
935 3366 995 3407 non
1008 3347 1102 3426 possit
1117 3349 1163 3409 vel
1175 3359 1220 3410 te·
1323 3372 1325 3375 ·

121 3449 300 3501 strumentum
314 3439 418 3501 iecisse
432 3451 542 3519 petrem
556 3441 696 3513 nostrum,
711 3439 758 3500 vel
779 3459 812 3500 se
829 3440 994 3501 interfuisse
1010 3449 1218 3504 testamentum
1303 3474 1307 3486 ·

119 3533 249 3594 iaciente
265 3529 347 3613 petre
361 3530 522 3608 retudisse,
536 3533 1023 3614 nonnexaperteconvincitust‘nlsi
1037 3534 1218 3600 testimonii?

161 3611 192 3686 3'.
215 3625 351 3695 Quodsi
372 3625 607 3707 provocationem
626 3643 696 3686 esse
718 3624 800 3700 dicit,
823 3646 883 3686 non
904 3625 1114 3699 testimonium,
1135 3627 1218 3690 hond

119 3737 191 3779 vera
203 3718 364 3798 predicar:
383 3719 522 3798 quicquid
535 3717 614 3777 enim'
631 3717 660 3776 in
678 3715 822 3798 judicium
842 3717 969 3785 afferunt
981 3717 1134 3781 inmutue
1151 3739 1219 3800 pro·

118 3807 272 3886 rocstio'ne
285 3811 451 3885 adversarii,
465 3831 517 3891 per
536 3809 733 3873 testimonium
747 3809 881 3872 efferunt.
923 3810 1124 3889 Nequesenim
1134 3813 1217 3877 vobis

118 3903 231 3984 liquere
251 3901 363 3984 posset,
375 3922 483 3965 verane
497 3912 596 3963 essent
617 3921 656 3962 en
675 3903 761 3976 isles,
780 3923 847 3982 quse
866 3903 992 3983 utrique.
1005 3903 1145 3978 dicerent,
1160 3905 1217 3981 nisi

118 3991 289 4075 quis'e‘tiam
302 4005 393 4056 testes
406 3995 572 4056 adhiberet:
593 3995 628 4055 iis
643 3995 870 4068 veroadhibitis,
884 3994 942 4056 iliis
953 3988 1107 4059 eredentes
1120 3997 1216 4075 utqui

120 4087 279 4150 reddendis
292 4085 451 4150 rationibus
465 4087 582 4149 obnoxii
598 4087 666 4160 sint,
678 4097 740 4148 tum
754 4108 791 4148 ex
802 4088 961 4168 hiscumn
972 4089 1028 4150 reie
1041 4099 1103 4150 tum
1117 4109 1160 4153 ex.
1168 4088 1215 4149 his

120 4179 188 4260 quse
202 4179 356 4242 atestibue
378 4180 522 4254 dicuntur,
535 4199 571 4240 ea
580 4179 714 4240 statuitis
734 4190 765 4240 et
777 4179 933 4242 decernitis
951 4200 1018 4261 quoe
1031 4180 1114 4247 robis
1133 4179 1215 4259 justu
1378 4266 1383 4274 Ι

120 4291 189 4333 esse
202 4272 365 4338 videantur.
768 4323 771 4328 .
933 4329 936 4333 .
995 4327 1001 4337 .

159 4368 190 4426 4.
208 4365 401 4446 Argumentis
414 4373 511 4426 sutem
525 4364 678 4431 ostenden
693 4374 725 4426 et
736 4364 932 4436 testimonium
944 4385 1020 4439 esse,
1033 4379 1213 4446 nort-provo·¹

116 4456 274 4532 cntionem,
287 4468 318 4518 et
337 4457 582 4538 quemadmodum
601 4457 779 4539 oportuisset
792 4455 953 4532 testificari,
966 4457 991 4518 si
1008 4457 1089 4521 facts
1110 4457 1216 4524 inisset

638 4553 658 4609 4
670 4568 692 4611 o
