2967 4950
256 321 295 379 ss
443 301 447 309 '
618 282 1034 378 tu'crssmuournm.

255 472 486 552 Amphictyonas
498 483 615 532 coortus
631 484 686 543 est,
695 472 860 551 nequejom
875 471 912 531 de
926 471 1046 552 ciypeis‚
1058 485 1131 550 quos
1142 461 1353 544 dicaveremus,
1375 462 1382 482 i

258 564 312 624 sed
327 564 369 623 de
381 564 480 642 poenis
498 564 535 624 ab
555 564 816 643 Amphissensibus
837 563 989 623 sumendis
1006 565 1157 642 agebatur.
1199 563 1258 622 Die
1271 563 1356 642 igitur

252 657 315 736 jam
328 668 477 735 provecte,
491 674 589 736 praeco
609 657 773 736 procedens
795 656 954 724 nunciavit,
976 666 1010 714 ut
1030 665 1174 735 quotquot
1194 675 1210 714 e
1233 653 1356 735 Delphis

250 750 373 810 ‘biennio
397 751 593 829 pubertatem'
605 759 805 827 superassent,
819 758 881 808 tum
897 749 972 808 servi
993 759 1056 806 tum
1076 745 1175 820 liberi,
1190 749 1288 807 stetim
1309 749 1358 808 ubi

256 836 407 915 diluxeiit,
421 861 487 901 cum
507 842 631 902 falcibus
653 851 684 901 ct
703 841 851 920 ligonibus
872 841 911 900 ed
931 841 1077 920 Thyteum
1099 853 1185 922 quem
1209 841 1360 920 appellant

250 937 353 996 ‘iocum
377 935 575 995 convenirent.
603 935 713 994 lterum
728 935 805 994 idem
827 953 924 1014 praeco
938 934 1039 1006 edixit,
1054 943 1087 992 ut
1106 929 1358 994 hieromnemones

258 1036 288 1088 et
306 1027 463 1107 Pylsgome
477 1027 583 1087 eodem
596 1027 728 1088 venirent
747 1027 803 1086 deo
824 1037 853 1085 et
874 1037 958 1086 terroe
979 1044 1071 1086 secrse
1093 1025 1235 1084 auxilium
1256 1025 1359 1085 laturi:

183 1126 188 1137 “
256 1119 282 1178 si
296 1139 355 1198 qus
375 1138 444 1179 vero
458 1119 561 1179 civitas
580 1139 639 1179 non
662 1119 788 1189 affuerit,
806 1119 916 1196 templo
937 1127 1093 1188 arceretur,
1119 1118 1266 1178 scelerata
1285 1120 1360 1178 soret

257 1207 289 1270 e't
302 1213 496 1272 exsecrationi
508 1212 644 1272 obnoxie.
682 1211 828 1271 Postridie
842 1228 927 1271 mene
942 1211 971 1270 in
991 1212 1162 1289 predictum
1176 1212 1277 1270 locum
1292 1231 1359 1270 con·

183 1329 191 1342 1
257 1305 401 1377 venimus,
415 1305 445 1364 in
460 1324 597 1384 campum
613 1303 775 1364 Cirrhmum
791 1303 1011 1375 descendimus,
1024 1315 1054 1362 et
1068 1302 1176 1362 effosso
1190 1313 1276 1382 portu
1289 1303 1358 1362 aedi-

252 1395 390 1475 'ficiisque
410 1397 540 1457 incensis
553 1397 702 1455 rediimus.
737 1397 853 1455 Interea
874 1396 945 1454 dum
964 1395 1029 1454 hsec
1044 1395 1169 1474 agimus,
1193 1396 1278 1455 Locri
1294 1397 1360 1454 Am-

257 1490 438 1567 phisseuscs,
454 1490 504 1569 qui
530 1509 581 1548 ns.
595 1490 709 1549 circiter
722 1477 818 1549 stedia
840 1508 857 1548 e
879 1487 1003 1566 Delphis
1024 1488 1185 1558 distabant,
1208 1489 1313 1548 armati
1331 1490 1360 1548 in

183 1580 185 1583 ’
259 1601 314 1640 nos
328 1583 467 1660 impetum
482 1580 616 1640 iecerunt
630 1581 770 1653 universi,
784 1589 816 1640 et
826 1581 883 1640 nisi
896 1577 926 1638 in'
938 1580 1028 1658 pedes
1043 1581 1169 1658 conjecti
1183 1581 1231 1640 uix
1242 1581 1361 1640 tandem

259 1673 395 1750 Delphos
405 1673 651 1750 pervenissemus,
661 1671 825 1750 periculum
836 1681 915 1731 certe
929 1672 983 1730 tuit
998 1691 1034 1731 ne
1044 1670 1177 1732 fonditus
1193 1673 1362 1750 periremus.

262 1763 319 1823 Die
332 1765 463 1844 proximo
489 1765 667 1845 Cottyphus,
681 1766 731 1844 qui
747 1764 907 1824 sententies
921 1763 1066 1843 suffragiis
1082 1765 1279 1843 permittebat,
1294 1785 1363 1824 con·

259 1856 374 1916 cionem
386 1857 489 1917 indicit
499 1858 763 1938 Amphictyonum:
779 1859 948 1917 concionem
960 1868 1057 1916 sutem
1068 1857 1230 1928 nominent,
1244 1859 1363 1936 quando

260 1965 320 2009 non
336 1951 433 2009 solum
448 1951 609 2031 Pylsgores
624 1961 656 2011 ct
676 1951 931 2011 hieromnemones
944 1958 1119 2020 convocent,
1133 1951 1189 2010 sed
1209 1969 1262 2009 eos
1278 1951 1363 2010 etiam

258 2043 417 2124 quiscere
436 2044 523 2102 simul
542 2044 664 2114 faciunt,
685 2043 795 2122 quique
813 2044 965 2102 oraculum
988 2043 1034 2101 dei
1058 2043 1179 2103 adeunt.
1225 2043 1269 2102 Ibi
1298 2063 1364 2103 vero

142 2169 149 2179 =
254 2135 362 2195 multis
375 2136 611 2196 accusationibus
625 2143 769 2214 urgentur
784 2134 1016 2214 Amphissenses,
1031 2136 1133 2216 nostre
1144 2135 1250 2195 civitas
1264 2148 1367 2196 contre

254 2229 378 2306 magnis
393 2228 531 2288 leudibus
544 2239 674 2288 ornetur.
705 2228 814 2288 Totius
836 2237 934 2287 eutem
957 2227 1095 2286 orationis
1117 2225 1166 2286 hio
1188 2228 1286 2288 exitus
1300 2229 1364 2298 fuit,

231 2347 236 2352 ·
255 2321 429 2380 decernitur
445 2326 478 2380 ut
491 2322 744 2381 hieromnemones
767 2329 836 2380 ente
854 2320 1017 2398 proximum
1040 2319 1171 2398 Pylaeum
1189 2325 1365 2380 'consessum

260 2414 426 2475 constituto
442 2425 573 2495 ternpore
587 2415 617 2472 iu
629 2413 720 2494 Pylos
732 2413 855 2483 coirent,
869 2430 986 2490 unaque
1001 2412 1150 2471 decretum
1166 2411 1317 2485 efferrent,
1331 2433 1366 2472 ex

175 2557 180 2567 .
261 2523 322 2585 quo
335 2518 435 2571 essent
455 2508 682 2588 Amphissenses
698 2507 842 2567 scelerum
858 2522 979 2567 suorum
1000 2505 1030 2563 tn
1050 2504 1138 2563 deum
1159 2504 1248 2585 inque
1262 2516 1367 2565 terrem

259 2612 376 2662 sacrem
389 2614 421 2663 et
441 2604 673 2683 Amphictyones
695 2617 797 2681 poenes
819 2601 926 2660 deturi.
963 2600 1004 2659 Ut
1023 2602 1124 2658 eutem
1144 2615 1275 2660 terame
1289 2601 1367 2679 loqui

261 2696 455 2773 pernoscatis,
469 2698 620 2756 decretum
634 2696 729 2776 ipsum
745 2694 829 2753 vobis
844 2694 940 2753 scribe
953 2686 1097 2753 recitabit.

693 2893 940 2959 DECRETUM.

262 3055 266 3059 ·
304 3041 355 3097 40.
377 3038 447 3098 Hoc
459 3039 549 3116 igitur
562 3038 684 3097 decreto
704 3039 820 3098 euobis
833 3049 896 3099 tum
910 3039 939 3097 in
955 3050 1059 3099 senetu
1073 3038 1251 3113 renuntiem,
1264 3051 1330 3101 tum
1341 3044 1369 3102 in

164 3166 168 3173 =
261 3132 407 3195 concione
422 3131 460 3191 sd
474 3131 614 3210 populum
634 3126 761 3209 proisto,
775 3142 806 3192 ct
825 3132 991 3193 actionibus
1012 3133 1119 3193 nostris
1133 3134 1278 3213 spopulo
1292 3154 1370 3195 com-

263 3224 407 3304 probetis,
417 3233 450 3283 et
462 3222 598 3283 universe
610 3223 731 3284 civitate
744 3224 782 3283 sd
794 3224 926 3283 studium
940 3224 1055 3303 pietatis
1069 3225 1206 3298 sscitete,
1227 3236 1297 3285 com
1311 3226 1370 3290 De-

259 3317 436 3377 mosthen'es
451 3328 572 3397 propter
586 3316 729 3376 mercedis
744 3318 932 3396 sponsionem
947 3318 1025 3377 illem·
1041 3318 1288 3395 Amphissensem
1303 3339 1370 3379 con·

262 3410 434 3479 sufficeret,
452 3417 534 3468 ‘eme
547 3423 617 3469 uero
638 3428 741 3468 corem
754 3410 837 3468 vobis
860 3408 1014 3473 manifeste
1030 3420 1254 3489 coargueretur,
1276 3430 1371 3490 neque

260 3504 326 3583 jem
340 3514 442 3581 posset
462 3504 550 3562 homo
563 3505 593 3562 in
606 3504 764 3583 propatulo
779 3504 925 3563 civitatem
941 3505 1085 3583 decipere,
1099 3506 1250 3583 ingressus
1269 3506 1302 3565 in
1324 3526 1374 3565 cu-

265 3595 340 3654 rism
353 3605 385 3655 et
405 3597 557 3654 summotis
572 3597 691 3673 privetis
704 3591 935 3675 pseecousuitum
959 3608 1080 3655 senatus
1100 3598 1273 3656 scribendum
1295 3608 1377 3657 curet

266 3698 300 3748 et
311 3688 341 3747 in
353 3688 526 3772 concionem
540 3688 645 3761 defert,
670 3690 732 3769 ejus
751 3690 800 3768 qui
816 3691 975 3769 scripserat
995 3690 1138 3769 imperitis
1157 3692 1289 3751 abusus}
1313 3712 1377 3771 pcr-

264 3779 338 3843 iecit
351 3801 448 3860 porro,
462 3791 497 3840 nt
518 3782 576 3841 hoc
594 3783 692 3861 ipsum
716 3783 828 3843 sotum
849 3782 883 3841 in
893 3784 1034 3843 concione
1055 3782 1201 3862 suffragiis
1223 3786 1379 3863 permitte·

194 3906 202 3923 ·
262 3883 349 3934 estur
362 3885 451 3951 utque
462 3892 483 3933 s
496 3875 607 3953 populo
621 3876 807 3947 scisceretnr,
820 3895 888 3934 cum
901 3876 1075 3945 surrexisset
1091 3877 1155 3955 jem
1171 3876 1287 3946 concio,
1304 3897 1378 3955 ego·

262 3988 324 4047 que
334 3966 674 4047 discessissem-»neque
684 3968 762 4027 enim
771 3986 901 4047 uuquam
911 3988 1017 4047 pessus
1029 3986 1175 4040 essem··,
1183 3968 1379 4029 multitudine

264 4058 534 4138 deniquedimissa;
551 4060 637 4140 cujus
645 4062 762 4139 quidem
771 4060 840 4120 sciti
850 4070 940 4139 ceput
949 4060 1005 4121 hoc
1017 4060 1086 4121 fuit:
1100 4061 1381 4125 hieromnemon

263 4152 689 4231 toqunstheniensium
715 4153 990 4237 sthylsgoree
1015 4164 1213 4233 ¹quotquot
1248 4154 1287 4213 in
1316 4140 1392 4235 pos

267 4254 425 4303 sterum
449 4246 580 4304 futuri
605 4256 700 4305 sunt
725 4248 772 4305 ed
801 4246 920 4326 Pyles
944 4256 981 4305 ct
1011 4246 1195 4326 Delphos
1223 4250 1382 4325 proiici-

265 4346 440 4398 ‚scottus
461 4337 514 4397 iis
541 4339 787 4418 temporibus
814 4358 895 4417 quoe
919 4360 938 4401 s
965 4340 1190 4420 majoribus
1217 4342 1383 4403 nostris

264 4430 493 4491 constitute
514 4442 617 4506 sunt,
643 4432 731 4493 verbo
753 4433 873 4513 quidem
893 4434 1027 4509 honesto,
1046 4434 1221 4528 rertmpiter
1236 4446 1270 4497 et
1293 4436 1384 4516 flegi-
